<html lang="en"><head><style id="ds-css-@sainsburys-tech/fable-3.53.0-select" type="text/css">.ds-c-select{color:var(--ds-color-palette-black,#000);display:flex;flex-direction:column;font-family:var(--ds-font-family-brand,"Roboto",Arial,Helvetica,sans-serif);font-size:var(--ds-font-size-label-2,1.125rem);font-weight:var(--ds-font-stack-label-2-font-weight,700);line-height:var(--ds-font-stack-label-2-line-height,1.5);padding:var(--ds-size-space-0,0);width:100%}.ds-c-select--label{color:var(--ds-color-alias-form-label-default);margin-bottom:var(--ds-size-spacing-md,8px)}.ds-c-select--required .ds-c-select--label span{color:var(--ds-color-palette-red,#d50000)}.ds-c-select .ds-c-select__select{-webkit-appearance:none;-moz-appearance:none;appearance:none;background-color:transparent;background-image:url('data:image/svg+xml;utf8,<svg role="img" viewBox="0 0 24 24" xmlns="http://www.w3.org/2000/svg"><title>Arrow down</title><path d="M12,14.5857864 L5.70710678,8.29289322 C5.31658249,7.90236893 4.68341751,7.90236893 4.29289322,8.29289322 C3.90236893,8.68341751 3.90236893,9.31658249 4.29289322,9.70710678 L11.2928932,16.7071068 C11.6834175,17.0976311 12.3165825,17.0976311 12.7071068,16.7071068 L19.7071068,9.70710678 C20.0976311,9.31658249 20.0976311,8.68341751 19.7071068,8.29289322 C19.3165825,7.90236893 18.6834175,7.90236893 18.2928932,8.29289322 L12,14.5857864 Z" fill="currentColor" fill-rule="nonzero"/></svg>');background-position-x:calc(100% - var(--ds-size-spacing-xl)/2);background-position-y:calc(var(--ds-size-spacing-xl)/2);background-repeat:no-repeat;background-size:calc(var(--ds-size-spacing-4xl)/2);border-color:var(--ds-color-monochrome-light,#d8d8d8);border-radius:var(--ds-size-border-radius-base,2px);border-style:solid;border-width:var(--ds-size-border-width-sm,1px);cursor:pointer;font-family:var(--ds-font-family-base,"Roboto",Arial,Helvetica,sans-serif);font-size:var(--ds-font-size-body-1,1rem);font-weight:var(--ds-font-stack-body-1-font-weight,400);height:var(--ds-size-spacing-4xl);line-height:var(--ds-font-stack-body-1-line-height,1.5);overflow:hidden;padding:calc(var(--ds-size-spacing-xl)/2);padding-right:var(--ds-size-spacing-4xl);text-overflow:ellipsis}.ds-c-select .ds-c-select__select:disabled,.ds-c-select.ds-c-select__select--disabled .ds-select__select{cursor:not-allowed;opacity:var(--ds-modifier-opacity-50)}.ds-c-select--supporting-text{color:var(--ds-color-monochrome-dark,#404040);font-family:var(--ds-font-family-base,"Roboto",Arial,Helvetica,sans-serif);font-size:var(--ds-font-size-body-1,1rem);font-weight:var(--ds-font-stack-body-1-font-weight,400);line-height:var(--ds-font-stack-body-1-line-height,1.5);margin-bottom:var(--ds-size-spacing-md,8px)}.ds-c-select .ds-c-select__select[data-invalid=true],.ds-c-select.ds-c-select--error .ds-c-select__select{border-color:var(--ds-color-semantic-error-base);box-shadow:inset 0 0 0 var(--ds-size-border-width-sm) var(--ds-color-semantic-error-base)}.ds-c-select.ds-c-select--warning .ds-c-select__select{border-color:var(--ds-color-semantic-warning-base);box-shadow:inset 0 0 0 var(--ds-size-border-width-sm) var(--ds-color-semantic-warning-base)}.ds-c-select .ds-c-select__select:not(:disabled):hover,.ds-c-select .ds-c-select__select[data-invalid=true]:hover,.ds-c-select.ds-c-select--error .ds-c-select__select:hover,.ds-c-select.ds-c-select--warning .ds-c-select__select:hover{outline:transparent;transition:var(--ds-modifier-transition-default);transition-duration:var(--ds-modifier-transition-duration);transition-property:border-color,box-shadow;transition-timing-function:var(--ds-modifier-transition-default)}.ds-c-select .ds-c-select__select[data-invalid=true]:hover,.ds-c-select.ds-c-select--error .ds-c-select__select:hover{border-color:var(--ds-color-semantic-error-darker);box-shadow:inset 0 0 0 var(--ds-size-border-width-sm) var(--ds-color-semantic-error-darker)}.ds-c-select.ds-c-select--warning .ds-c-select__select:hover{border-color:var(--ds-color-semantic-warning-darker);box-shadow:inset 0 0 0 var(--ds-size-border-width-sm) var(--ds-color-semantic-warning-darker)}.ds-c-select.ds-c-select--disabled .ds-c-select__select:disabled{cursor:not-allowed;opacity:var(--ds-modifier-opacity-50)}.ds-c-select:not(.ds-c-select--disabled,.ds-c-select--error,.ds-c-select--warning) .ds-c-select__select:not(:disabled,[data-invalid=true]):hover{border-color:var(--ds-color-palette-black,#000);box-shadow:inset 0 0 0 var(--ds-size-border-width-sm) var(--ds-color-monochrome-black)}.ds-c-select:not(.ds-c-select--disabled) .ds-c-select__select:not(:disabled):focus{border-color:var(--ds-color-palette-brand-1);box-shadow:inset 0 0 0 var(--ds-size-border-width-sm) var(--ds-color-palette-brand-1);outline:transparent;transition-duration:var(--ds-modifier-transition-duration);transition-property:border-color,box-shadow;transition-timing-function:var(--ds-modifier-transition-default)}.ds-c-select .ds-c-select--error-message,.ds-c-select .ds-c-select--success-message,.ds-c-select .ds-c-select--warning-message{align-items:center;color:var(--ds-color-monochrome-darker,#262626);display:flex;margin-top:var(--ds-size-spacing-md,8px);order:1}.ds-c-select--error-message svg,.ds-c-select--success-message svg,.ds-c-select--warning-message svg{display:inline-block;flex-shrink:0;height:var(--ds-size-spacing-xl);margin-right:calc(var(--ds-size-spacing-lg) - var(--ds-size-spacing-sm));vertical-align:middle;width:var(--ds-size-spacing-xl)}.ds-c-select--error-message svg{color:var(--ds-color-semantic-error-base)}.ds-c-select--warning-message svg{color:var(--ds-color-semantic-warning-base)}.ds-c-select--success-message svg{color:var(--ds-color-semantic-success-base)}.ds-c-select--sr-only{clip:rect(0,0,0,0);border-width:0;height:1px;margin:-1px;overflow:hidden;padding:0;position:absolute;white-space:nowrap;width:1px}</style><style id="ds-css-@sainsburys-tech/fable-3.53.0-checkboxgroup" type="text/css">.ds-c-checkbox-group{display:block}.ds-c-checkbox-group--full-width:not(.ds-c-checkbox-group--inline) .ds-c-checkbox{width:100%}.ds-c-checkbox-group--status .ds-c-checkbox-group__wrapper{margin-bottom:var(--ds-size-spacing-md,8px)}.ds-c-checkbox-group--inline:not(.ds-c-checkbox-group--full-width) .ds-c-checkbox-group__wrapper{align-items:center;display:flex;flex-direction:row;flex-wrap:wrap;gap:var(--ds-size-spacing-md)}.ds-c-checkbox-group:not(.ds-c-checkbox-group--inline) .ds-c-checkbox-group__wrapper{display:flex;flex-direction:column;gap:var(--ds-size-spacing-md)}.ds-c-checkbox-group__label{font-family:var(--ds-font-family-brand,"Roboto",Arial,Helvetica,sans-serif);font-size:var(--ds-font-size-label-2,1.125rem);font-weight:var(--ds-font-stack-label-2-font-weight,700);line-height:var(--ds-font-stack-label-2-line-height,1.5);margin-bottom:var(--ds-size-spacing-md,8px)}.ds-c-checkbox-group__label--with-supporting-text{margin-bottom:unset}.ds-c-checkbox-group--required .ds-c-checkbox-group__label span{color:var(--ds-color-alias-alert-primary-error)}.ds-c-checkbox-group__supporting-text{color:var(--ds-color-monochrome-dark,#404040);font-family:var(--ds-font-family-base,"Roboto",Arial,Helvetica,sans-serif);font-size:var(--ds-font-size-body-1,1rem);font-weight:var(--ds-font-stack-body-1-font-weight,400);line-height:var(--ds-font-stack-body-1-line-height,1.5);margin-bottom:var(--ds-size-spacing-md,8px)}.ds-c-checkbox-group--error-message,.ds-c-checkbox-group--warning-message{align-items:center;display:flex;font-family:var(--ds-font-family-base,"Roboto",Arial,Helvetica,sans-serif);font-size:var(--ds-font-size-label-1,1rem);font-weight:var(--ds-font-stack-label-1-font-weight,700);line-height:var(--ds-font-stack-label-1-line-height,1.5)}.ds-c-checkbox-group--error-message svg,.ds-c-checkbox-group--warning-message svg{display:inline-block;flex-shrink:0;height:var(--ds-size-spacing-xl);margin-right:calc(var(--ds-size-spacing-lg) - var(--ds-size-spacing-sm));vertical-align:text-top;width:var(--ds-size-spacing-xl)}.ds-c-checkbox-group--error-message svg{color:var(--ds-color-semantic-error-base)}.ds-c-checkbox-group--warning-message svg{color:var(--ds-color-semantic-warning-base)}.ds-c-checkbox-group--sr-only{clip:rect(0,0,0,0);border-width:0;height:1px;margin:-1px;overflow:hidden;padding:0;position:absolute;white-space:nowrap;width:1px}</style><style id="ds-css-@sainsburys-tech/fable-3.53.0-radiogroup" type="text/css">.ds-c-radio-group{display:block}.ds-c-radio-group--full-width:not(.ds-c-radio-group--inline) .ds-c-radio{width:100%}.ds-c-radio-group--inline:not(.ds-c-radio-group--full-width) .ds-c-radio-group__wrapper{align-items:center;display:flex;flex-direction:row;flex-wrap:wrap}.ds-c-radio-group--outlined .ds-c-radio+.ds-c-radio{margin-top:var(--ds-size-spacing-lg,16px)}.ds-c-radio-group--inline:not(.ds-c-radio-group--full-width) .ds-c-radio-group__wrapper .ds-c-radio{margin-bottom:var(--ds-size-spacing-md,8px)}.ds-c-radio-group--outlined.ds-c-radio-group--inline:not(.ds-c-radio-group--full-width) .ds-c-radio-group__wrapper .ds-c-radio{margin-bottom:var(--ds-size-spacing-lg,16px)}.ds-c-radio-group:not(.ds-c-radio-group--outlined) .ds-c-radio+.ds-c-radio,.ds-c-radio-group:where(.ds-c-radio-group--inline,.ds-c-radio-group--outlined.ds-c-radio-group--inline):not(.ds-c-radio-group--full-width) .ds-c-radio-group__wrapper .ds-c-radio+.ds-c-radio{margin-top:var(--ds-size-space-0,0)}.ds-c-radio-group--inline:not(.ds-c-radio-group--full-width) .ds-c-radio-group__wrapper .ds-c-radio:not(:last-child){margin-right:var(--ds-size-spacing-md,8px)}.ds-c-radio-group--outlined.ds-c-radio-group--inline:not(.ds-c-radio-group--full-width) .ds-c-radio-group__wrapper .ds-c-radio:not(:last-child){margin-right:var(--ds-size-spacing-lg,16px)}.ds-c-radio-group__label{color:var(--ds-color-palette-black,#000);font-family:var(--ds-font-family-brand,"Roboto",Arial,Helvetica,sans-serif);font-size:var(--ds-font-size-label-2,1.125rem);font-weight:var(--ds-font-stack-label-2-font-weight,700);line-height:var(--ds-font-stack-label-2-line-height,1.5);margin-bottom:var(--ds-size-spacing-md,8px)}.ds-c-radio-group--required .ds-c-radio-group__label span{color:var(--ds-color-palette-red,#d50000)}.ds-c-radio-group__supporting-text{color:var(--ds-color-monochrome-dark,#404040);font-family:var(--ds-font-family-base,"Roboto",Arial,Helvetica,sans-serif);font-size:var(--ds-font-size-body-1,1rem);font-weight:var(--ds-font-stack-body-1-font-weight,400);line-height:var(--ds-font-stack-body-1-line-height,1.5);margin-bottom:var(--ds-size-spacing-md,8px)}.ds-c-radio-group__error-message,.ds-c-radio-group__warning-message{align-items:center;color:var(--ds-color-monochrome-darker,#262626);display:flex;font-family:var(--ds-font-family-base,"Roboto",Arial,Helvetica,sans-serif);font-size:var(--ds-font-size-label-1,1rem);font-weight:var(--ds-font-stack-label-1-font-weight,700);line-height:var(--ds-font-stack-label-1-line-height,1.5);margin-top:var(--ds-size-spacing-md,8px)}.ds-c-radio-group__error-message svg,.ds-c-radio-group__warning-message svg{display:inline-block;flex-shrink:0;height:var(--ds-size-spacing-xl);margin-right:calc(var(--ds-size-spacing-lg) - var(--ds-size-spacing-sm));vertical-align:text-top;width:var(--ds-size-spacing-xl)}.ds-c-radio-group__error-message svg{color:var(--ds-color-semantic-error-base)}.ds-c-radio-group__warning-message svg{color:var(--ds-color-semantic-warning-base)}</style><style id="ds-css-@sainsburys-tech/fable-3.53.0-radiobutton" type="text/css">.ds-c-radio{align-items:center;background-color:transparent;border-radius:var(--ds-size-border-radius-base,2px);color:var(--ds-color-alias-form-label-default);cursor:pointer;display:flex;flex-direction:row;font-family:var(--ds-font-family-base,"Roboto",Arial,Helvetica,sans-serif);font-size:var(--ds-font-size-body-1,1rem);font-weight:var(--ds-font-stack-body-1-font-weight,400);line-height:var(--ds-font-stack-body-1-line-height,1.5);outline-color:transparent;outline-style:solid;outline-width:var(--ds-size-border-width-sm);padding:calc(var(--ds-size-spacing-xl)/2);transition:var(--ds-modifier-transition-duration);width:-moz-fit-content;width:fit-content}.ds-c-radio+.ds-c-radio{margin-top:var(--ds-size-spacing-md,8px)}.ds-c-radio.ds-c-radio--outlined{outline-color:var(--ds-color-monochrome-light,#d8d8d8)}.ds-c-radio.ds-c-radio--full-width{width:100%}.ds-c-radio.ds-c-radio--standalone{padding:calc(var(--ds-size-spacing-xl)/2)}.ds-c-radio.ds-c-radio--disabled{color:var(--ds-color-monochrome-light,#d8d8d8);cursor:not-allowed}.ds-c-radio:not(.ds-c-radio--disabled):focus,.ds-c-radio:not(.ds-c-radio--disabled):hover{background-color:var(--ds-color-interaction-secondary-hover);color:var(--ds-color-monochrome-darker,#262626);outline-color:var(--ds-color-alias-form-default-hover-outline);transition-duration:var(--ds-modifier-transition-duration);transition-property:background-color,outline-color;transition-timing-function:var(--ds-modifier-transition-default)}.ds-c-radio.ds-c-radio--error:focus,.ds-c-radio.ds-c-radio--error:hover{background-color:var(--ds-color-interaction-error-hover);outline-color:var(--ds-color-alias-form-error-hover-outline)}.ds-c-radio.ds-c-radio--warning:focus,.ds-c-radio.ds-c-radio--warning:hover{background-color:var(--ds-color-semantic-warning-lighter);outline-color:var(--ds-color-alias-form-warning-hover-outline)}.ds-c-radio.ds-c-radio--outlined:not(.ds-c-radio--disabled):focus,.ds-c-radio.ds-c-radio--outlined:not(.ds-c-radio--disabled):hover{outline-color:var(--ds-color-palette-brand-1);transition:outline-color var(--ds-modifier-transition-duration) var(--ds-modifier-transition-default)}.ds-c-radio.ds-c-radio--outlined.ds-c-radio--error:focus,.ds-c-radio.ds-c-radio--outlined.ds-c-radio--error:hover{background-color:var(--ds-color-interaction-error-hover);outline-color:var(--ds-color-semantic-error-base)}.ds-c-radio.ds-c-radio--outlined.ds-c-radio--warning:focus,.ds-c-radio.ds-c-radio--outlined.ds-c-radio--warning:hover{background-color:var(--ds-color-semantic-warning-lighter);outline-color:var(--ds-color-semantic-warning-base)}.ds-c-radio .ds-c-radio__input{-webkit-appearance:none;-moz-appearance:none;appearance:none;background-color:transparent;border-color:var(--ds-color-monochrome-base,#737373);border-radius:50%;border-style:solid;border-width:var(--ds-size-border-width-sm,1px);cursor:pointer;display:grid;height:var(--ds-size-spacing-xl);margin:var(--ds-size-space-0,0);place-items:center;width:var(--ds-size-spacing-xl)}.ds-c-radio .ds-c-radio__input:checked{border-color:var(--ds-color-palette-brand-1,#1976d2);border-width:var(--ds-size-border-width-md,2px)}.ds-c-radio.ds-c-radio--disabled .ds-c-radio__input{background-color:transparent;border-color:var(--ds-color-monochrome-light,#d8d8d8);cursor:not-allowed}.ds-c-radio.ds-c-radio--error .ds-c-radio__input{background-color:transparent;border-color:var(--ds-color-semantic-error-base)}.ds-c-radio.ds-c-radio--disabled .ds-c-radio__input:checked{border-color:var(--ds-color-alias-form-disabled-selected-background);cursor:not-allowed}.ds-c-radio.ds-c-radio--error .ds-c-radio__input:checked{border-color:var(--ds-color-semantic-error-base)}.ds-c-radio.ds-c-radio--warning .ds-c-radio__input:checked{border-color:var(--ds-color-semantic-warning-base)}.ds-c-radio.ds-c-radio--error:focus .ds-c-radio__input,.ds-c-radio.ds-c-radio--error:hover .ds-c-radio__input{background-color:var(--ds-color-semantic-error-lighter);border-color:var(--ds-color-semantic-error-base);border-width:var(--ds-size-border-width-md,2px);transition:var(--ds-modifier-transition-default)}.ds-c-radio.ds-c-radio--warning:focus .ds-c-radio__input,.ds-c-radio.ds-c-radio--warning:hover .ds-c-radio__input{background-color:var(--ds-color-semantic-warning-lighter);border-color:var(--ds-color-semantic-warning-darker);border-width:var(--ds-size-border-width-md,2px);transition:var(--ds-modifier-transition-default)}.ds-c-radio:not(.ds-c-radio--disabled,.ds-c-radio--error,.ds-c-radio--warning):focus .ds-c-radio__input,.ds-c-radio:not(.ds-c-radio--disabled,.ds-c-radio--error,.ds-c-radio--warning):hover .ds-c-radio__input{background-color:var(--ds-color-palette-brand-1-light,#e8f1fb);border-color:var(--ds-color-monochrome-dark,#404040);border-width:var(--ds-size-border-width-md,2px);transition:var(--ds-modifier-transition-default)}.ds-c-radio:not(.ds-c-radio--disabled):focus .ds-c-radio__input:checked,.ds-c-radio:not(.ds-c-radio--disabled):hover .ds-c-radio__input:checked{background-color:var(--ds-color-palette-brand-1-light,#e8f1fb);border-color:var(--ds-color-palette-brand-1,#1976d2);border-width:var(--ds-size-border-width-md,2px);transition-duration:var(--ds-modifier-transition-duration);transition-property:background-color,border-color;transition-timing-function:var(--ds-modifier-transition-default)}.ds-c-radio.ds-c-radio--error:focus .ds-c-radio__input:checked,.ds-c-radio.ds-c-radio--error:hover .ds-c-radio__input:checked{background-color:var(--ds-color-semantic-error-lighter);border-color:var(--ds-color-semantic-error-base)}.ds-c-radio.ds-c-radio--warning:focus .ds-c-radio__input:checked,.ds-c-radio.ds-c-radio--warning:hover .ds-c-radio__input:checked{background-color:var(--ds-color-semantic-warning-lighter);border-color:var(--ds-color-semantic-warning-base)}.ds-c-radio .ds-c-radio__input:checked:before{background-color:var(--ds-color-palette-brand-1,#1976d2);border-radius:50%;content:"";display:block;height:calc(var(--ds-size-spacing-lg) - var(--ds-size-spacing-xs));transition-duration:var(--ds-modifier-transition-duration);transition-property:background-color,border-color;transition-timing-function:var(--ds-modifier-transition-default);width:calc(var(--ds-size-spacing-lg) - var(--ds-size-spacing-xs))}.ds-c-radio.ds-c-radio--disabled .ds-c-radio__input:checked:before{background-color:var(--ds-color-alias-form-disabled-selected-background);cursor:not-allowed}.ds-c-radio.ds-c-radio--error .ds-c-radio__input:checked:before{background-color:var(--ds-color-semantic-error-base)}.ds-c-radio.ds-c-radio--warning .ds-c-radio__input:checked:before{background-color:var(--ds-color-semantic-warning-base)}.ds-c-radio .ds-c-radio--label{margin-left:var(--ds-size-spacing-lg,16px)}.ds-c-radio--sr-only{clip:rect(0,0,0,0);border-width:0;height:1px;margin:-1px;overflow:hidden;padding:0;position:absolute;white-space:nowrap;width:1px}</style><style id="ds-css-@sainsburys-tech/fable-3.53.0-accordion" type="text/css">.ds-c-accordion{display:flex;flex-direction:column;height:-moz-fit-content;height:fit-content;list-style-type:none;width:100%}.ds-c-accordion-item{border-width:0;border-bottom:var(--ds-size-border-width-sm,1px) var(--ds-color-monochrome-base,#737373);border-style:solid;height:-moz-fit-content;height:fit-content}.ds-c-accordion-item--small{border-style:none;padding-bottom:var(--ds-size-space-0,0)}.ds-c-accordion-item__details{color:var(--ds-color-monochrome-darker,#262626);display:flex;flex-direction:column;font-family:var(--ds-font-family-brand,"Roboto",Arial,Helvetica,sans-serif);font-size:var(--ds-font-size-label-2,1.125rem);font-weight:var(--ds-font-stack-label-2-font-weight,700);line-height:var(--ds-font-stack-label-2-line-height,1.5);list-style-type:none;padding:var(--ds-size-space-0,0);width:100%}.ds-c-accordion-item--small .ds-c-accordion-item__details{box-sizing:border-box;height:-moz-fit-content;height:fit-content;width:100%}.ds-c-accordion-item--footer,.ds-c-accordion-item--open{padding-bottom:var(--ds-size-spacing-lg,16px)}.ds-c-accordion-item--open{border-bottom-color:var(--ds-color-interaction-primary-default);border-width:0;border-bottom-width:var(--ds-size-border-width-md,2px);border-style:solid}.ds-c-accordion-item--open.ds-c-accordion-item--small{border-style:none;padding-bottom:var(--ds-size-space-0,0)}.ds-c-accordion-item__ratings .ds-c-ratings--image__wrapper .ds-c-ratings--body{margin-top:var(--ds-size-space-0,0)}.ds-c-accordion-item__ratings .ds-c-ratings--image__wrapper span{align-items:center;display:flex}.ds-c-accordion-item__details .ds-c-accordion-item__summary{align-items:center;background-color:transparent;cursor:pointer;display:flex;font-family:var(--ds-font-family-brand,"Roboto",Arial,Helvetica,sans-serif);font-size:var(--ds-font-size-label-2,1.125rem);font-weight:var(--ds-font-stack-label-2-font-weight,700);gap:var(--ds-size-spacing-md);height:-moz-fit-content;height:fit-content;justify-content:space-between;line-height:var(--ds-font-stack-label-2-line-height,1.5);list-style-type:none;overflow:hidden;padding:var(--ds-size-spacing-lg,16px) var(--ds-size-spacing-md,8px);text-align:left;width:100%}.ds-c-accordion-item__details .ds-c-accordion-item__summary::-webkit-details-marker{display:none}.ds-c-accordion-item--small .ds-c-accordion-item__summary{border-radius:var(--ds-size-border-radius-md,2px);font-family:var(--ds-font-family-base,"Roboto",Arial,Helvetica,sans-serif);font-size:var(--ds-font-size-caption,.875rem);font-weight:var(--ds-font-stack-caption-font-weight,400);line-height:var(--ds-font-stack-caption-line-height,1.571428571428571);padding:var(--ds-size-spacing-md,8px);width:-moz-fit-content;width:fit-content}.ds-c-accordion-item__label{display:flex;flex-grow:1;flex-shrink:1;gap:var(--ds-size-spacing-md);min-width:var(--ds-size-space-0,0)}.ds-c-accordion-item__label--text{display:block;font-family:var(--ds-font-family-brand,"Roboto",Arial,Helvetica,sans-serif);font-size:var(--ds-font-size-label-2,1.125rem);font-weight:var(--ds-font-stack-label-2-font-weight,700);line-height:var(--ds-font-stack-label-2-line-height,1.5);overflow:hidden}.ds-c-accordion-item--small .ds-c-accordion-item__label--text{font-family:var(--ds-font-family-base,"Roboto",Arial,Helvetica,sans-serif);font-size:var(--ds-font-size-caption,.875rem);font-weight:var(--ds-font-stack-caption-font-weight,400);line-height:var(--ds-font-stack-caption-line-height,1.571428571428571)}.ds-c-accordion-item--truncate .ds-c-accordion-item__label--text{text-overflow:ellipsis;white-space:nowrap}.ds-c-accordion-item--open>.ds-c-accordion-item__details>.ds-c-accordion-item__summary{color:var(--ds-color-interaction-primary-default)}.ds-c-accordion-item__details .ds-c-accordion-item__summary:focus,.ds-c-accordion-item__details .ds-c-accordion-item__summary:hover{background-color:var(--ds-color-interaction-secondary-hover)}.ds-c-accordion-item__details .ds-c-accordion-item__summary:active{background-color:var(--ds-color-interaction-secondary-active)}.ds-c-accordion-item__icon{align-items:center;display:flex;flex-shrink:0;height:var(--ds-size-spacing-xl);justify-content:center;width:var(--ds-size-spacing-xl)}.ds-c-accordion-item__icon svg{height:100%}.ds-c-accordion-item--small .ds-c-accordion-item__icon{height:var(--ds-size-spacing-lg);width:var(--ds-size-spacing-lg)}.ds-c-accordion-item__content{display:block;font-family:var(--ds-font-family-base,"Roboto",Arial,Helvetica,sans-serif);font-size:var(--ds-font-size-body-1,1rem);font-weight:var(--ds-font-stack-body-1-font-weight,400);height:-moz-fit-content;height:fit-content;line-height:var(--ds-font-stack-body-1-line-height,1.5);min-height:var(--ds-size-spacing-xl);outline-color:transparent;overflow:hidden;padding-left:var(--ds-size-spacing-md,8px);padding-right:var(--ds-size-spacing-md,8px);padding-top:var(--ds-size-spacing-md,8px);text-align:left;text-decoration-line:none;width:100%}.ds-c-accordion-item--small .ds-c-accordion-item__content{background-color:var(--ds-color-monochrome-lighter,#f2f2f2);border-radius:var(--ds-size-border-radius-md,2px);margin-top:var(--ds-size-spacing-sm,4px);padding:var(--ds-size-spacing-lg,16px)}.ds-c-accordion-item__footer{display:flex;line-height:var(--ds-font-line-height-body-1);min-height:var(--ds-size-spacing-xl);padding-left:var(--ds-size-spacing-md,8px);padding-right:var(--ds-size-spacing-md,8px);padding-top:var(--ds-size-spacing-sm,4px);width:100%}.ds-accordion-item--open .ds-c-accordion-item__footer{padding-top:var(--ds-size-spacing-md,8px)}</style><style id="ds-css-@sainsburys-tech/fable-3.53.0-skeleton" type="text/css">.ds-c-skeleton{border-radius:var(--ds-size-border-radius-base,2px);cursor:progress;display:block;overflow:hidden;position:relative}.ds-c-skeleton:after{--tw-translate-x:-100%;content:"";inset:var(--ds-size-space-0,0);position:absolute;transform:translate(var(--tw-translate-x),var(--tw-translate-y)) rotate(var(--tw-rotate)) skewX(var(--tw-skew-x)) skewY(var(--tw-skew-y)) scaleX(var(--tw-scale-x)) scaleY(var(--tw-scale-y))}@keyframes ds-wave{0%{transform:translateX(-100%)}50%{transform:translateX(100%)}to{transform:translateX(100%)}}.ds-c-skeleton:after{animation:ds-wave 2s linear .5s infinite}@media (prefers-reduced-motion:reduce){.ds-c-skeleton:after{animation:none}}.ds-c-skeleton.ds-c-skeleton--light{background-color:rgba(0,0,0,.1)}.ds-c-skeleton.ds-c-skeleton--light:after{background:linear-gradient(90deg,transparent,rgb(0 0 0/3%),transparent)}.ds-c-skeleton.ds-c-skeleton--dark{background-color:hsla(0,0%,100%,.1)}.ds-c-skeleton.ds-c-skeleton--dark:after{background:linear-gradient(90deg,transparent,hsla(0,0%,100%,.03),transparent)}.ds-c-skeleton.ds-c-skeleton--sm{height:var(--ds-size-spacing-lg);width:var(--ds-size-spacing-lg)}.ds-c-skeleton.ds-c-skeleton--md{height:var(--ds-size-spacing-xl);width:var(--ds-size-spacing-xl)}.ds-c-skeleton.ds-c-skeleton--lg{height:var(--ds-size-spacing-4xl);width:var(--ds-size-spacing-4xl)}.ds-c-skeleton.ds-c-skeleton--circle{border-radius:9999px}.ds-c-skeleton.ds-c-skeleton--width-fit{width:-moz-fit-content;width:fit-content}.ds-c-skeleton.ds-c-skeleton--height-auto{height:auto}.ds-c-skeleton.ds-c-skeleton--text{height:auto;margin-bottom:var(--ds-size-space-0,0);margin-top:var(--ds-size-space-0,0);transform:scaleY(.6);transform-origin:0 55%}.ds-c-skeleton.ds-c-skeleton--text:empty:before{content:"\00a0"}.ds-c-skeleton.ds-c-skeleton--has-children>*{visibility:hidden}</style><style id="ds-css-@sainsburys-tech/fable-3.53.0-checkbox" type="text/css">.ds-c-checkbox{align-items:center;background-color:transparent;border-radius:var(--ds-size-border-radius-base,2px);color:var(--ds-color-alias-form-label-default);cursor:pointer;display:flex;flex-direction:row;font-family:var(--ds-font-family-base,"Roboto",Arial,Helvetica,sans-serif);font-size:var(--ds-font-size-body-1,1rem);font-weight:var(--ds-font-stack-body-1-font-weight,400);line-height:var(--ds-font-stack-body-1-line-height,1.5);outline-color:transparent;outline-style:solid;outline-width:var(--ds-size-border-width-sm);padding:var(--ds-size-space-3,12px) var(--ds-size-space-4,16px);transition:var(--ds-modifier-transition-duration);width:-moz-fit-content;width:fit-content}.ds-c-checkbox.ds-c-checkbox--outlined{outline-color:var(--ds-color-monochrome-light,#d8d8d8)}.ds-c-checkbox.ds-c-checkbox--standalone{padding:calc(var(--ds-size-spacing-xl)/2)}.ds-c-checkbox.ds-c-checkbox--full-width{width:100%}.ds-c-checkbox.ds-c-checkbox--disabled{color:var(--ds-color-monochrome-light,#d8d8d8);cursor:not-allowed}.ds-c-checkbox:not(.ds-c-checkbox--disabled):focus,.ds-c-checkbox:not(.ds-c-checkbox--disabled):hover{background-color:var(--ds-color-interaction-secondary-hover);color:var(--ds-color-monochrome-darker,#262626);outline-color:var(--ds-color-alias-form-default-hover-outline);transition-duration:var(--ds-modifier-transition-duration);transition-property:background-color,outline-color;transition-timing-function:var(--ds-modifier-transition-default)}.ds-c-checkbox.ds-c-checkbox--error:focus,.ds-c-checkbox.ds-c-checkbox--error:hover{background-color:var(--ds-color-semantic-error-lighter);outline-color:var(--ds-color-alias-form-error-hover-outline)}.ds-c-checkbox.ds-c-checkbox--warning:focus,.ds-c-checkbox.ds-c-checkbox--warning:hover{background-color:var(--ds-color-semantic-warning-lighter);outline-color:var(--ds-color-alias-form-warning-hover-outline)}.ds-c-checkbox.ds-c-checkbox--outlined:not(.ds-c-checkbox--disabled):focus,.ds-c-checkbox.ds-c-checkbox--outlined:not(.ds-c-checkbox--disabled):hover{outline-color:var(--ds-color-palette-brand-1,#1976d2);transition:outline-color var(--ds-modifier-transition-duration) var(--ds-modifier-transition-default)}.ds-c-checkbox.ds-c-checkbox--outlined.ds-c-checkbox--error:focus,.ds-c-checkbox.ds-c-checkbox--outlined.ds-c-checkbox--error:hover{background-color:var(--ds-color-interaction-error-hover);outline-color:var(--ds-color-semantic-error-base)}.ds-c-checkbox.ds-c-checkbox--outlined.ds-c-checkbox--warning:focus,.ds-c-checkbox.ds-c-checkbox--outlined.ds-c-checkbox--warning:hover{background-color:var(--ds-color-semantic-warning-lighter);outline-color:var(--ds-color-semantic-warning-base)}.ds-c-checkbox .ds-c-checkbox__input{-webkit-appearance:none;-moz-appearance:none;appearance:none;background-color:transparent;border-color:var(--ds-color-monochrome-base,#737373);border-radius:var(--ds-size-alias-form-border-radius);border-style:solid;border-width:var(--ds-size-border-width-sm,1px);cursor:pointer;display:grid;margin:var(--ds-size-space-0,0);min-height:var(--ds-size-spacing-xl);min-width:var(--ds-size-spacing-xl);place-items:center}.ds-c-checkbox .ds-c-checkbox__input:checked,.ds-c-checkbox .ds-c-checkbox__input:indeterminate{background-color:var(--ds-color-palette-brand-1,#1976d2);border-color:var(--ds-color-palette-brand-1,#1976d2)}.ds-c-checkbox.ds-c-checkbox--disabled .ds-c-checkbox__input{background-color:var(--ds-color-palette-white,#fff);border-color:var(--ds-color-monochrome-light,#d8d8d8);cursor:not-allowed}.ds-c-checkbox.ds-c-checkbox--error .ds-c-checkbox__input{background-color:var(--ds-color-palette-white,#fff);border-color:var(--ds-color-semantic-error-base)}.ds-c-checkbox.ds-c-checkbox--disabled .ds-c-checkbox__input:checked,.ds-c-checkbox.ds-c-checkbox--disabled .ds-c-checkbox__input:indeterminate{background-color:var(--ds-color-alias-form-disabled-selected-background);border-color:transparent;cursor:not-allowed}.ds-c-checkbox.ds-c-checkbox--error .ds-c-checkbox__input:checked,.ds-c-checkbox.ds-c-checkbox--error .ds-c-checkbox__input:indeterminate{background-color:var(--ds-color-semantic-error-base);border-color:var(--ds-color-semantic-error-base)}.ds-c-checkbox.ds-c-checkbox--warning .ds-c-checkbox__input:checked,.ds-c-checkbox.ds-c-checkbox--warning .ds-c-checkbox__input:indeterminate{background-color:var(--ds-color-semantic-warning-base);border-color:var(--ds-color-semantic-warning-base)}.ds-c-checkbox.ds-c-checkbox--error:focus .ds-c-checkbox__input:not(:checked,:indeterminate),.ds-c-checkbox.ds-c-checkbox--error:hover .ds-c-checkbox__input:not(:checked,:indeterminate){border-color:var(--ds-color-semantic-error-base);border-width:var(--ds-size-border-width-md,2px);transition:var(--ds-modifier-transition-default)}.ds-c-checkbox.ds-c-checkbox--warning:focus .ds-c-checkbox__input:not(:checked,:indeterminate),.ds-c-checkbox.ds-c-checkbox--warning:hover .ds-c-checkbox__input:not(:checked,:indeterminate){border-color:var(--ds-color-semantic-warning-base);border-width:var(--ds-size-border-width-md,2px);transition:var(--ds-modifier-transition-default)}.ds-c-checkbox:not(.ds-c-checkbox--disabled,.ds-c-checkbox--error,.ds-c-checkbox--warning):focus .ds-c-checkbox__input:not(:checked,:indeterminate),.ds-c-checkbox:not(.ds-c-checkbox--disabled,.ds-c-checkbox--error,.ds-c-checkbox--warning):hover .ds-c-checkbox__input:not(:checked,:indeterminate){border-color:var(--ds-color-palette-brand-1,#1976d2);border-width:var(--ds-size-border-width-md,2px);transition:var(--ds-modifier-transition-default)}.ds-c-checkbox:not(.ds-c-checkbox--disabled):focus .ds-c-checkbox__input:checked,.ds-c-checkbox:not(.ds-c-checkbox--disabled):focus .ds-c-checkbox__input:indeterminate,.ds-c-checkbox:not(.ds-c-checkbox--disabled):hover .ds-c-checkbox__input:checked,.ds-c-checkbox:not(.ds-c-checkbox--disabled):hover .ds-c-checkbox__input:indeterminate{background-color:var(--ds-color-palette-brand-1-dark,#2060a9);border-color:var(--ds-color-palette-brand-1-dark,#2060a9);border-width:var(--ds-size-border-width-sm,1px);transition-duration:var(--ds-modifier-transition-duration);transition-property:background-color,border-color;transition-timing-function:var(--ds-modifier-transition-default)}.ds-c-checkbox.ds-c-checkbox--error:focus .ds-c-checkbox__input:checked,.ds-c-checkbox.ds-c-checkbox--error:focus .ds-c-checkbox__input:indeterminate,.ds-c-checkbox.ds-c-checkbox--error:hover .ds-c-checkbox__input:checked,.ds-c-checkbox.ds-c-checkbox--error:hover .ds-c-checkbox__input:indeterminate{background-color:var(--ds-color-semantic-error-darker);border-color:var(--ds-color-semantic-error-darker)}.ds-c-checkbox.ds-c-checkbox--warning:focus .ds-c-checkbox__input:checked,.ds-c-checkbox.ds-c-checkbox--warning:focus .ds-c-checkbox__input:indeterminate,.ds-c-checkbox.ds-c-checkbox--warning:hover .ds-c-checkbox__input:checked,.ds-c-checkbox.ds-c-checkbox--warning:hover .ds-c-checkbox__input:indeterminate{background-color:var(--ds-color-semantic-warning-darker);border-color:var(--ds-color-semantic-warning-darker)}.ds-c-checkbox .ds-c-checkbox__input:checked:before,.ds-c-checkbox .ds-c-checkbox__input:indeterminate:before{background-position:50%;background-repeat:no-repeat;background-size:cover;content:"";display:block;height:100%;width:100%}.ds-c-checkbox .ds-c-checkbox__input:checked:before{background-image:url('data:image/svg+xml;utf8,<svg role="img" viewBox="0 0 24 24" xmlns="http://www.w3.org/2000/svg"><title>Tick</title><path d="M4.28930593,15.1894374 L7.42026787,18.3524122 C8.32477255,19.2661651 9.79876156,19.2736623 10.7125145,18.3691576 C10.7866444,18.295778 10.8557588,18.2174992 10.9193906,18.1348504 L19.7923655,6.61009619 C20.129285,6.17248484 20.0476582,5.54460353 19.6100468,5.20768402 C19.1724355,4.87076451 18.5445542,4.95239138 18.2076346,5.39000273 L9.33465972,16.914757 C9.1767704,17.0752081 8.96909498,17.0741518 8.84165617,16.94541 L5.71069423,13.7824352 C5.32216129,13.3899296 4.6890045,13.3867092 4.29649896,13.7752421 C3.90399342,14.1637751 3.90077299,14.7969319 4.28930593,15.1894374 Z" fill="white" fill-rule="nonzero"/></svg>')}.ds-c-checkbox .ds-c-checkbox__input:indeterminate:before{background-image:url('data:image/svg+xml;utf8,<svg role="img" viewBox="0 0 24 24" xmlns="http://www.w3.org/2000/svg"><title>Minus</title><path d="M5,13 L19,13 C19.5522847,13 20,12.5522847 20,12 C20,11.4477153 19.5522847,11 19,11 L5,11 C4.44771525,11 4,11.4477153 4,12 C4,12.5522847 4.44771525,13 5,13 Z" fill="white" fill-rule="nonzero"/></svg>')}.ds-c-checkbox .ds-c-checkbox--label{margin-left:var(--ds-size-spacing-lg,16px)}.ds-c-checkbox--sr-only{clip:rect(0,0,0,0);border-width:0;height:1px;margin:-1px;overflow:hidden;padding:0;position:absolute;white-space:nowrap;width:1px}</style><style id="ds-css-@sainsburys-tech/fable-3.53.0-rating" type="text/css">.ds-c-rating,.ds-c-rating--sm{align-items:center;display:inline-flex;font-family:var(--ds-font-family-base,"Roboto",Arial,Helvetica,sans-serif);font-size:var(--ds-font-size-caption,.875rem);font-weight:var(--ds-font-stack-caption-font-weight,400);line-height:var(--ds-font-stack-caption-line-height,1.571428571428571)}.ds-c-rating--sm{line-height:var(--ds-font-line-height-caption,1.571428571428571)}.ds-c-rating--primary .ds-c-rating__body{margin-left:var(--ds-size-space-2,8px);margin-right:var(--ds-size-space-2,8px);margin-top:2px}.ds-c-rating--primary .ds-c-rating__body .ds-c-rating__trailing-content{padding-left:var(--ds-size-space-1,4px)}.ds-c-rating--primary .ds-c-rating__body .ds-c-rating__rating-content{padding-right:var(--ds-size-space-1,4px)}.ds-c-rating__body--divider>:not([hidden])~:not([hidden]){--tw-divide-x-reverse:0;border-color:var(--ds-color-monochrome-light,#d8d8d8);border-left-width:calc(var(--ds-size-border-width-base, 2px)*(1 - var(--tw-divide-x-reverse)));border-right-width:calc(var(--ds-size-border-width-base, 2px)*var(--tw-divide-x-reverse))}.ds-c-rating--secondary__wrapper{width:100%}.ds-c-rating__content{align-items:center;display:flex;flex-direction:row}.ds-c-rating__label{padding-left:var(--ds-size-spacing-md,8px)}.ds-c-rating__content--bar{gap:var(--ds-size-spacing-md);height:var(--ds-size-spacing-xl);padding-left:var(--ds-size-space-2,8px);padding-right:var(--ds-size-space-2,8px);width:100%}.ds-c-rating__content--bar-wrapper{flex-grow:1}.ds-c-rating__content--trailing{max-height:var(--ds-size-spacing-xl);overflow:hidden;text-align:left;text-overflow:ellipsis;white-space:nowrap;width:var(--ds-size-spacing-6xl)}.ds-c-rating__stars{display:flex}.ds-c-rating__stars svg{transform:translateZ(0)}.ds-c-rating--md svg{display:inline-block;height:calc(var(--ds-font-size-caption) + var(--ds-size-spacing-md));width:calc(var(--ds-font-size-caption) + var(--ds-size-spacing-md))}.ds-c-rating--sm svg{display:inline-block;height:calc(var(--ds-font-size-caption) + var(--ds-size-spacing-xs)*1.5);width:calc(var(--ds-font-size-caption) + var(--ds-size-spacing-xs)*1.5)}.ds-c-rating svg stop:first-child{stop-color:var(--ds-color-alias-rating-filled)}.ds-c-rating--monochrome svg stop:first-child{stop-color:var(--ds-color-monochrome-black)}.ds-c-rating svg stop:last-child{stop-color:var(--ds-color-alias-rating-empty)}.ds-c-rating--monochrome svg stop:last-child{stop-color:var(--ds-color-alias-rating-empty-monochrome)}.ds-c-rating svg path{stroke:var(--ds-color-alias-rating-stroke);stroke-width:var(--ds-size-alias-rating-stroke-width)}.ds-c-rating--secondary svg rect:first-child{fill:var(--ds-color-alias-rating-empty)}.ds-c-rating--secondary svg rect:last-child{fill:var(--ds-color-alias-rating-filled)}.ds-c-rating.ds-c-rating--secondary{align-items:flex-start;display:flex;flex-direction:column;flex-grow:1;max-width:100%}</style><style id="ds-css-@sainsburys-tech/fable-3.53.0-typography" type="text/css">[class^=ds-u-]{display:block}.ds-c-typography--has-icon:is([class^=ds-c-display-],[class^=ds-c-body-],[class^=ds-c-label-],.ds-c-caption){display:flex;flex-direction:row}:is([class^=ds-c-display-],[class^=ds-c-body-],[class^=ds-c-label-],.ds-c-caption)>svg{display:flex;flex-shrink:0;margin-right:var(--ds-size-space-2,8px)}.ds-c-typography--icon-top:is([class^=ds-c-display-],[class^=ds-c-body-],[class^=ds-c-label-],.ds-c-caption),[data-icon-position=top]:is([class^=ds-c-display-],[class^=ds-c-body-],[class^=ds-c-label-],.ds-c-caption){align-items:flex-start}.ds-c-typography--icon-bottom:is([class^=ds-c-display-],[class^=ds-c-body-],[class^=ds-c-label-],.ds-c-caption),[data-icon-position=bottom]:is([class^=ds-c-display-],[class^=ds-c-body-],[class^=ds-c-label-],.ds-c-caption){align-items:flex-end}.ds-c-typography--icon-baseline:is([class^=ds-c-display-],[class^=ds-c-body-],[class^=ds-c-label-],.ds-c-caption),[data-icon-position=baseline]:is([class^=ds-c-display-],[class^=ds-c-body-],[class^=ds-c-label-],.ds-c-caption){align-items:baseline}.ds-c-typography--icon-center:is([class^=ds-c-display-],[class^=ds-c-body-],[class^=ds-c-label-],.ds-c-caption),[data-icon-position=center]:is([class^=ds-c-display-],[class^=ds-c-body-],[class^=ds-c-label-],.ds-c-caption){align-items:center}.ds-c-display-6{display:block;font-family:var(--ds-font-family-brand,"Roboto",Arial,Helvetica,sans-serif);font-size:var(--ds-font-size-display-5,3rem);font-weight:var(--ds-font-stack-display-5-font-weight,700);line-height:var(--ds-font-stack-display-5-line-height,1.292)}@media (min-width:719.98px){.ds-c-display-6{font-family:var(--ds-font-family-brand,"Roboto",Arial,Helvetica,sans-serif);font-size:var(--ds-font-size-display-6,3.75rem);font-weight:var(--ds-font-stack-display-6-font-weight,700);line-height:var(--ds-font-stack-display-6-line-height,1.267)}}.ds-c-display-6[data-display=fixed]{font-family:var(--ds-font-family-brand,"Roboto",Arial,Helvetica,sans-serif);font-size:var(--ds-font-size-display-6,3.75rem);font-weight:var(--ds-font-stack-display-6-font-weight,700);line-height:var(--ds-font-stack-display-6-line-height,1.267)}.ds-c-display-6[data-display=fixed]>svg{height:var(--ds-font-size-display-6,3.75rem);min-height:24px;min-width:24px;width:var(--ds-font-size-display-6,3.75rem)}.ds-c-display-6>svg{height:var(--ds-font-size-display-5,3rem);min-height:24px;min-width:24px;width:var(--ds-font-size-display-5,3rem)}@media (min-width:719.98px){.ds-c-display-6>svg{height:var(--ds-font-size-display-6,3.75rem);width:var(--ds-font-size-display-6,3.75rem)}}.ds-c-display-6>svg[data-display=fixed]{height:var(--ds-font-size-display-6,3.75rem);min-height:24px;min-width:24px;width:var(--ds-font-size-display-6,3.75rem)}.ds-c-display-5{display:block;font-family:var(--ds-font-family-brand,"Roboto",Arial,Helvetica,sans-serif);font-size:var(--ds-font-size-display-4,2.375rem);font-weight:var(--ds-font-stack-display-4-font-weight,700);line-height:var(--ds-font-stack-display-4-line-height,1.316)}@media (min-width:719.98px){.ds-c-display-5{font-family:var(--ds-font-family-brand,"Roboto",Arial,Helvetica,sans-serif);font-size:var(--ds-font-size-display-5,3rem);font-weight:var(--ds-font-stack-display-5-font-weight,700);line-height:var(--ds-font-stack-display-5-line-height,1.292)}}.ds-c-display-5[data-display=fixed]{font-family:var(--ds-font-family-brand,"Roboto",Arial,Helvetica,sans-serif);font-size:var(--ds-font-size-display-5,3rem);font-weight:var(--ds-font-stack-display-5-font-weight,700);line-height:var(--ds-font-stack-display-5-line-height,1.292)}.ds-c-display-5[data-display=fixed]>svg{height:var(--ds-font-size-display-5,3rem);min-height:24px;min-width:24px;width:var(--ds-font-size-display-5,3rem)}.ds-c-display-5>svg{height:var(--ds-font-size-display-4,2.375rem);min-height:24px;min-width:24px;width:var(--ds-font-size-display-4,2.375rem)}@media (min-width:719.98px){.ds-c-display-5>svg{height:var(--ds-font-size-display-5,3rem);width:var(--ds-font-size-display-5,3rem)}}.ds-c-display-5>svg[data-display=fixed]{height:var(--ds-font-size-display-5,3rem);min-height:24px;min-width:24px;width:var(--ds-font-size-display-5,3rem)}.ds-c-display-4{display:block;font-family:var(--ds-font-family-brand,"Roboto",Arial,Helvetica,sans-serif);font-size:var(--ds-font-size-display-3,1.875rem);font-weight:var(--ds-font-stack-display-3-font-weight,700);line-height:var(--ds-font-stack-display-3-line-height,1.333)}@media (min-width:719.98px){.ds-c-display-4{font-family:var(--ds-font-family-brand,"Roboto",Arial,Helvetica,sans-serif);font-size:var(--ds-font-size-display-4,2.375rem);font-weight:var(--ds-font-stack-display-4-font-weight,700);line-height:var(--ds-font-stack-display-4-line-height,1.316)}}.ds-c-display-4[data-display=fixed]{font-family:var(--ds-font-family-brand,"Roboto",Arial,Helvetica,sans-serif);font-size:var(--ds-font-size-display-4,2.375rem);font-weight:var(--ds-font-stack-display-4-font-weight,700);line-height:var(--ds-font-stack-display-4-line-height,1.316)}.ds-c-display-4[data-display=fixed]>svg{height:var(--ds-font-size-display-4,2.375rem);min-height:24px;min-width:24px;width:var(--ds-font-size-display-4,2.375rem)}.ds-c-display-4>svg{height:var(--ds-font-size-display-3,1.875rem);min-height:24px;min-width:24px;width:var(--ds-font-size-display-3,1.875rem)}@media (min-width:719.98px){.ds-c-display-4>svg{height:var(--ds-font-size-display-4,2.375rem);width:var(--ds-font-size-display-4,2.375rem)}}.ds-c-display-4>svg[data-display=fixed]{height:var(--ds-font-size-display-4,2.375rem);min-height:24px;min-width:24px;width:var(--ds-font-size-display-4,2.375rem)}.ds-c-display-3{display:block;font-family:var(--ds-font-family-brand,"Roboto",Arial,Helvetica,sans-serif);font-size:var(--ds-font-size-display-2,1.5rem);font-weight:var(--ds-font-stack-display-2-font-weight,700);line-height:var(--ds-font-stack-display-2-line-height,1.333)}@media (min-width:719.98px){.ds-c-display-3{font-family:var(--ds-font-family-brand,"Roboto",Arial,Helvetica,sans-serif);font-size:var(--ds-font-size-display-3,1.875rem);font-weight:var(--ds-font-stack-display-3-font-weight,700);line-height:var(--ds-font-stack-display-3-line-height,1.333)}}.ds-c-display-3[data-display=fixed]{font-family:var(--ds-font-family-brand,"Roboto",Arial,Helvetica,sans-serif);font-size:var(--ds-font-size-display-3,1.875rem);font-weight:var(--ds-font-stack-display-3-font-weight,700);line-height:var(--ds-font-stack-display-3-line-height,1.333)}.ds-c-display-3[data-display=fixed]>svg{height:var(--ds-font-size-display-3,1.875rem);min-height:24px;min-width:24px;width:var(--ds-font-size-display-3,1.875rem)}.ds-c-display-3>svg{height:var(--ds-font-size-display-2,1.5rem);min-height:24px;min-width:24px;width:var(--ds-font-size-display-2,1.5rem)}@media (min-width:719.98px){.ds-c-display-3>svg{height:var(--ds-font-size-display-3,1.875rem);width:var(--ds-font-size-display-3,1.875rem)}}.ds-c-display-3>svg[data-display=fixed]{height:var(--ds-font-size-display-3,1.875rem);min-height:24px;min-width:24px;width:var(--ds-font-size-display-3,1.875rem)}.ds-c-display-2{display:block;font-family:var(--ds-font-family-brand,"Roboto",Arial,Helvetica,sans-serif);font-size:var(--ds-font-size-display-1,1.25rem);font-weight:var(--ds-font-stack-display-1-font-weight,700);line-height:var(--ds-font-stack-display-1-line-height,1.3)}@media (min-width:719.98px){.ds-c-display-2{font-family:var(--ds-font-family-brand,"Roboto",Arial,Helvetica,sans-serif);font-size:var(--ds-font-size-display-2,1.5rem);font-weight:var(--ds-font-stack-display-2-font-weight,700);line-height:var(--ds-font-stack-display-2-line-height,1.333)}}.ds-c-display-2[data-display=fixed]{font-family:var(--ds-font-family-brand,"Roboto",Arial,Helvetica,sans-serif);font-size:var(--ds-font-size-display-2,1.5rem);font-weight:var(--ds-font-stack-display-2-font-weight,700);line-height:var(--ds-font-stack-display-2-line-height,1.333)}.ds-c-display-2[data-display=fixed]>svg{height:var(--ds-font-size-display-2,1.5rem);min-height:24px;min-width:24px;width:var(--ds-font-size-display-2,1.5rem)}.ds-c-display-2>svg{height:var(--ds-font-size-display-1,1.25rem);min-height:24px;min-width:24px;width:var(--ds-font-size-display-1,1.25rem)}@media (min-width:719.98px){.ds-c-display-2>svg{height:var(--ds-font-size-display-2,1.5rem);width:var(--ds-font-size-display-2,1.5rem)}}.ds-c-display-2>svg[data-display=fixed]{height:var(--ds-font-size-display-2,1.5rem);min-height:24px;min-width:24px;width:var(--ds-font-size-display-2,1.5rem)}.ds-c-display-1{display:block}.ds-c-display-1,.ds-c-display-1[data-display=fixed]{font-family:var(--ds-font-family-brand,"Roboto",Arial,Helvetica,sans-serif);font-size:var(--ds-font-size-display-1,1.25rem);font-weight:var(--ds-font-stack-display-1-font-weight,700);line-height:var(--ds-font-stack-display-1-line-height,1.3)}.ds-c-display-1>svg,.ds-c-display-1>svg[data-display=fixed],.ds-c-display-1[data-display=fixed]>svg{height:var(--ds-font-size-display-1,1.25rem);min-height:24px;min-width:24px;width:var(--ds-font-size-display-1,1.25rem)}.ds-c-body-1{display:block;font-family:var(--ds-font-family-base,"Roboto",Arial,Helvetica,sans-serif);font-size:var(--ds-font-size-body-1,1rem);font-weight:var(--ds-font-stack-body-1-font-weight,400);line-height:var(--ds-font-stack-body-1-line-height,1.5)}.ds-c-body-1>svg{height:var(--ds-font-size-body-1,1rem);min-height:24px;min-width:24px;width:var(--ds-font-size-body-1,1rem)}.ds-c-body-2{display:block;font-family:var(--ds-font-family-base,"Roboto",Arial,Helvetica,sans-serif);font-size:var(--ds-font-size-body-2,1.125rem);font-weight:var(--ds-font-stack-body-2-font-weight,700);line-height:var(--ds-font-stack-body-2-line-height,1.4444)}.ds-c-body-2>svg{height:var(--ds-font-size-body-2,1.125rem);min-height:24px;min-width:24px;width:var(--ds-font-size-body-2,1.125rem)}.ds-c-label-2{display:block;font-family:var(--ds-font-family-brand,"Roboto",Arial,Helvetica,sans-serif);font-size:var(--ds-font-size-label-2,1.125rem);font-weight:var(--ds-font-stack-label-2-font-weight,700);line-height:var(--ds-font-stack-label-2-line-height,1.5)}.ds-c-label-2>svg{height:var(--ds-font-size-label-2,1.125rem);min-height:24px;min-width:24px;width:var(--ds-font-size-label-2,1.125rem)}.ds-c-label-1{display:block;font-family:var(--ds-font-family-base,"Roboto",Arial,Helvetica,sans-serif);font-size:var(--ds-font-size-label-1,1rem);font-weight:var(--ds-font-stack-label-1-font-weight,700);line-height:var(--ds-font-stack-label-1-line-height,1.5)}.ds-c-label-1>svg{height:var(--ds-font-size-label-1,1rem);min-height:24px;min-width:24px;width:var(--ds-font-size-label-1,1rem)}.ds-c-caption{display:block;font-family:var(--ds-font-family-base,"Roboto",Arial,Helvetica,sans-serif);font-size:var(--ds-font-size-caption,.875rem);font-weight:var(--ds-font-stack-caption-font-weight,400);line-height:var(--ds-font-stack-caption-line-height,1.571428571428571)}.ds-c-caption>svg{height:var(--ds-font-size-caption,.875rem);min-height:24px;min-width:24px;width:var(--ds-font-size-caption,.875rem)}[class*="--monochrome-white"]{color:var(--ds-color-monochrome-white,#fff)}[class*="--monochrome-lighter"]{color:var(--ds-color-monochrome-lighter,#f2f2f2)}[class*="--monochrome-light"]{color:var(--ds-color-monochrome-light,#d8d8d8)}[class*="--monochrome-base"]{color:var(--ds-color-monochrome-base,#737373)}[class*="--monochrome-dark"]{color:var(--ds-color-monochrome-dark,#404040)}[class*="--monochrome-darker"]{color:var(--ds-color-monochrome-darker,#262626)}[class*="--monochrome-black"]{color:var(--ds-color-monochrome-black,#000)}[class*="--semantic-success-light"]{color:var(--ds-color-semantic-success-light)}[class*="--semantic-success-lighter"]{color:var(--ds-color-semantic-success-lighter)}[class*="--semantic-success-base"]{color:var(--ds-color-semantic-success-base)}[class*="--semantic-success-dark"]{color:var(--ds-color-semantic-success-dark)}[class*="--semantic-success-darker"]{color:var(--ds-color-semantic-success-darker)}[class*="--semantic-success-text"]{color:var(--ds-color-semantic-success-text)}[class*="--semantic-error-light"]{color:var(--ds-color-semantic-error-light)}[class*="--semantic-error-lighter"]{color:var(--ds-color-semantic-error-lighter)}[class*="--semantic-error-base"]{color:var(--ds-color-semantic-error-base)}[class*="--semantic-error-dark"]{color:var(--ds-color-semantic-error-dark)}[class*="--semantic-error-darker"]{color:var(--ds-color-semantic-error-darker)}[class*="--semantic-error-text"]{color:var(--ds-color-semantic-error-text)}[class*="--semantic-info-light"]{color:var(--ds-color-semantic-info-light)}[class*="--semantic-info-lighter"]{color:var(--ds-color-semantic-info-lighter)}[class*="--semantic-info-base"]{color:var(--ds-color-semantic-info-base)}[class*="--semantic-info-dark"]{color:var(--ds-color-semantic-info-dark)}[class*="--semantic-info-darker"]{color:var(--ds-color-semantic-info-darker)}[class*="--semantic-info-text"]{color:var(--ds-color-semantic-info-text)}[class*="--semantic-warning-light"]{color:var(--ds-color-semantic-warning-light)}[class*="--semantic-warning-lighter"]{color:var(--ds-color-semantic-warning-lighter)}[class*="--semantic-warning-base"]{color:var(--ds-color-semantic-warning-base)}[class*="--semantic-warning-dark"]{color:var(--ds-color-semantic-warning-dark)}[class*="--semantic-warning-darker"]{color:var(--ds-color-semantic-warning-darker)}[class*="--semantic-warning-text"]{color:var(--ds-color-semantic-warning-text)}</style><style id="ds-css-@sainsburys-tech/fable-3.53.0-buttongroup" type="text/css">.ds-c-button-group,.ds-c-button-group.ds-c-button-group--left,.ds-c-button-group.ds-c-button-group--responsive-sm{display:flex;flex-direction:column-reverse;justify-content:stretch}@media (min-width:640px){.ds-c-button-group,.ds-c-button-group.ds-c-button-group--left,.ds-c-button-group.ds-c-button-group--responsive-sm{flex-direction:row;justify-content:flex-start;width:100%}}.ds-c-button-group--gap-sm,.ds-c-button-group__section--gap-sm{gap:var(--ds-size-spacing-sm,4px)}.ds-c-button-group--gap-md,.ds-c-button-group__section--gap-md{gap:var(--ds-size-spacing-md,8px)}.ds-c-button-group--gap-lg,.ds-c-button-group__section--gap-lg{gap:var(--ds-size-spacing-lg,16px)}.ds-c-button-group.ds-c-button-group--right{justify-content:flex-end}.ds-c-button-group.ds-c-button-group--center{justify-content:center}.ds-c-button-group.ds-c-button-group--space-between{justify-content:space-between}.ds-c-button-group.ds-c-button-group--space-around{justify-content:space-around}.ds-c-button-group.ds-c-button-group--space-evenly{justify-content:space-evenly}.ds-c-button-group.ds-c-button-group--responsive-none{flex-direction:row;justify-content:flex-start;width:100%}@media (min-width:768px){.ds-c-button-group.ds-c-button-group--responsive-md{display:flex;flex-direction:row;justify-content:flex-start;width:100%}}@media (min-width:1024px){.ds-c-button-group.ds-c-button-group--responsive-lg{display:flex;flex-direction:row;justify-content:flex-start;width:100%}}.ds-c-button-group .ds-c-button-group__section,.ds-c-button-group .ds-c-button-group__section.ds-c-button-group__section--left,.ds-c-button-group.ds-c-button-group--responsive-sm .ds-c-button-group__section{display:flex;flex-direction:column-reverse;gap:var(--ds-size-space-4,16px);justify-content:center}@media (min-width:640px){.ds-c-button-group .ds-c-button-group__section,.ds-c-button-group .ds-c-button-group__section.ds-c-button-group__section--left,.ds-c-button-group.ds-c-button-group--responsive-sm .ds-c-button-group__section{display:flex;flex-direction:row;flex-grow:1;flex-shrink:0;justify-content:flex-start}}@media (min-width:768px){.ds-c-button-group.ds-c-button-group--responsive-md .ds-c-button-group__section{display:flex;flex-direction:row;flex-grow:1;flex-shrink:0;justify-content:flex-start}}@media (min-width:1024px){.ds-c-button-group.ds-c-button-group--responsive-lg .ds-c-button-group__section{display:flex;flex-direction:row;flex-grow:1;flex-shrink:0;justify-content:flex-start}}.ds-c-button-group .ds-c-button-group__section.ds-c-button-group__section--right{justify-content:flex-end}.ds-c-button-group .ds-c-button-group__section.ds-c-button-group__section--center{justify-content:center}.ds-c-button-group .ds-c-button-group__section.ds-c-button-group__section--space-between{justify-content:space-between}.ds-c-button-group .ds-c-button-group__section.ds-c-button-group__section--space-around{justify-content:space-around}.ds-c-button-group .ds-c-button-group__section.ds-c-button-group__section--space-evenly{justify-content:space-evenly}</style><style id="ds-css-@sainsburys-tech/fable-3.53.0-drawer" type="text/css">.ds-c-drawer{border-radius:0;border-style:none;overflow-wrap:break-word;overflow-x:hidden;overflow-y:auto}.ds-c-drawer .ds-c-drawer__wrapper{flex-direction:column;height:100%;padding-bottom:var(--ds-size-space-0,0);padding-top:var(--ds-size-space-0,0)}.ds-c-drawer.ds-c-drawer--drawer,.ds-c-drawer.ds-c-drawer--drawer.ds-c-drawer--left{left:var(--ds-size-space-0,0)}.ds-c-drawer.ds-c-drawer--drawer,.ds-c-drawer.ds-c-drawer--drawer.ds-c-drawer--left,.ds-c-drawer.ds-c-drawer--drawer.ds-c-drawer--right{bottom:var(--ds-size-space-0,0);height:100%;margin:var(--ds-size-space-0,0);max-height:100%;max-width:100%;position:fixed;top:var(--ds-size-space-0,0)}.ds-c-drawer.ds-c-drawer--drawer.ds-c-drawer--right{left:auto;right:var(--ds-size-space-0,0)}.ds-c-drawer.ds-c-drawer--drawer.ds-c-drawer--top{bottom:auto;top:var(--ds-size-space-0,0)}.ds-c-drawer.ds-c-drawer--drawer.ds-c-drawer--bottom,.ds-c-drawer.ds-c-drawer--drawer.ds-c-drawer--top{left:auto;margin:var(--ds-size-space-0,0);max-height:90%;max-width:100%;position:fixed;right:auto;width:100%}.ds-c-drawer.ds-c-drawer--drawer.ds-c-drawer--bottom{bottom:var(--ds-size-space-0,0);top:auto}.ds-c-drawer.ds-c-drawer--drawer .ds-c-drawer__header.ds-c-drawer__header--close-icon-left{flex-direction:row-reverse}.ds-c-drawer--open .ds-c-drawer__wrapper{display:flex}.ds-c-drawer::backdrop{background-color:var(--ds-color-alias-dim-default)}.ds-c-drawer__header{align-items:flex-start;background-color:var(--ds-color-palette-white,#fff);display:flex;flex-direction:row;gap:var(--ds-size-space-2,8px);justify-content:space-between;min-height:var(--ds-size-space-15,60px);padding-bottom:var(--ds-size-space-4,16px);padding-top:var(--ds-size-space-4,16px)}.ds-c-drawer--fixed-header .ds-c-drawer__header{position:sticky;top:var(--ds-size-space-0,0)}.ds-c-drawer__header--icon{display:flex;height:var(--ds-size-spacing-xl);width:var(--ds-size-spacing-xl)}.ds-c-drawer__header--text-wrapper{display:flex;flex-direction:column;justify-content:center}.ds-c-drawer__header--label-wrapper{display:flex;gap:var(--ds-size-spacing-sm)}.ds-c-drawer__header--label{color:var(--ds-color-alias-form-label-default);font-family:var(--ds-font-family-brand,"Roboto",Arial,Helvetica,sans-serif);font-size:var(--ds-font-size-label-2,1.125rem);font-weight:var(--ds-font-stack-label-2-font-weight,700);line-height:var(--ds-font-stack-label-2-line-height,1.5)}.ds-c-drawer__header--supporting-text{color:var(--ds-color-alias-text);font-size:var(--ds-font-size-caption,.875rem);font-weight:var(--ds-font-stack-caption-font-weight,400);line-height:var(--ds-font-stack-caption-line-height,1.571428571428571)}.ds-c-drawer__header--with-icon .ds-c-drawer__header--supporting-text{padding-left:calc(var(--ds-size-spacing-xl) + var(--ds-size-spacing-sm))}.ds-c-drawer__content{flex-grow:1;flex-shrink:0}.ds-c-drawer--no-header .ds-c-drawer__content{margin-top:var(--ds-size-space-4,16px)}.ds-c-drawer--no-footer .ds-c-drawer__content{margin-bottom:var(--ds-size-space-4,16px)}.ds-c-drawer[class*=ds-c-drawer--breakpoint-][class*=-padding-].ds-c-drawer--content-padding-override .ds-c-drawer__content,.ds-c-drawer[class*=ds-c-drawer--padding-].ds-c-drawer--content-padding-override .ds-c-drawer__content{padding-left:var(--ds-size-space-0,0);padding-right:var(--ds-size-space-0,0)}.ds-c-drawer--breakpoint-none-padding-sm .ds-c-drawer__content,.ds-c-drawer--breakpoint-none-padding-sm .ds-c-drawer__footer,.ds-c-drawer--breakpoint-none-padding-sm .ds-c-drawer__footer-wrapper,.ds-c-drawer--breakpoint-none-padding-sm .ds-c-drawer__header,.ds-c-drawer--padding-sm .ds-c-drawer__content,.ds-c-drawer--padding-sm .ds-c-drawer__footer,.ds-c-drawer--padding-sm .ds-c-drawer__footer-wrapper,.ds-c-drawer--padding-sm .ds-c-drawer__header{padding-left:var(--ds-size-spacing-sm,4px);padding-right:var(--ds-size-spacing-sm,4px)}.ds-c-drawer--breakpoint-none-padding-md .ds-c-drawer__content,.ds-c-drawer--breakpoint-none-padding-md .ds-c-drawer__footer,.ds-c-drawer--breakpoint-none-padding-md .ds-c-drawer__footer-wrapper,.ds-c-drawer--breakpoint-none-padding-md .ds-c-drawer__header,.ds-c-drawer--padding-md .ds-c-drawer__content,.ds-c-drawer--padding-md .ds-c-drawer__footer,.ds-c-drawer--padding-md .ds-c-drawer__footer-wrapper,.ds-c-drawer--padding-md .ds-c-drawer__header{padding-left:var(--ds-size-spacing-md,8px);padding-right:var(--ds-size-spacing-md,8px)}.ds-c-drawer--breakpoint-none-padding-lg .ds-c-drawer__content,.ds-c-drawer--breakpoint-none-padding-lg .ds-c-drawer__footer,.ds-c-drawer--breakpoint-none-padding-lg .ds-c-drawer__footer-wrapper,.ds-c-drawer--breakpoint-none-padding-lg .ds-c-drawer__header,.ds-c-drawer--padding-lg .ds-c-drawer__content,.ds-c-drawer--padding-lg .ds-c-drawer__footer,.ds-c-drawer--padding-lg .ds-c-drawer__footer-wrapper,.ds-c-drawer--padding-lg .ds-c-drawer__header{padding-left:var(--ds-size-spacing-lg,16px);padding-right:var(--ds-size-spacing-lg,16px)}@media (min-width:640px){.ds-c-drawer--breakpoint-sm-padding-sm .ds-c-drawer__content,.ds-c-drawer--breakpoint-sm-padding-sm .ds-c-drawer__footer,.ds-c-drawer--breakpoint-sm-padding-sm .ds-c-drawer__footer-wrapper,.ds-c-drawer--breakpoint-sm-padding-sm .ds-c-drawer__header{padding-left:var(--ds-size-spacing-sm,4px);padding-right:var(--ds-size-spacing-sm,4px)}.ds-c-drawer--breakpoint-sm-padding-md .ds-c-drawer__content,.ds-c-drawer--breakpoint-sm-padding-md .ds-c-drawer__footer,.ds-c-drawer--breakpoint-sm-padding-md .ds-c-drawer__footer-wrapper,.ds-c-drawer--breakpoint-sm-padding-md .ds-c-drawer__header{padding-left:var(--ds-size-spacing-md,8px);padding-right:var(--ds-size-spacing-md,8px)}.ds-c-drawer--breakpoint-sm-padding-lg .ds-c-drawer__content,.ds-c-drawer--breakpoint-sm-padding-lg .ds-c-drawer__footer,.ds-c-drawer--breakpoint-sm-padding-lg .ds-c-drawer__footer-wrapper,.ds-c-drawer--breakpoint-sm-padding-lg .ds-c-drawer__header{padding-left:var(--ds-size-spacing-lg,16px);padding-right:var(--ds-size-spacing-lg,16px)}}@media (min-width:768px){.ds-c-drawer--breakpoint-md-padding-sm .ds-c-drawer__content,.ds-c-drawer--breakpoint-md-padding-sm .ds-c-drawer__footer,.ds-c-drawer--breakpoint-md-padding-sm .ds-c-drawer__footer-wrapper,.ds-c-drawer--breakpoint-md-padding-sm .ds-c-drawer__header{padding-left:var(--ds-size-spacing-sm,4px);padding-right:var(--ds-size-spacing-sm,4px)}.ds-c-drawer--breakpoint-md-padding-md .ds-c-drawer__content,.ds-c-drawer--breakpoint-md-padding-md .ds-c-drawer__footer,.ds-c-drawer--breakpoint-md-padding-md .ds-c-drawer__footer-wrapper,.ds-c-drawer--breakpoint-md-padding-md .ds-c-drawer__header{padding-left:var(--ds-size-spacing-md,8px);padding-right:var(--ds-size-spacing-md,8px)}.ds-c-drawer--breakpoint-md-padding-lg .ds-c-drawer__content,.ds-c-drawer--breakpoint-md-padding-lg .ds-c-drawer__footer,.ds-c-drawer--breakpoint-md-padding-lg .ds-c-drawer__footer-wrapper,.ds-c-drawer--breakpoint-md-padding-lg .ds-c-drawer__header{padding-left:var(--ds-size-spacing-lg,16px);padding-right:var(--ds-size-spacing-lg,16px)}}@media (min-width:1024px){.ds-c-drawer--breakpoint-lg-padding-sm .ds-c-drawer__content,.ds-c-drawer--breakpoint-lg-padding-sm .ds-c-drawer__footer,.ds-c-drawer--breakpoint-lg-padding-sm .ds-c-drawer__footer-wrapper,.ds-c-drawer--breakpoint-lg-padding-sm .ds-c-drawer__header{padding-left:var(--ds-size-spacing-sm,4px);padding-right:var(--ds-size-spacing-sm,4px)}.ds-c-drawer--breakpoint-lg-padding-md .ds-c-drawer__content,.ds-c-drawer--breakpoint-lg-padding-md .ds-c-drawer__footer,.ds-c-drawer--breakpoint-lg-padding-md .ds-c-drawer__footer-wrapper,.ds-c-drawer--breakpoint-lg-padding-md .ds-c-drawer__header{padding-left:var(--ds-size-spacing-md,8px);padding-right:var(--ds-size-spacing-md,8px)}.ds-c-drawer--breakpoint-lg-padding-lg .ds-c-drawer__content,.ds-c-drawer--breakpoint-lg-padding-lg .ds-c-drawer__footer,.ds-c-drawer--breakpoint-lg-padding-lg .ds-c-drawer__footer-wrapper,.ds-c-drawer--breakpoint-lg-padding-lg .ds-c-drawer__header{padding-left:var(--ds-size-spacing-lg,16px);padding-right:var(--ds-size-spacing-lg,16px)}}.ds-c-drawer .ds-c-drawer-wrapper{display:flex;flex-direction:column}.ds-c-drawer .ds-c-drawer__footer{background-color:var(--ds-color-palette-white,#fff);display:flex;flex-direction:column;gap:var(--ds-size-space-2,8px);justify-content:center;padding-bottom:var(--ds-size-space-4,16px);padding-top:var(--ds-size-space-4,16px)}@media (min-width:640px){.ds-c-drawer .ds-c-drawer__footer{flex-direction:row;gap:var(--ds-size-space-4,16px);justify-content:flex-end}.ds-c-drawer .ds-c-drawer__footer--reverse{flex-direction:row;gap:var(--ds-size-space-4,16px);justify-content:flex-start}}.ds-c-drawer__footer--default-tertiary{margin-right:var(--ds-size-space-0,0)}@media (min-width:640px){.ds-c-drawer__footer--default-tertiary{margin-right:auto}}.ds-c-drawer .ds-c-drawer__footer .ds-c-drawer__footer--default-tertiary{display:none}@media (min-width:640px){.ds-c-drawer .ds-c-drawer__footer .ds-c-drawer__footer--default-tertiary{display:block}.ds-c-drawer .ds-c-drawer__footer--reverse .ds-c-drawer__footer--default-tertiary{display:none}}.ds-c-drawer .ds-c-drawer__footer .ds-c-drawer__footer--default-primary{display:none}@media (min-width:640px){.ds-c-drawer .ds-c-drawer__footer .ds-c-drawer__footer--default-primary{display:block}.ds-c-drawer .ds-c-drawer__footer--reverse .ds-c-drawer__footer--default-primary{display:none}}.ds-c-drawer .ds-c-drawer__footer .ds-c-drawer__footer--reverse-primary{display:block}@media (min-width:640px){.ds-c-drawer .ds-c-drawer__footer .ds-c-drawer__footer--reverse-primary{display:none}.ds-c-drawer .ds-c-drawer__footer--reverse .ds-c-drawer__footer--reverse-primary{display:block}}.ds-c-drawer .ds-c-drawer__footer .ds-c-drawer__footer--reverse-tertiary{display:block}@media (min-width:640px){.ds-c-drawer .ds-c-drawer__footer .ds-c-drawer__footer--reverse-tertiary{display:none}.ds-c-drawer .ds-c-drawer__footer--reverse .ds-c-drawer__footer--reverse-tertiary{display:block}}.ds-c-drawer .ds-c-drawer__footer-wrapper{background-color:var(--ds-color-palette-white,#fff);padding-bottom:var(--ds-size-space-4,16px);padding-top:var(--ds-size-space-4,16px)}.ds-c-drawer--fixed-footer .ds-c-drawer__footer,.ds-c-drawer--fixed-footer .ds-c-drawer__footer-wrapper{bottom:var(--ds-size-space-0,0);position:sticky}.ds-c-drawer .ds-c-drawer__footer--right-tertiary{margin-right:var(--ds-size-space-0,0)}@media (min-width:640px){.ds-c-drawer .ds-c-drawer__footer--right-tertiary{margin-right:var(--ds-size-space-0,0)}}.ds-c-drawer.ds-c-drawer--divider-both .ds-c-drawer__footer,.ds-c-drawer.ds-c-drawer--divider-both .ds-c-drawer__footer-wrapper,.ds-c-drawer.ds-c-drawer--divider-footer .ds-c-drawer__footer,.ds-c-drawer.ds-c-drawer--divider-footer .ds-c-drawer__footer-wrapper{border-style:solid;border-top-width:var(--ds-size-border-width-sm,1px)}.ds-c-drawer.ds-c-drawer--divider-both .ds-c-drawer__header,.ds-c-drawer.ds-c-drawer--divider-header .ds-c-drawer__header{border-bottom-width:var(--ds-size-border-width-sm,1px);border-style:solid}.ds-c-drawer.ds-c-drawer--breakpoint-none-size-sm,.ds-c-drawer.ds-c-drawer--size-sm{width:30%}.ds-c-d-drawer.ds-c-drawer--breakpoint-none-size-md,.ds-c-drawer.ds-c-drawer--size-md{width:60%}.ds-c-drawer.ds-c-drawer--breakpoint-none-size-lg,.ds-c-drawer.ds-c-drawer--size-lg{width:90%}.ds-c-drawer.ds-c-drawer--breakpoint-none-size-full,.ds-c-drawer.ds-c-drawer--breakpoint-sm-size-full{width:100%}@media (min-width:640px){.ds-c-drawer.ds-c-drawer--breakpoint-sm-size-sm{width:30%}.ds-c-drawer.ds-c-drawer--breakpoint-sm-size-md{width:60%}.ds-c-drawer.ds-c-drawer--breakpoint-sm-size-lg{width:90%}.ds-c-drawer.ds-c-drawer--top.ds-c-drawer--breakpoint-sm-size-lg{height:90%}.ds-c-drawer.ds-c-drawer--top.ds-c-drawer--breakpoint-sm-size-md{height:60%}.ds-c-drawer.ds-c-drawer--top.ds-c-drawer--breakpoint-sm-size-sm{height:30%}.ds-c-drawer.ds-c-drawer--bottom.ds-c-drawer--breakpoint-sm-size-lg{height:90%}.ds-c-drawer.ds-c-drawer--bottom.ds-c-drawer--breakpoint-sm-size-md{height:60%}.ds-c-drawer.ds-c-drawer--bottom.ds-c-drawer--breakpoint-sm-size-sm{height:30%}}@media (min-width:768px){.ds-c-drawer.ds-c-drawer--top.ds-c-drawer--breakpoint-md-size-lg{height:90%}.ds-c-drawer.ds-c-drawer--top.ds-c-drawer--breakpoint-md-size-md{height:60%}.ds-c-drawer.ds-c-drawer--top.ds-c-drawer--breakpoint-md-size-sm{height:30%}.ds-c-drawer.ds-c-drawer--bottom.ds-c-drawer--breakpoint-md-size-lg{height:90%}.ds-c-drawer.ds-c-drawer--bottom.ds-c-drawer--breakpoint-md-size-md{height:60%}.ds-c-drawer.ds-c-drawer--bottom.ds-c-drawer--breakpoint-md-size-sm{height:30%}}@media (min-width:1024px){.ds-c-drawer.ds-c-drawer--top.ds-c-drawer--breakpoint-lg-size-lg{height:90%}.ds-c-drawer.ds-c-drawer--top.ds-c-drawer--breakpoint-lg-size-md{height:60%}.ds-c-drawer.ds-c-drawer--top.ds-c-drawer--breakpoint-lg-size-sm{height:30%}.ds-c-drawer.ds-c-drawer--bottom.ds-c-drawer--breakpoint-lg-size-lg{height:90%}.ds-c-drawer.ds-c-drawer--bottom.ds-c-drawer--breakpoint-lg-size-md{height:60%}.ds-c-drawer.ds-c-drawer--bottom.ds-c-drawer--breakpoint-lg-size-sm{height:30%}}@media (min-width:768px){.ds-c-drawer.ds-c-drawer--breakpoint-md-size-sm{width:30%}.ds-c-drawer.ds-c-drawer--breakpoint-md-size-md{width:60%}.ds-c-drawer.ds-c-drawer--breakpoint-md-size-lg{width:90%}}@media (min-width:1024px){.ds-c-drawer.ds-c-drawer--breakpoint-lg-size-sm{width:30%}.ds-c-drawer.ds-c-drawer--breakpoint-lg-size-md{width:60%}.ds-c-drawer.ds-c-drawer--breakpoint-lg-size-lg{width:90%}}</style><style type="text/css">.ds-o-grid{display:grid;gap:var(--ds-size-alias-grid-gap-md,8px)}@media (min-width:768px){.ds-o-grid{gap:var(--ds-size-alias-grid-gap-lg,16px)}}.ds-o-grid--stack__sm{grid-auto-flow:row}@media (min-width:768px){.ds-o-grid--stack__sm{grid-auto-flow:column}}.ds-o-grid--stack__md{grid-auto-flow:row}@media (min-width:1024px){.ds-o-grid--stack__md{grid-auto-flow:column}}.ds-o-grid--stack__lg{grid-auto-flow:row}@media (min-width:1280px){.ds-o-grid--stack__lg{grid-auto-flow:column}}.ds-o-grid--center{justify-content:center}.ds-o-grid-wrapper{display:grid;gap:var(--ds-size-alias-grid-gap-md,8px)}@media (min-width:768px){.ds-o-grid-wrapper{gap:var(--ds-size-alias-grid-gap-lg,16px)}}.ds-o-container{margin-left:auto;margin-right:auto;max-width:100%;padding:.25rem .5rem}@media (min-width:768px){.ds-o-container{padding:.5rem 1rem}}.ds-o-container.ds-o-container__2xs{max-width:var(--ds-size-breakpoint-max-width-2xs,38rem)}.ds-o-container.ds-o-container__xs{max-width:var(--ds-size-breakpoint-max-width-xs,45rem)}.ds-o-container.ds-o-container__sm{max-width:var(--ds-size-breakpoint-max-width-sm,60rem)}.ds-o-container.ds-o-container__md{max-width:var(--ds-size-breakpoint-max-width-md,80rem)}.ds-o-container.ds-o-container__lg{max-width:var(--ds-size-breakpoint-max-width-lg,90rem)}.ds-o-container.ds-o-container__xl{max-width:var(--ds-size-breakpoint-max-width-lg,112rem)}.ds-o-container.ds-o-container--fluid{max-width:none}.ds-sr-only{clip:rect(0,0,0,0);border-width:0;height:1px;margin:-1px;overflow:hidden;padding:0;position:absolute;white-space:nowrap;width:1px}.ds-not-sr-only{clip:auto;height:auto;margin:0;overflow:visible;padding:0;position:static;white-space:normal;width:auto}.ds-col-span-1{grid-column:span 1/span 1}.ds-col-span-10{grid-column:span 10/span 10}.ds-col-span-11{grid-column:span 11/span 11}.ds-col-span-12{grid-column:span 12/span 12}.ds-col-span-2{grid-column:span 2/span 2}.ds-col-span-3{grid-column:span 3/span 3}.ds-col-span-4{grid-column:span 4/span 4}.ds-col-span-5{grid-column:span 5/span 5}.ds-col-span-6{grid-column:span 6/span 6}.ds-col-span-7{grid-column:span 7/span 7}.ds-col-span-8{grid-column:span 8/span 8}.ds-col-span-9{grid-column:span 9/span 9}.ds-col-start-1{grid-column-start:1}.ds-col-start-10{grid-column-start:10}.ds-col-start-11{grid-column-start:11}.ds-col-start-12{grid-column-start:12}.ds-col-start-2{grid-column-start:2}.ds-col-start-3{grid-column-start:3}.ds-col-start-4{grid-column-start:4}.ds-col-start-5{grid-column-start:5}.ds-col-start-6{grid-column-start:6}.ds-col-start-7{grid-column-start:7}.ds-col-start-8{grid-column-start:8}.ds-col-start-9{grid-column-start:9}.ds-col-end-1{grid-column-end:1}.ds-col-end-10{grid-column-end:10}.ds-col-end-11{grid-column-end:11}.ds-col-end-12{grid-column-end:12}.ds-col-end-2{grid-column-end:2}.ds-col-end-3{grid-column-end:3}.ds-col-end-4{grid-column-end:4}.ds-col-end-5{grid-column-end:5}.ds-col-end-6{grid-column-end:6}.ds-col-end-7{grid-column-end:7}.ds-col-end-8{grid-column-end:8}.ds-col-end-9{grid-column-end:9}.ds-row-span-1{grid-row:span 1/span 1}.ds-row-span-2{grid-row:span 2/span 2}.ds-row-span-3{grid-row:span 3/span 3}.ds-row-span-4{grid-row:span 4/span 4}.ds-row-span-5{grid-row:span 5/span 5}.ds-row-span-6{grid-row:span 6/span 6}.ds-mx-0{margin-left:0;margin-right:0}.ds-mx-2{margin-left:.5rem;margin-right:.5rem}.ds-mx-4{margin-left:1rem;margin-right:1rem}.ds-mx-8{margin-left:2rem;margin-right:2rem}.ds-mx-auto{margin-left:auto;margin-right:auto}.ds-my-2{margin-bottom:.5rem;margin-top:.5rem}.ds-block{display:block}.ds-grid{display:grid}.ds-hidden{display:none}.ds-w-\[200vw\]{width:200vw}.ds-max-w-full{max-width:100%}.ds-auto-cols-auto{grid-auto-columns:auto}.ds-auto-cols-fr{grid-auto-columns:minmax(0,1fr)}.ds-auto-cols-max{grid-auto-columns:max-content}.ds-auto-cols-min{grid-auto-columns:min-content}.ds-grid-flow-row{grid-auto-flow:row}.ds-grid-flow-col{grid-auto-flow:column}.ds-grid-flow-dense{grid-auto-flow:dense}.ds-grid-cols-1{grid-template-columns:repeat(1,minmax(0,1fr))}.ds-grid-cols-10{grid-template-columns:repeat(10,minmax(0,1fr))}.ds-grid-cols-11{grid-template-columns:repeat(11,minmax(0,1fr))}.ds-grid-cols-12{grid-template-columns:repeat(12,minmax(0,1fr))}.ds-grid-cols-2{grid-template-columns:repeat(2,minmax(0,1fr))}.ds-grid-cols-3{grid-template-columns:repeat(3,minmax(0,1fr))}.ds-grid-cols-4{grid-template-columns:repeat(4,minmax(0,1fr))}.ds-grid-cols-5{grid-template-columns:repeat(5,minmax(0,1fr))}.ds-grid-cols-6{grid-template-columns:repeat(6,minmax(0,1fr))}.ds-grid-cols-7{grid-template-columns:repeat(7,minmax(0,1fr))}.ds-grid-cols-8{grid-template-columns:repeat(8,minmax(0,1fr))}.ds-grid-cols-9{grid-template-columns:repeat(9,minmax(0,1fr))}.\!ds-gap-lg{gap:var(--ds-size-alias-grid-gap-lg,16px)!important}.\!ds-gap-md{gap:var(--ds-size-alias-grid-gap-md,8px)!important}.\!ds-gap-none{gap:var(--ds-size-alias-grid-gap-none,0)!important}.\!ds-gap-sm{gap:var(--ds-size-alias-grid-gap-sm,4px)!important}.ds-gap-md{gap:var(--ds-size-alias-grid-gap-md,8px)}.ds-overflow-auto{overflow:auto}.ds-overflow-x-auto{overflow-x:auto}.ds-rounded-lg{border-radius:var(--ds-size-border-radius-lg,4px)}.ds-rounded-md{border-radius:var(--ds-size-border-radius-md,2px)}.ds-rounded-sm{border-radius:var(--ds-size-border-radius-sm,1px)}.\!ds-p-0{padding:0!important}.ds-p-0{padding:0}.ds-p-2{padding:.5rem}.ds-px-1{padding-left:.25rem;padding-right:.25rem}.ds-px-2{padding-left:.5rem;padding-right:.5rem}.ds-px-4{padding-left:1rem;padding-right:1rem}.ds-px-8{padding-left:2rem;padding-right:2rem}.ds-py-1{padding-bottom:.25rem;padding-top:.25rem}.ds-py-2{padding-bottom:.5rem;padding-top:.5rem}.ds-py-4{padding-bottom:1rem;padding-top:1rem}.ds-py-8{padding-bottom:2rem;padding-top:2rem}@media (min-width:600px){.xs\:ds-grid-flow-col{grid-auto-flow:column}.xs\:ds-overflow-x-auto{overflow-x:auto}}@media (min-width:640px){.sm\:ds-grid-flow-col{grid-auto-flow:column}.sm\:ds-overflow-x-auto{overflow-x:auto}}@media (min-width:768px){.md\:ds-sr-only{clip:rect(0,0,0,0);border-width:0;height:1px;margin:-1px;overflow:hidden;position:absolute;white-space:nowrap;width:1px}.md\:ds-not-sr-only,.md\:ds-sr-only{padding:0}.md\:ds-not-sr-only{clip:auto;height:auto;margin:0;overflow:visible;position:static;white-space:normal;width:auto}.md\:\!ds-col-span-1{grid-column:span 1/span 1!important}.md\:\!ds-col-span-10{grid-column:span 10/span 10!important}.md\:\!ds-col-span-11{grid-column:span 11/span 11!important}.md\:\!ds-col-span-12{grid-column:span 12/span 12!important}.md\:\!ds-col-span-2{grid-column:span 2/span 2!important}.md\:\!ds-col-span-3{grid-column:span 3/span 3!important}.md\:\!ds-col-span-4{grid-column:span 4/span 4!important}.md\:\!ds-col-span-5{grid-column:span 5/span 5!important}.md\:\!ds-col-span-6{grid-column:span 6/span 6!important}.md\:\!ds-col-span-7{grid-column:span 7/span 7!important}.md\:\!ds-col-span-8{grid-column:span 8/span 8!important}.md\:\!ds-col-span-9{grid-column:span 9/span 9!important}.md\:\!ds-col-start-1{grid-column-start:1!important}.md\:\!ds-col-start-10{grid-column-start:10!important}.md\:\!ds-col-start-11{grid-column-start:11!important}.md\:\!ds-col-start-12{grid-column-start:12!important}.md\:\!ds-col-start-2{grid-column-start:2!important}.md\:\!ds-col-start-3{grid-column-start:3!important}.md\:\!ds-col-start-4{grid-column-start:4!important}.md\:\!ds-col-start-5{grid-column-start:5!important}.md\:\!ds-col-start-6{grid-column-start:6!important}.md\:\!ds-col-start-7{grid-column-start:7!important}.md\:\!ds-col-start-8{grid-column-start:8!important}.md\:\!ds-col-start-9{grid-column-start:9!important}.md\:\!ds-col-end-1{grid-column-end:1!important}.md\:\!ds-col-end-10{grid-column-end:10!important}.md\:\!ds-col-end-11{grid-column-end:11!important}.md\:\!ds-col-end-12{grid-column-end:12!important}.md\:\!ds-col-end-2{grid-column-end:2!important}.md\:\!ds-col-end-3{grid-column-end:3!important}.md\:\!ds-col-end-4{grid-column-end:4!important}.md\:\!ds-col-end-5{grid-column-end:5!important}.md\:\!ds-col-end-6{grid-column-end:6!important}.md\:\!ds-col-end-7{grid-column-end:7!important}.md\:\!ds-col-end-8{grid-column-end:8!important}.md\:\!ds-col-end-9{grid-column-end:9!important}.md\:\!ds-row-span-1{grid-row:span 1/span 1!important}.md\:\!ds-row-span-2{grid-row:span 2/span 2!important}.md\:\!ds-row-span-3{grid-row:span 3/span 3!important}.md\:\!ds-row-span-4{grid-row:span 4/span 4!important}.md\:\!ds-row-span-5{grid-row:span 5/span 5!important}.md\:\!ds-row-span-6{grid-row:span 6/span 6!important}.md\:\!ds-mx-0{margin-left:0!important;margin-right:0!important}.md\:\!ds-mx-2{margin-left:.5rem!important;margin-right:.5rem!important}.md\:\!ds-mx-4{margin-left:1rem!important;margin-right:1rem!important}.md\:\!ds-mx-8{margin-left:2rem!important;margin-right:2rem!important}.md\:ds-block{display:block}.md\:ds-hidden{display:none}.md\:ds-grid-flow-col{grid-auto-flow:column}.md\:\!ds-grid-cols-1{grid-template-columns:repeat(1,minmax(0,1fr))!important}.md\:\!ds-grid-cols-10{grid-template-columns:repeat(10,minmax(0,1fr))!important}.md\:\!ds-grid-cols-11{grid-template-columns:repeat(11,minmax(0,1fr))!important}.md\:\!ds-grid-cols-12{grid-template-columns:repeat(12,minmax(0,1fr))!important}.md\:\!ds-grid-cols-2{grid-template-columns:repeat(2,minmax(0,1fr))!important}.md\:\!ds-grid-cols-3{grid-template-columns:repeat(3,minmax(0,1fr))!important}.md\:\!ds-grid-cols-4{grid-template-columns:repeat(4,minmax(0,1fr))!important}.md\:\!ds-grid-cols-5{grid-template-columns:repeat(5,minmax(0,1fr))!important}.md\:\!ds-grid-cols-6{grid-template-columns:repeat(6,minmax(0,1fr))!important}.md\:\!ds-grid-cols-7{grid-template-columns:repeat(7,minmax(0,1fr))!important}.md\:\!ds-grid-cols-8{grid-template-columns:repeat(8,minmax(0,1fr))!important}.md\:\!ds-grid-cols-9{grid-template-columns:repeat(9,minmax(0,1fr))!important}.md\:\!ds-gap-lg{gap:var(--ds-size-alias-grid-gap-lg,16px)!important}.md\:\!ds-gap-md{gap:var(--ds-size-alias-grid-gap-md,8px)!important}.md\:\!ds-gap-none{gap:var(--ds-size-alias-grid-gap-none,0)!important}.md\:\!ds-gap-sm{gap:var(--ds-size-alias-grid-gap-sm,4px)!important}.md\:ds-overflow-x-auto{overflow-x:auto}.md\:\!ds-p-0{padding:0!important}.md\:ds-p-4{padding:1rem}.md\:\!ds-px-1{padding-left:.25rem!important;padding-right:.25rem!important}.md\:\!ds-px-2{padding-left:.5rem!important;padding-right:.5rem!important}.md\:\!ds-px-4{padding-left:1rem!important;padding-right:1rem!important}.md\:\!ds-py-2{padding-bottom:.5rem!important;padding-top:.5rem!important}.md\:\!ds-py-4{padding-bottom:1rem!important;padding-top:1rem!important}.md\:\!ds-py-8{padding-bottom:2rem!important;padding-top:2rem!important}.md\:ds-px-4{padding-left:1rem;padding-right:1rem}.md\:ds-py-2{padding-bottom:.5rem;padding-top:.5rem}.md\:ds-py-4{padding-bottom:1rem;padding-top:1rem}.md\:ds-py-6{padding-bottom:1.5rem;padding-top:1.5rem}}@media (min-width:1024px){.lg\:ds-sr-only{clip:rect(0,0,0,0);border-width:0;height:1px;margin:-1px;overflow:hidden;position:absolute;white-space:nowrap;width:1px}.lg\:ds-not-sr-only,.lg\:ds-sr-only{padding:0}.lg\:ds-not-sr-only{clip:auto;height:auto;margin:0;overflow:visible;position:static;white-space:normal;width:auto}.lg\:\!ds-col-span-1{grid-column:span 1/span 1!important}.lg\:\!ds-col-span-10{grid-column:span 10/span 10!important}.lg\:\!ds-col-span-11{grid-column:span 11/span 11!important}.lg\:\!ds-col-span-12{grid-column:span 12/span 12!important}.lg\:\!ds-col-span-2{grid-column:span 2/span 2!important}.lg\:\!ds-col-span-3{grid-column:span 3/span 3!important}.lg\:\!ds-col-span-4{grid-column:span 4/span 4!important}.lg\:\!ds-col-span-5{grid-column:span 5/span 5!important}.lg\:\!ds-col-span-6{grid-column:span 6/span 6!important}.lg\:\!ds-col-span-7{grid-column:span 7/span 7!important}.lg\:\!ds-col-span-8{grid-column:span 8/span 8!important}.lg\:\!ds-col-span-9{grid-column:span 9/span 9!important}.lg\:\!ds-col-start-1{grid-column-start:1!important}.lg\:\!ds-col-start-10{grid-column-start:10!important}.lg\:\!ds-col-start-11{grid-column-start:11!important}.lg\:\!ds-col-start-12{grid-column-start:12!important}.lg\:\!ds-col-start-2{grid-column-start:2!important}.lg\:\!ds-col-start-3{grid-column-start:3!important}.lg\:\!ds-col-start-4{grid-column-start:4!important}.lg\:\!ds-col-start-5{grid-column-start:5!important}.lg\:\!ds-col-start-6{grid-column-start:6!important}.lg\:\!ds-col-start-7{grid-column-start:7!important}.lg\:\!ds-col-start-8{grid-column-start:8!important}.lg\:\!ds-col-start-9{grid-column-start:9!important}.lg\:\!ds-col-end-1{grid-column-end:1!important}.lg\:\!ds-col-end-10{grid-column-end:10!important}.lg\:\!ds-col-end-11{grid-column-end:11!important}.lg\:\!ds-col-end-12{grid-column-end:12!important}.lg\:\!ds-col-end-2{grid-column-end:2!important}.lg\:\!ds-col-end-3{grid-column-end:3!important}.lg\:\!ds-col-end-4{grid-column-end:4!important}.lg\:\!ds-col-end-5{grid-column-end:5!important}.lg\:\!ds-col-end-6{grid-column-end:6!important}.lg\:\!ds-col-end-7{grid-column-end:7!important}.lg\:\!ds-col-end-8{grid-column-end:8!important}.lg\:\!ds-col-end-9{grid-column-end:9!important}.lg\:\!ds-row-span-1{grid-row:span 1/span 1!important}.lg\:\!ds-row-span-2{grid-row:span 2/span 2!important}.lg\:\!ds-row-span-3{grid-row:span 3/span 3!important}.lg\:\!ds-row-span-4{grid-row:span 4/span 4!important}.lg\:\!ds-row-span-5{grid-row:span 5/span 5!important}.lg\:\!ds-row-span-6{grid-row:span 6/span 6!important}.lg\:\!ds-mx-0{margin-left:0!important;margin-right:0!important}.lg\:\!ds-mx-2{margin-left:.5rem!important;margin-right:.5rem!important}.lg\:\!ds-mx-8{margin-left:2rem!important;margin-right:2rem!important}.lg\:ds-block{display:block}.lg\:ds-hidden{display:none}.lg\:ds-grid-flow-col{grid-auto-flow:column}.lg\:\!ds-grid-cols-1{grid-template-columns:repeat(1,minmax(0,1fr))!important}.lg\:\!ds-grid-cols-10{grid-template-columns:repeat(10,minmax(0,1fr))!important}.lg\:\!ds-grid-cols-11{grid-template-columns:repeat(11,minmax(0,1fr))!important}.lg\:\!ds-grid-cols-12{grid-template-columns:repeat(12,minmax(0,1fr))!important}.lg\:\!ds-grid-cols-2{grid-template-columns:repeat(2,minmax(0,1fr))!important}.lg\:\!ds-grid-cols-3{grid-template-columns:repeat(3,minmax(0,1fr))!important}.lg\:\!ds-grid-cols-4{grid-template-columns:repeat(4,minmax(0,1fr))!important}.lg\:\!ds-grid-cols-5{grid-template-columns:repeat(5,minmax(0,1fr))!important}.lg\:\!ds-grid-cols-6{grid-template-columns:repeat(6,minmax(0,1fr))!important}.lg\:\!ds-grid-cols-7{grid-template-columns:repeat(7,minmax(0,1fr))!important}.lg\:\!ds-grid-cols-8{grid-template-columns:repeat(8,minmax(0,1fr))!important}.lg\:\!ds-grid-cols-9{grid-template-columns:repeat(9,minmax(0,1fr))!important}.lg\:\!ds-gap-lg{gap:var(--ds-size-alias-grid-gap-lg,16px)!important}.lg\:\!ds-gap-md{gap:var(--ds-size-alias-grid-gap-md,8px)!important}.lg\:\!ds-gap-none{gap:var(--ds-size-alias-grid-gap-none,0)!important}.lg\:\!ds-gap-sm{gap:var(--ds-size-alias-grid-gap-sm,4px)!important}.lg\:ds-overflow-x-auto{overflow-x:auto}.lg\:\!ds-p-0{padding:0!important}.lg\:\!ds-px-1{padding-left:.25rem!important;padding-right:.25rem!important}.lg\:\!ds-px-2{padding-left:.5rem!important;padding-right:.5rem!important}.lg\:\!ds-px-4{padding-left:1rem!important;padding-right:1rem!important}.lg\:\!ds-py-2{padding-bottom:.5rem!important;padding-top:.5rem!important}.lg\:\!ds-py-4{padding-bottom:1rem!important;padding-top:1rem!important}.lg\:\!ds-py-8{padding-bottom:2rem!important;padding-top:2rem!important}}</style><style id="ds-css-@sainsburys-tech/fable-3.53.0-modal" type="text/css">.ds-c-modal{border-radius:var(--ds-size-border-radius-base,2px);border-style:none;height:-moz-fit-content;height:fit-content;overflow-wrap:break-word;overflow-y:auto;overscroll-behavior:contain;width:-moz-fit-content;width:fit-content}@media (min-width:640px){.ds-c-modal{max-width:1024px;width:66.666667%}}.ds-c-modal .ds-c-modal__wrapper{flex-direction:column;height:-moz-fit-content;height:fit-content;max-height:calc(100% - var(--ds-size-spacing-2xl));min-width:100%;padding:var(--ds-size-space-0,0) var(--ds-size-space-2,8px);width:-moz-fit-content;width:fit-content}@media (min-width:640px){.ds-c-modal .ds-c-modal__wrapper{max-width:1024px;padding-left:var(--ds-size-space-4,16px);padding-right:var(--ds-size-space-4,16px)}}.ds-c-modal--open .ds-c-modal__wrapper{display:flex;min-height:-moz-fit-content;min-height:fit-content}.ds-c-modal::backdrop{background-color:var(--ds-color-alias-dim-default)}.ds-c-modal__header{align-items:flex-start;background-color:var(--ds-color-palette-white,#fff);display:flex;flex-direction:row;gap:var(--ds-size-space-2,8px);justify-content:space-between;padding-bottom:var(--ds-size-space-4,16px);padding-top:var(--ds-size-space-4,16px)}.ds-c-modal--fixed-header .ds-c-modal__header{position:sticky;top:var(--ds-size-space-0,0)}.ds-c-modal__header--icon{display:flex;height:var(--ds-size-spacing-xl);width:var(--ds-size-spacing-xl)}.ds-c-modal__header--text-wrapper{display:flex;flex-direction:column}.ds-c-modal__header--label-wrapper{display:flex;gap:var(--ds-size-spacing-sm)}.ds-c-modal__header--label{color:var(--ds-color-alias-form-label-default);font-family:var(--ds-font-family-brand,"Roboto",Arial,Helvetica,sans-serif);font-size:var(--ds-font-size-label-2,1.125rem);font-weight:var(--ds-font-stack-label-2-font-weight,700);line-height:var(--ds-font-stack-label-2-line-height,1.5)}.ds-c-modal__header--supporting-text{color:var(--ds-color-alias-text);font-size:var(--ds-font-size-caption,.875rem);font-weight:var(--ds-font-stack-caption-font-weight,400);line-height:var(--ds-font-stack-caption-line-height,1.571428571428571)}.ds-c-modal__header--with-icon .ds-c-modal__header--supporting-text{padding-left:calc(var(--ds-size-spacing-xl) + var(--ds-size-spacing-sm))}.ds-c-modal--no-header .ds-c-modal__content{margin-top:var(--ds-size-space-4,16px)}.ds-c-modal--no-footer .ds-c-modal__content{margin-bottom:var(--ds-size-space-4,16px)}.ds-c-modal .ds-c-modal__footer,.ds-c-modal .ds-c-modal__footer-wrapper{background-color:var(--ds-color-palette-white,#fff);display:flex;flex-direction:column;padding-bottom:var(--ds-size-space-4,16px)}.ds-c-modal .ds-c-modal__footer{gap:var(--ds-size-space-2,8px);justify-content:center;padding-top:var(--ds-size-space-4,16px)}@media (min-width:640px){.ds-c-modal .ds-c-modal__footer{flex-direction:row;gap:var(--ds-size-space-4,16px);justify-content:flex-end}.ds-c-modal .ds-c-modal__footer--reverse{flex-direction:row;gap:var(--ds-size-space-4,16px);justify-content:flex-start}}.ds-c-modal__footer--default-tertiary{margin-right:var(--ds-size-space-0,0)}@media (min-width:640px){.ds-c-modal__footer--default-tertiary{margin-right:auto}}.ds-c-modal .ds-c-modal__footer .ds-c-modal__footer--default-tertiary{display:none}@media (min-width:640px){.ds-c-modal .ds-c-modal__footer .ds-c-modal__footer--default-tertiary{display:flex}.ds-c-modal .ds-c-modal__footer--reverse .ds-c-modal__footer--default-tertiary{display:none}}.ds-c-modal .ds-c-modal__footer .ds-c-modal__footer--default-primary{display:none}@media (min-width:640px){.ds-c-modal .ds-c-modal__footer .ds-c-modal__footer--default-primary{display:flex}.ds-c-modal .ds-c-modal__footer--reverse .ds-c-modal__footer--default-primary{display:none}}.ds-c-modal .ds-c-modal__footer .ds-c-modal__footer--reverse-primary{display:flex}@media (min-width:640px){.ds-c-modal .ds-c-modal__footer .ds-c-modal__footer--reverse-primary{display:none}.ds-c-modal .ds-c-modal__footer--reverse .ds-c-modal__footer--reverse-primary{display:flex}}.ds-c-modal .ds-c-modal__footer .ds-c-modal__footer--reverse-tertiary{display:flex}@media (min-width:640px){.ds-c-modal .ds-c-modal__footer .ds-c-modal__footer--reverse-tertiary{display:none}.ds-c-modal .ds-c-modal__footer--reverse .ds-c-modal__footer--reverse-tertiary{display:flex}}.ds-c-modal--fixed-footer .ds-c-modal__footer,.ds-c-modal--fixed-footer .ds-c-modal__footer-wrapper{bottom:var(--ds-size-space-0,0);position:sticky}.ds-c-modal .ds-c-modal__footer--right-tertiary{margin-right:var(--ds-size-space-0,0)}@media (min-width:640px){.ds-c-modal .ds-c-modal__footer--right-tertiary{margin-right:var(--ds-size-space-0,0)}}.ds-c-modal .ds-c-modal__header .ds-c-modal__header--dismissible-icon>.ds-c-button.ds-c-button--icon{min-height:var(--ds-size-spacing-xl);min-width:var(--ds-size-spacing-xl)}.ds-c-modal .ds-c-modal__header .ds-c-modal__header--dismissible-icon>.ds-c-button.ds-c-button--icon .ds-c-button__icon{display:inline-flex;height:var(--ds-size-spacing-xl);width:var(--ds-size-spacing-xl)}body:has(dialog[open]){overflow:hidden}</style><style id="ds-css-@sainsburys-tech/fable-3.53.0-loadingindicator" type="text/css">@keyframes ds-animation-bar{to{transform:translateX(200%)}}.ds-c-loading-indicator{align-items:center;display:flex;justify-content:center}.ds-c-loading-indicator--primary{width:-moz-fit-content;width:fit-content}.ds-c-loading-indicator--secondary{width:100%}.ds-c-loading-indicator--stacked{flex-direction:column}.ds-c-loading-indicator--inline{flex-direction:row}.ds-c-loading-indicator .ds-c-loading-indicator__progressbar:focus,.ds-c-loading-indicator .ds-c-loading-indicator__progressbar:focus-visible{outline:2px solid transparent;outline-offset:2px}.ds-c-loading-indicator .ds-c-loading-indicator__message{color:var(--ds-color-monochrome-dark,#404040);font-family:var(--ds-font-family-brand,"Roboto",Arial,Helvetica,sans-serif);font-size:var(--ds-font-size-label-2,1.125rem);font-weight:var(--ds-font-stack-label-2-font-weight,700);line-height:var(--ds-font-stack-label-2-line-height,1.5)}.ds-c-loading-indicator[data-scheme=dark] .ds-c-loading-indicator__message{color:var(--ds-color-monochrome-dark,#404040)}.ds-c-loading-indicator[data-scheme=light] .ds-c-loading-indicator__message{color:var(--ds-color-palette-white,#fff)}.ds-c-loading-indicator.ds-c-loading-indicator--stacked .ds-c-loading-indicator__message{padding:var(--ds-size-spacing-md,8px) var(--ds-size-space-0,0)}.ds-c-loading-indicator.ds-c-loading-indicator--inline .ds-c-loading-indicator__message{padding:var(--ds-size-space-0,0) var(--ds-size-spacing-md,8px)}.ds-c-loading-indicator .ds-c-spinner{display:inline-block}@keyframes ds-spin{to{transform:rotate(1turn)}}.ds-c-loading-indicator .ds-c-spinner{animation:ds-spin 1s linear infinite}.ds-c-loading-indicator--determinate .ds-c-spinner{--tw-rotate:-90deg;animation:none;transform:translate(var(--tw-translate-x),var(--tw-translate-y)) rotate(var(--tw-rotate)) skewX(var(--tw-skew-x)) skewY(var(--tw-skew-y)) scaleX(var(--tw-scale-x)) scaleY(var(--tw-scale-y));transform-origin:center}.ds-c-loading-indicator .ds-c-spinner .ds-c-spinner__circle{stroke:var(--ds-color-alias-loading-indicator-default-active);transition:stroke-dashoffset var(--ds-modifier-transition-duration) ease-in}.ds-c-loading-indicator[data-scheme=light] .ds-c-spinner .ds-c-spinner__circle{stroke:var(--ds-color-alias-loading-indicator-light-active)}.ds-c-loading-indicator[data-scheme=dark] .ds-c-spinner .ds-c-spinner__circle{stroke:var(--ds-color-alias-loading-indicator-dark-active)}.ds-c-loading-indicator .ds-c-spinner .ds-c-spinner__circle:first-child{stroke-opacity:var(--ds-modifier-opacity-30)}.ds-c-loading-indicator.ds-c-loading-indicator--secondary .ds-c-loading-indicator__progressbar{width:100%}.ds-c-loading-indicator .ds-c-bar{background-color:var(--ds-color-alias-loading-indicator-default-inactive);overflow:hidden;position:relative;width:100%}.ds-c-loading-indicator[data-scheme=dark] .ds-c-bar{background-color:var(--ds-color-alias-loading-indicator-dark-inactive)}.ds-c-loading-indicator[data-scheme=light] .ds-c-bar{background-color:var(--ds-color-alias-loading-indicator-light-inactive)}.ds-c-loading-indicator:not(.ds-c-loading-indicator--determinate) .ds-c-bar:after,.ds-c-loading-indicator:not(.ds-c-loading-indicator--determinate) .ds-c-bar:before{--tw-translate-x:-100%;animation:ds-animation-bar 2s ease-in-out infinite;background-color:var(--ds-color-alias-loading-indicator-default-active);content:"";height:100%;inset:var(--ds-size-space-0,0);position:absolute;transform:translate(var(--tw-translate-x),var(--tw-translate-y)) rotate(var(--tw-rotate)) skewX(var(--tw-skew-x)) skewY(var(--tw-skew-y)) scaleX(var(--tw-scale-x)) scaleY(var(--tw-scale-y));width:50%}.ds-c-loading-indicator:not(.ds-c-loading-indicator--determinate) .ds-c-bar:after{animation-delay:1s}.ds-c-loading-indicator:not(.ds-c-loading-indicator--determinate)[data-scheme=dark] .ds-c-bar:after,.ds-c-loading-indicator:not(.ds-c-loading-indicator--determinate)[data-scheme=dark] .ds-c-bar:before{background-color:var(--ds-color-alias-loading-indicator-dark-active)}.ds-c-loading-indicator:not(.ds-c-loading-indicator--determinate)[data-scheme=light] .ds-c-bar:after,.ds-c-loading-indicator:not(.ds-c-loading-indicator--determinate)[data-scheme=light] .ds-c-bar:before{background-color:var(--ds-color-alias-loading-indicator-light-active)}.ds-c-loading-indicator.ds-c-loading-indicator--determinate .ds-c-bar__progress{background-color:var(--ds-color-alias-loading-indicator-default-active);content:"";display:block;height:100%;transition:width var(--ds-modifier-transition-duration) ease-in}.ds-c-bar--md{height:var(--ds-size-spacing-sm)}.ds-c-bar--lg{height:var(--ds-size-spacing-md)}.ds-c-loading-indicator--sr-only{clip:rect(0,0,0,0);border-width:0;height:1px;margin:-1px;overflow:hidden;padding:0;position:absolute;white-space:nowrap;width:1px}</style><style id="ds-css-@sainsburys-tech/fable-3.53.0-button" type="text/css">.ds-c-button[data-scheme=ds-global-cta--monochrome-dark]{--ds-color-alias-cta-primary-default-background:var(
        --ds-color-monochrome-black
);--ds-color-alias-cta-primary-hover-background:var(
        --ds-color-alias-cta-scheme-monochrome-dark-primary-hover-background
);--ds-color-alias-cta-primary-active-background:var(
        --ds-color-monochrome-dark
);--ds-color-alias-cta-secondary-default-border:var(
        --ds-color-monochrome-black
);--ds-color-alias-cta-secondary-default-text:var(--ds-color-monochrome-black);--ds-color-alias-cta-secondary-hover-background:var(
        --ds-color-alias-cta-scheme-monochrome-dark-secondary-hover-background
);--ds-color-alias-cta-secondary-hover-border:var(--ds-color-monochrome-black);--ds-color-alias-cta-secondary-hover-text:var(--ds-color-monochrome-black);--ds-color-alias-cta-secondary-active-background:var(
        --ds-color-alias-cta-scheme-monochrome-dark-secondary-active-background
);--ds-color-alias-cta-secondary-active-text:var(--ds-color-monochrome-black);--ds-color-alias-cta-secondary-active-border:var(
        --ds-color-monochrome-black
);--ds-color-alias-cta-tertiary-default-background:var(
        --ds-color-alias-cta-tertiary-default-background
);--ds-color-alias-cta-tertiary-default-text:var(--ds-color-monochrome-black);--ds-color-alias-cta-tertiary-hover-background:var(
        --ds-color-alias-cta-scheme-monochrome-dark-tertiary-hover-background
);--ds-color-alias-cta-tertiary-hover-text:var(--ds-color-monochrome-black);--ds-color-alias-cta-tertiary-active-background:var(
        --ds-color-alias-cta-scheme-monochrome-dark-tertiary-active-background
);--ds-color-alias-cta-tertiary-active-text:var(--ds-color-monochrome-black)}.ds-c-button[data-scheme=ds-global-cta--monochrome-light]{--ds-color-alias-cta-primary-default-background:var(
        --ds-color-monochrome-white
);--ds-color-alias-cta-primary-hover-background:var(
        --ds-color-monochrome-lighter
);--ds-color-alias-cta-primary-active-background:var(
        --ds-color-monochrome-light
);--ds-color-alias-cta-primary-default-text:var(--ds-color-monochrome-black);--ds-color-alias-cta-primary-hover-text:var(--ds-color-monochrome-black);--ds-color-alias-cta-primary-active-text:var(--ds-color-monochrome-black);--ds-color-alias-cta-primary-disabled-text:var(--ds-color-monochrome-black);--ds-color-alias-cta-secondary-default-background:var(
        --ds-color-alias-cta-scheme-monochrome-light-secondary-default-background
);--ds-color-alias-cta-secondary-default-border:var(
        --ds-color-monochrome-white
);--ds-color-alias-cta-secondary-default-text:var(--ds-color-monochrome-white);--ds-color-alias-cta-secondary-hover-background:var(
        --ds-color-monochrome-dark
);--ds-color-alias-cta-secondary-hover-border:var(--ds-color-monochrome-white);--ds-color-alias-cta-secondary-hover-text:var(--ds-color-monochrome-white);--ds-color-alias-cta-secondary-active-background:var(
        --ds-color-monochrome-base
);--ds-color-alias-cta-secondary-active-text:var(--ds-color-monochrome-white);--ds-color-alias-cta-secondary-active-border:var(
        --ds-color-monochrome-white
);--ds-color-alias-cta-tertiary-default-background:var(
        --ds-color-alias-cta-tertiary-default-background
);--ds-color-alias-cta-tertiary-default-text:var(--ds-color-monochrome-white);--ds-color-alias-cta-tertiary-hover-background:var(
        --ds-color-monochrome-dark
);--ds-color-alias-cta-tertiary-hover-text:var(--ds-color-monochrome-white);--ds-color-alias-cta-tertiary-active-background:var(
        --ds-color-monochrome-base
);--ds-color-alias-cta-tertiary-active-text:var(--ds-color-monochrome-white)}.ds-c-button[data-scheme=ds-global-cta--brand-1]{--ds-color-alias-cta-primary-default-background:var(
        --ds-color-alias-cta-scheme-brand-1-primary-default-background
);--ds-color-alias-cta-primary-default-text:var(
        --ds-color-alias-cta-scheme-brand-1-primary-default-text
);--ds-color-alias-cta-primary-hover-background:var(
        --ds-color-alias-cta-scheme-brand-1-primary-hover-background
);--ds-color-alias-cta-primary-hover-text:var(
        --ds-color-alias-cta-scheme-brand-1-primary-hover-text
);--ds-color-alias-cta-primary-active-background:var(
        --ds-color-alias-cta-scheme-brand-1-primary-active-background
);--ds-color-alias-cta-primary-active-text:var(
        --ds-color-alias-cta-scheme-brand-1-primary-active-text
);--ds-color-alias-cta-primary-disabled-background:var(
        --ds-color-alias-cta-scheme-brand-1-primary-disabled-background
);--ds-color-alias-cta-primary-disabled-text:var(
        --ds-color-alias-cta-scheme-brand-1-primary-disabled-text
);--ds-color-alias-cta-secondary-default-background:var(
        --ds-color-alias-cta-scheme-brand-1-secondary-default-background
);--ds-color-alias-cta-secondary-default-border:var(
        --ds-color-alias-cta-scheme-brand-1-secondary-default-border
);--ds-color-alias-cta-secondary-default-text:var(
        --ds-color-alias-cta-scheme-brand-1-secondary-default-text
);--ds-color-alias-cta-secondary-hover-background:var(
        --ds-color-alias-cta-scheme-brand-1-secondary-hover-background
);--ds-color-alias-cta-secondary-hover-border:var(
        --ds-color-alias-cta-scheme-brand-1-secondary-hover-border
);--ds-color-alias-cta-secondary-hover-text:var(
        --ds-color-alias-cta-scheme-brand-1-secondary-hover-text
);--ds-color-alias-cta-secondary-active-background:var(
        --ds-color-alias-cta-scheme-brand-1-secondary-active-background
);--ds-color-alias-cta-secondary-active-border:var(
        --ds-color-alias-cta-scheme-brand-1-secondary-active-border
);--ds-color-alias-cta-secondary-active-text:var(
        --ds-color-alias-cta-scheme-brand-1-secondary-active-text
);--ds-color-alias-cta-secondary-disabled-background:var(
        --ds-color-alias-cta-scheme-brand-1-secondary-disabled-background
);--ds-color-alias-cta-secondary-disabled-border:var(
        --ds-color-alias-cta-scheme-brand-1-secondary-disabled-border
);--ds-color-alias-cta-secondary-disabled-text:var(
        --ds-color-alias-cta-scheme-brand-1-secondary-disabled-text
);--ds-color-alias-cta-tertiary-default-background:var(
        --ds-color-alias-cta-scheme-brand-1-tertiary-default-background
);--ds-color-alias-cta-tertiary-default-border:var(
        --ds-color-alias-cta-scheme-brand-1-tertiary-default-border
);--ds-color-alias-cta-tertiary-default-text:var(
        --ds-color-alias-cta-scheme-brand-1-tertiary-default-text
);--ds-color-alias-cta-tertiary-hover-background:var(
        --ds-color-alias-cta-scheme-brand-1-tertiary-hover-background
);--ds-color-alias-cta-tertiary-hover-border:var(
        --ds-color-alias-cta-scheme-brand-1-tertiary-hover-border
);--ds-color-alias-cta-tertiary-hover-text:var(
        --ds-color-alias-cta-scheme-brand-1-tertiary-hover-text
);--ds-color-alias-cta-tertiary-active-background:var(
        --ds-color-alias-cta-scheme-brand-1-tertiary-active-background
);--ds-color-alias-cta-tertiary-active-border:var(
        --ds-color-alias-cta-scheme-brand-1-tertiary-active-border
);--ds-color-alias-cta-tertiary-active-text:var(
        --ds-color-alias-cta-scheme-brand-1-tertiary-active-text
);--ds-color-alias-cta-tertiary-disabled-background:var(
        --ds-color-alias-cta-scheme-brand-1-tertiary-disabled-background
);--ds-color-alias-cta-tertiary-disabled-text:var(
        --ds-color-alias-cta-scheme-brand-1-tertiary-disabled-text
)}.ds-c-button{-webkit-font-smoothing:antialiased;-moz-osx-font-smoothing:grayscale;border-radius:var(--ds-size-border-radius-base,2px);border-width:0;box-sizing:border-box;cursor:pointer;font-family:var(--ds-font-family-brand,"Roboto",Arial,Helvetica,sans-serif);font-size:var(--ds-font-size-label-2,1.125rem);font-weight:var(--ds-font-stack-label-2-font-weight,700);line-height:var(--ds-font-stack-label-2-line-height,1.5);padding:var(--ds-size-spacing-md,8px) var(--ds-size-spacing-xl,24px);text-align:center;text-decoration-line:none;touch-action:manipulation;transition-duration:var(--ds-modifier-transition-duration);transition-property:background-color,border-color,color;transition-timing-function:var(--ds-modifier-transition-timing)}.ds-c-button--loading{cursor:pointer;pointer-events:none;position:relative}.ds-c-button,.ds-c-button.ds-c-button--md{min-height:var(--ds-size-spacing-4xl);min-width:var(--ds-size-spacing-4xl)}.ds-c-button:not(button){align-items:center;display:inline-flex;justify-content:center}.ds-c-button.ds-c-button--full{width:100%}.ds-c-button.ds-c-button--rounded{border-radius:9999px}.ds-c-button.ds-c-button--sm{min-height:var(--ds-size-space-8);min-width:var(--ds-size-space-8)}.ds-c-button.ds-c-button--sm,.ds-c-button.ds-c-button--xs{padding-bottom:var(--ds-size-space-0,0);padding-top:var(--ds-size-space-0,0)}.ds-c-button.ds-c-button--xs{line-height:1;min-height:var(--ds-size-space-6);min-width:var(--ds-size-space-6)}.ds-c-button.ds-c-button--primary{background-color:var(--ds-color-alias-cta-primary-default-background);border-color:transparent;border-style:solid;border-width:var(--ds-size-border-width-base,2px);color:var(--ds-color-alias-cta-primary-default-text)}.ds-c-button.ds-c-button--primary:focus:not(:disabled,.ds-c-button--disabled),.ds-c-button.ds-c-button--primary:hover:not(:disabled,.ds-c-button--disabled){background-color:var(--ds-color-alias-cta-primary-hover-background);border-color:transparent;color:var(--ds-color-alias-cta-primary-hover-text)}.ds-c-button.ds-c-button--primary.ds-c-button--loading:not(:disabled,.ds-c-button--disabled),.ds-c-button.ds-c-button--primary:active:not(:disabled,.ds-c-button--disabled){background-color:var(--ds-color-alias-cta-primary-active-background);border-color:var(--ds-color-alias-cta-primary-active-background);color:var(--ds-color-alias-cta-primary-active-text)}.ds-c-button.ds-c-button--secondary{background-color:var(--ds-color-alias-cta-secondary-default-background);border-color:var(--ds-color-alias-cta-secondary-default-border);border-style:solid;border-width:var(--ds-size-border-width-base,2px);color:var(--ds-color-alias-cta-secondary-default-text)}.ds-c-button.ds-c-button--secondary:focus:not(:disabled,.ds-c-button--disabled),.ds-c-button.ds-c-button--secondary:hover:not(:disabled,.ds-c-button--disabled){background-color:var(--ds-color-alias-cta-secondary-hover-background);border-color:var(--ds-color-alias-cta-secondary-hover-border);color:var(--ds-color-alias-cta-secondary-hover-text)}.ds-c-button.ds-c-button--secondary.ds-c-button--loading:not(:disabled,.ds-c-button--disabled),.ds-c-button.ds-c-button--secondary:active:not(:disabled,.ds-c-button--disabled){background-color:var(--ds-color-alias-cta-secondary-active-background);border-color:var(--ds-color-alias-cta-secondary-active-border);color:var(--ds-color-alias-cta-secondary-active-text)}.ds-c-button.ds-c-button--tertiary{background-color:var(--ds-color-alias-cta-tertiary-default-background);border-color:transparent;border-width:var(--ds-size-border-width-base,2px);color:var(--ds-color-alias-cta-tertiary-default-text)}.ds-c-button.ds-c-button--tertiary:focus:not(:disabled,.ds-c-button--disabled),.ds-c-button.ds-c-button--tertiary:hover:not(:disabled,.ds-c-button--disabled){background-color:var(--ds-color-alias-cta-tertiary-hover-background);color:var(--ds-color-alias-cta-tertiary-hover-text)}.ds-c-button.ds-c-button--tertiary.ds-c-button--loading:not(:disabled,.ds-c-button--disabled),.ds-c-button.ds-c-button--tertiary:active:not(:disabled,.ds-c-button--disabled){background-color:var(--ds-color-alias-cta-tertiary-active-background);color:var(--ds-color-alias-cta-tertiary-active-text)}.ds-c-button.ds-c-button--disabled,.ds-c-button:disabled,.ds-c-button[disabled]{cursor:not-allowed;opacity:var(--ds-modifier-alias-cta-primary-disabled-opacity)}.ds-c-button--icon,.ds-c-button--icon .ds-c-button__icon-label,.ds-c-button__label{align-items:center;display:inline-flex;justify-content:center}.ds-c-button--icon,.ds-c-button--icon .ds-c-button__icon-label{gap:var(--ds-size-space-1,4px);padding:var(--ds-size-space-0,0)}.ds-c-button--icon__col{flex-direction:column}.ds-c-button--icon.ds-c-button--sr-only{padding:var(--ds-size-space-0,0)}.ds-c-button--icon-text{padding:var(--ds-size-spacing-md,8px) var(--ds-size-spacing-xl,24px)}.ds-c-button--icon__rounded{border-radius:9999px}.ds-c-button--icon .ds-c-button__icon-label>.ds-c-button__icon,.ds-c-button--icon>.ds-c-button__icon{flex-shrink:0;height:var(--ds-size-spacing-xl);width:var(--ds-size-spacing-xl)}.ds-c-button--icon .ds-c-button__icon-label>.ds-c-button__icon>svg,.ds-c-button--icon>.ds-c-button__icon>svg{vertical-align:baseline}a.ds-c-button:is(:hover,:focus){text-decoration-line:none}.ds-c-button__icon--sr-only{clip:rect(0,0,0,0);border-width:0;height:1px;margin:-1px;overflow:hidden;padding:0;position:absolute;white-space:nowrap;width:1px}.ds-c-button__indicator--loading{left:50%;position:absolute;top:50%;transform:translate(-50%,-50%)}.ds-c-button__label--loading{visibility:hidden}</style><style id="ds-css-@sainsburys-tech/fable-3.53.0-link" type="text/css">[data-theme=ds-global-link--monochrome-light]{--ds-color-alias-link-default-color:var(--ds-color-monochrome-white);--ds-color-alias-link-hover-background-color:var(
        --ds-color-monochrome-black
)}[data-theme=ds-global-link--monochrome-dark]{--ds-color-alias-link-default-color:var(--ds-color-monochrome-black);--ds-color-alias-link-hover-background-color:var(
        --ds-color-monochrome-white
)}.ds-c-link{background-color:transparent;color:var(--ds-color-alias-link-default-color);display:inline;font-size:var(--ds-font-size-body-1);font-weight:var(--ds-font-weight-semi-bold);line-height:var(--ds-font-line-height-body-1);position:relative;text-decoration-line:underline;transition-duration:var(--ds-modifier-transition-duration);transition-property:background-color,color;transition-timing-function:var(--ds-modifier-transition-timing)}.ds-c-link,.ds-c-link.ds-c-link--second{font-family:var(--ds-font-family-base,"Roboto",Arial,Helvetica,sans-serif)}.ds-c-link.ds-c-link--second{font-size:var(--ds-font-size-body-2);font-weight:var(--ds-font-weight-extra-bold);line-height:var(--ds-font-line-height-body-2)}.ds-c-link.ds-c-link--caption{font-family:var(--ds-font-family-base,"Roboto",Arial,Helvetica,sans-serif);font-size:var(--ds-font-size-caption,.875rem);font-weight:var(--ds-font-stack-caption-font-weight,400);line-height:var(--ds-font-stack-caption-line-height,1.571428571428571)}.ds-c-link.ds-c-link--caption:hover,.ds-c-link.ds-c-link--second:hover,.ds-c-link:hover{background-color:var(--ds-color-alias-link-hover-background-color)}.ds-c-link.ds-c-link--standalone{text-decoration-line:none}.ds-c-link.ds-c-link--standalone:hover{text-decoration-line:underline}.ds-c-link.ds-c-link--skip{clip:rect(0,0,0,0);border-width:0;clip-path:inset(50%);height:1px;margin:-1px;opacity:var(--ds-modifier-opacity-hidden);outline-color:transparent;overflow:hidden;padding:0;position:absolute;transition:opacity var(--ds-modifier-transition-duration);white-space:nowrap;width:1px}.ds-c-link.ds-c-link--skip:focus{clip:auto;background-color:var(--ds-color-palette-white,#fff);clip-path:none;height:auto;left:var(--ds-size-spacing-sm);opacity:var(--ds-modifier-opacity-visible);overflow:visible;padding:var(--ds-size-spacing-md,8px) var(--ds-size-spacing-lg,16px);top:var(--ds-size-spacing-sm);width:auto;z-index:var(--ds-modifier-layer-10)}.ds-c-link--sr-only{clip:rect(0,0,0,0);border-width:0;height:1px;margin:-1px;overflow:hidden;padding:0;position:absolute;white-space:nowrap;width:1px}</style><meta charset="utf-8"><meta http-equiv="Cache-Control" content="no-cache, no-store, must-revalidate"><meta http-equiv="Pragma" content="no-cache"><meta http-equiv="Expires" content="0"><title>Sainsbury's online Grocery Shopping and Fresh Food Delivery</title><meta name="viewport" content="width=device-width,initial-scale=1,shrink-to-fit=no"><meta name="theme-color" content="#000000"><link rel="preconnect" href="https://assets.sainsburys-groceries.co.uk/" crossorigin=""><link rel="dns-prefetch" href="https://assets.sainsburys-groceries.co.uk/"><link rel="shortcut icon" href="/favicon.ico"><meta name="version" content="0e16176fd80310765e701236864816500eaa9187"><script type="text/javascript" async="" charset="utf-8" id="utag_374" src="https://www.googletagmanager.com/gtag/js"></script><script type="text/javascript" src="https://bam-cell.nr-data.net/1/72c0100dcd?a=181742266&amp;sa=1&amp;v=1210.e2a3f80&amp;t=Unnamed%20Transaction&amp;rst=3258&amp;ck=1&amp;ref=https://www.sainsburys.co.uk/gol-ui/SearchResults/beer&amp;be=2392&amp;fe=3176&amp;dc=2770&amp;af=err,xhr,stn,ins,spa&amp;perf=%7B%22timing%22:%7B%22of%22:1726594311804,%22n%22:0,%22u%22:1316,%22ue%22:1316,%22f%22:7,%22dn%22:9,%22dne%22:28,%22c%22:29,%22s%22:43,%22ce%22:60,%22rq%22:60,%22rp%22:1309,%22rpe%22:1310,%22dl%22:1330,%22di%22:2389,%22ds%22:2769,%22de%22:2770,%22dc%22:3176,%22l%22:3176,%22le%22:3177%7D,%22navigation%22:%7B%7D%7D&amp;fp=2811&amp;jsonp=NREUM.setToken"></script><script src="https://js-agent.newrelic.com/nr-spa-1210.min.js"></script><script src="//tags.tiqcdn.com/utag/sainsburys/groceries/prod/utag.js" type="text/javascript" async=""></script><script defer="defer" src="/gol-ui/static/js/config.js?cb=d4f794d2"></script><script defer="defer" src="/gol-ui/static/js/newrelic.83687d28.js"></script><script defer="defer" src="/gol-ui/static/js/vendor-luna.4f40fd6d.js"></script><script defer="defer" src="/gol-ui/static/js/vendor-lodash.a623b460.js"></script><script defer="defer" src="/gol-ui/static/js/vendor-bolt.1886cf00.js"></script><script defer="defer" src="/gol-ui/static/js/vendor-react.7cf29a61.js"></script><script defer="defer" src="/gol-ui/static/js/app.46a4e19e.js"></script><link href="/gol-ui/static/css/app.4d0955b2.css" rel="stylesheet"><script type="text/javascript" async="" charset="utf-8" id="tiqapp" src="//tags.tiqcdn.com/utag/tiqapp/utag.v.js?a=sainsburys/groceries/202409110906&amp;cb=1726594314802"></script><script src="https://cdn-ukwest.onetrust.com/scripttemplates/202408.1.0/otBannerSdk.js" async="" type="text/javascript"></script><style id="onetrust-style">#onetrust-banner-sdk .onetrust-vendors-list-handler{cursor:pointer;color:#1f96db;font-size:inherit;font-weight:bold;text-decoration:none;margin-left:5px}#onetrust-banner-sdk .onetrust-vendors-list-handler:hover{color:#1f96db}#onetrust-banner-sdk:focus{outline:2px solid #000;outline-offset:-2px}#onetrust-banner-sdk a:focus{outline:2px solid #000}#onetrust-banner-sdk #onetrust-accept-btn-handler,#onetrust-banner-sdk #onetrust-reject-all-handler,#onetrust-banner-sdk #onetrust-pc-btn-handler{outline-offset:1px}#onetrust-banner-sdk.ot-bnr-w-logo .ot-bnr-logo{height:64px;width:64px}#onetrust-banner-sdk .ot-tcf2-vendor-count.ot-text-bold{font-weight:bold}#onetrust-banner-sdk .ot-close-icon,#onetrust-pc-sdk .ot-close-icon,#ot-sync-ntfy .ot-close-icon{background-size:contain;background-repeat:no-repeat;background-position:center;height:12px;width:12px}#onetrust-banner-sdk .powered-by-logo,#onetrust-banner-sdk .ot-pc-footer-logo a,#onetrust-pc-sdk .powered-by-logo,#onetrust-pc-sdk .ot-pc-footer-logo a,#ot-sync-ntfy .powered-by-logo,#ot-sync-ntfy .ot-pc-footer-logo a{background-size:contain;background-repeat:no-repeat;background-position:center;height:25px;width:152px;display:block;text-decoration:none;font-size:.75em}#onetrust-banner-sdk .powered-by-logo:hover,#onetrust-banner-sdk .ot-pc-footer-logo a:hover,#onetrust-pc-sdk .powered-by-logo:hover,#onetrust-pc-sdk .ot-pc-footer-logo a:hover,#ot-sync-ntfy .powered-by-logo:hover,#ot-sync-ntfy .ot-pc-footer-logo a:hover{color:#565656}#onetrust-banner-sdk h3 *,#onetrust-banner-sdk h4 *,#onetrust-banner-sdk h6 *,#onetrust-banner-sdk button *,#onetrust-banner-sdk a[data-parent-id] *,#onetrust-pc-sdk h3 *,#onetrust-pc-sdk h4 *,#onetrust-pc-sdk h6 *,#onetrust-pc-sdk button *,#onetrust-pc-sdk a[data-parent-id] *,#ot-sync-ntfy h3 *,#ot-sync-ntfy h4 *,#ot-sync-ntfy h6 *,#ot-sync-ntfy button *,#ot-sync-ntfy a[data-parent-id] *{font-size:inherit;font-weight:inherit;color:inherit}#onetrust-banner-sdk .ot-hide,#onetrust-pc-sdk .ot-hide,#ot-sync-ntfy .ot-hide{display:none !important}#onetrust-banner-sdk button.ot-link-btn:hover,#onetrust-pc-sdk button.ot-link-btn:hover,#ot-sync-ntfy button.ot-link-btn:hover{text-decoration:underline;opacity:1}#onetrust-pc-sdk .ot-sdk-row .ot-sdk-column{padding:0}#onetrust-pc-sdk .ot-sdk-container{padding-right:0}#onetrust-pc-sdk .ot-sdk-row{flex-direction:initial;width:100%}#onetrust-pc-sdk [type=checkbox]:checked,#onetrust-pc-sdk [type=checkbox]:not(:checked){pointer-events:initial}#onetrust-pc-sdk [type=checkbox]:disabled+label::before,#onetrust-pc-sdk [type=checkbox]:disabled+label:after,#onetrust-pc-sdk [type=checkbox]:disabled+label{pointer-events:none;opacity:.7}#onetrust-pc-sdk #vendor-list-content{transform:translate3d(0, 0, 0)}#onetrust-pc-sdk li input[type=checkbox]{z-index:1}#onetrust-pc-sdk li .ot-checkbox label{z-index:2}#onetrust-pc-sdk li .ot-checkbox input[type=checkbox]{height:auto;width:auto}#onetrust-pc-sdk li .host-title a,#onetrust-pc-sdk li .ot-host-name a,#onetrust-pc-sdk li .accordion-text,#onetrust-pc-sdk li .ot-acc-txt{z-index:2;position:relative}#onetrust-pc-sdk input{margin:3px .1ex}#onetrust-pc-sdk .pc-logo,#onetrust-pc-sdk .ot-pc-logo{height:60px;width:180px;background-position:center;background-size:contain;background-repeat:no-repeat;display:inline-flex;justify-content:center;align-items:center}#onetrust-pc-sdk .pc-logo img,#onetrust-pc-sdk .ot-pc-logo img{max-height:100%;max-width:100%}#onetrust-pc-sdk .screen-reader-only,#onetrust-pc-sdk .ot-scrn-rdr,.ot-sdk-cookie-policy .screen-reader-only,.ot-sdk-cookie-policy .ot-scrn-rdr{border:0;clip:rect(0 0 0 0);height:1px;margin:-1px;overflow:hidden;padding:0;position:absolute;width:1px}#onetrust-pc-sdk.ot-fade-in,.onetrust-pc-dark-filter.ot-fade-in,#onetrust-banner-sdk.ot-fade-in{animation-name:onetrust-fade-in;animation-duration:400ms;animation-timing-function:ease-in-out}#onetrust-pc-sdk.ot-hide{display:none !important}.onetrust-pc-dark-filter.ot-hide{display:none !important}#ot-sdk-btn.ot-sdk-show-settings,#ot-sdk-btn.optanon-show-settings{color:#68b631;border:1px solid #68b631;height:auto;white-space:normal;word-wrap:break-word;padding:.8em 2em;font-size:.8em;line-height:1.2;cursor:pointer;-moz-transition:.1s ease;-o-transition:.1s ease;-webkit-transition:1s ease;transition:.1s ease}#ot-sdk-btn.ot-sdk-show-settings:hover,#ot-sdk-btn.optanon-show-settings:hover{color:#fff;background-color:#68b631}.onetrust-pc-dark-filter{background:rgba(0,0,0,.5);z-index:2147483646;width:100%;height:100%;overflow:hidden;position:fixed;top:0;bottom:0;left:0}@keyframes onetrust-fade-in{0%{opacity:0}100%{opacity:1}}.ot-cookie-label{text-decoration:underline}@media only screen and (min-width: 426px)and (max-width: 896px)and (orientation: landscape){#onetrust-pc-sdk p{font-size:.75em}}#onetrust-banner-sdk .banner-option-input:focus+label{outline:1px solid #000;outline-style:auto}.category-vendors-list-handler+a:focus,.category-vendors-list-handler+a:focus-visible{outline:2px solid #000}#onetrust-pc-sdk .ot-userid-title{margin-top:10px}#onetrust-pc-sdk .ot-userid-title>span,#onetrust-pc-sdk .ot-userid-timestamp>span{font-weight:700}#onetrust-pc-sdk .ot-userid-desc{font-style:italic}#onetrust-pc-sdk .ot-host-desc a{pointer-events:initial}#onetrust-pc-sdk .ot-ven-hdr>p a{position:relative;z-index:2;pointer-events:initial}#onetrust-pc-sdk .ot-vnd-serv .ot-vnd-item .ot-vnd-info a,#onetrust-pc-sdk .ot-vs-list .ot-vnd-item .ot-vnd-info a{margin-right:auto}#onetrust-pc-sdk .ot-pc-footer-logo img{width:136px;height:16px}#onetrust-pc-sdk .ot-pur-vdr-count{font-weight:400;font-size:.7rem;padding-top:3px;display:block}#onetrust-banner-sdk .ot-optout-signal,#onetrust-pc-sdk .ot-optout-signal{border:1px solid #32ae88;border-radius:3px;padding:5px;margin-bottom:10px;background-color:#f9fffa;font-size:.85rem;line-height:2}#onetrust-banner-sdk .ot-optout-signal .ot-optout-icon,#onetrust-pc-sdk .ot-optout-signal .ot-optout-icon{display:inline;margin-right:5px}#onetrust-banner-sdk .ot-optout-signal svg,#onetrust-pc-sdk .ot-optout-signal svg{height:20px;width:30px;transform:scale(0.5)}#onetrust-banner-sdk .ot-optout-signal svg path,#onetrust-pc-sdk .ot-optout-signal svg path{fill:#32ae88}#onetrust-consent-sdk .ot-general-modal{overflow:hidden;position:fixed;margin:0 auto;top:50%;left:50%;width:40%;padding:1.5rem;max-width:575px;min-width:575px;z-index:2147483647;border-radius:2.5px;transform:translate(-50%, -50%)}#onetrust-consent-sdk .ot-signature-health-group{margin-top:1rem;padding-left:1.25rem;padding-right:1.25rem;margin-bottom:.625rem;width:calc(100% - 2.5rem)}#onetrust-consent-sdk .ot-signature-health-group .ot-signature-health-form{gap:.5rem}#onetrust-consent-sdk .ot-signature-health .ot-signature-health-form{width:70%;gap:.35rem}#onetrust-consent-sdk .ot-signature-health .ot-signature-input{height:38px;padding:6px 10px;background-color:#fff;border:1px solid #d1d1d1;border-radius:4px;box-shadow:none;box-sizing:border-box}#onetrust-consent-sdk .ot-signature-health .ot-signature-subtitle{font-size:1.125rem}#onetrust-consent-sdk .ot-signature-health .ot-signature-group-title{font-size:1.25rem;font-weight:bold}#onetrust-consent-sdk .ot-signature-health,#onetrust-consent-sdk .ot-signature-health-group{display:flex;flex-direction:column;gap:1rem}#onetrust-consent-sdk .ot-signature-health .ot-signature-cont,#onetrust-consent-sdk .ot-signature-health-group .ot-signature-cont{display:flex;flex-direction:column;gap:.25rem}#onetrust-consent-sdk .ot-signature-health .ot-signature-paragraph,#onetrust-consent-sdk .ot-signature-health-group .ot-signature-paragraph{margin:0;line-height:20px;font-size:max(14px,.875rem)}#onetrust-consent-sdk .ot-signature-health .ot-health-signature-error,#onetrust-consent-sdk .ot-signature-health-group .ot-health-signature-error{color:#4d4d4d;font-size:min(12px,.75rem)}#onetrust-consent-sdk .ot-signature-health .ot-signature-buttons-cont,#onetrust-consent-sdk .ot-signature-health-group .ot-signature-buttons-cont{margin-top:max(.75rem,2%);gap:1rem;display:flex;justify-content:flex-end}#onetrust-consent-sdk .ot-signature-health .ot-signature-button,#onetrust-consent-sdk .ot-signature-health-group .ot-signature-button{flex:1;height:auto;color:#fff;cursor:pointer;line-height:1.2;min-width:125px;font-weight:600;font-size:.813em;border-radius:2px;padding:12px 10px;white-space:normal;word-wrap:break-word;word-break:break-word;background-color:#68b631;border:2px solid #68b631}#onetrust-consent-sdk .ot-signature-health .ot-signature-button.reject,#onetrust-consent-sdk .ot-signature-health-group .ot-signature-button.reject{background-color:#fff}#onetrust-consent-sdk .ot-input-field-cont{display:flex;flex-direction:column;gap:.5rem}#onetrust-consent-sdk .ot-input-field-cont .ot-signature-input{width:65%}#onetrust-consent-sdk .ot-signature-health-form{display:flex;flex-direction:column}#onetrust-consent-sdk .ot-signature-health-form .ot-signature-label{margin-bottom:0;line-height:20px;font-size:max(14px,.875rem)}@media only screen and (max-width: 600px){#onetrust-consent-sdk .ot-general-modal{min-width:100%}#onetrust-consent-sdk .ot-signature-health .ot-signature-health-form{width:100%}#onetrust-consent-sdk .ot-input-field-cont .ot-signature-input{width:100%}}#onetrust-banner-sdk,#onetrust-pc-sdk,#ot-sdk-cookie-policy,#ot-sync-ntfy{font-size:16px}#onetrust-banner-sdk *,#onetrust-banner-sdk ::after,#onetrust-banner-sdk ::before,#onetrust-pc-sdk *,#onetrust-pc-sdk ::after,#onetrust-pc-sdk ::before,#ot-sdk-cookie-policy *,#ot-sdk-cookie-policy ::after,#ot-sdk-cookie-policy ::before,#ot-sync-ntfy *,#ot-sync-ntfy ::after,#ot-sync-ntfy ::before{-webkit-box-sizing:content-box;-moz-box-sizing:content-box;box-sizing:content-box}#onetrust-banner-sdk div,#onetrust-banner-sdk span,#onetrust-banner-sdk h1,#onetrust-banner-sdk h2,#onetrust-banner-sdk h3,#onetrust-banner-sdk h4,#onetrust-banner-sdk h5,#onetrust-banner-sdk h6,#onetrust-banner-sdk p,#onetrust-banner-sdk img,#onetrust-banner-sdk svg,#onetrust-banner-sdk button,#onetrust-banner-sdk section,#onetrust-banner-sdk a,#onetrust-banner-sdk label,#onetrust-banner-sdk input,#onetrust-banner-sdk ul,#onetrust-banner-sdk li,#onetrust-banner-sdk nav,#onetrust-banner-sdk table,#onetrust-banner-sdk thead,#onetrust-banner-sdk tr,#onetrust-banner-sdk td,#onetrust-banner-sdk tbody,#onetrust-banner-sdk .ot-main-content,#onetrust-banner-sdk .ot-toggle,#onetrust-banner-sdk #ot-content,#onetrust-banner-sdk #ot-pc-content,#onetrust-banner-sdk .checkbox,#onetrust-pc-sdk div,#onetrust-pc-sdk span,#onetrust-pc-sdk h1,#onetrust-pc-sdk h2,#onetrust-pc-sdk h3,#onetrust-pc-sdk h4,#onetrust-pc-sdk h5,#onetrust-pc-sdk h6,#onetrust-pc-sdk p,#onetrust-pc-sdk img,#onetrust-pc-sdk svg,#onetrust-pc-sdk button,#onetrust-pc-sdk section,#onetrust-pc-sdk a,#onetrust-pc-sdk label,#onetrust-pc-sdk input,#onetrust-pc-sdk ul,#onetrust-pc-sdk li,#onetrust-pc-sdk nav,#onetrust-pc-sdk table,#onetrust-pc-sdk thead,#onetrust-pc-sdk tr,#onetrust-pc-sdk td,#onetrust-pc-sdk tbody,#onetrust-pc-sdk .ot-main-content,#onetrust-pc-sdk .ot-toggle,#onetrust-pc-sdk #ot-content,#onetrust-pc-sdk #ot-pc-content,#onetrust-pc-sdk .checkbox,#ot-sdk-cookie-policy div,#ot-sdk-cookie-policy span,#ot-sdk-cookie-policy h1,#ot-sdk-cookie-policy h2,#ot-sdk-cookie-policy h3,#ot-sdk-cookie-policy h4,#ot-sdk-cookie-policy h5,#ot-sdk-cookie-policy h6,#ot-sdk-cookie-policy p,#ot-sdk-cookie-policy img,#ot-sdk-cookie-policy svg,#ot-sdk-cookie-policy button,#ot-sdk-cookie-policy section,#ot-sdk-cookie-policy a,#ot-sdk-cookie-policy label,#ot-sdk-cookie-policy input,#ot-sdk-cookie-policy ul,#ot-sdk-cookie-policy li,#ot-sdk-cookie-policy nav,#ot-sdk-cookie-policy table,#ot-sdk-cookie-policy thead,#ot-sdk-cookie-policy tr,#ot-sdk-cookie-policy td,#ot-sdk-cookie-policy tbody,#ot-sdk-cookie-policy .ot-main-content,#ot-sdk-cookie-policy .ot-toggle,#ot-sdk-cookie-policy #ot-content,#ot-sdk-cookie-policy #ot-pc-content,#ot-sdk-cookie-policy .checkbox,#ot-sync-ntfy div,#ot-sync-ntfy span,#ot-sync-ntfy h1,#ot-sync-ntfy h2,#ot-sync-ntfy h3,#ot-sync-ntfy h4,#ot-sync-ntfy h5,#ot-sync-ntfy h6,#ot-sync-ntfy p,#ot-sync-ntfy img,#ot-sync-ntfy svg,#ot-sync-ntfy button,#ot-sync-ntfy section,#ot-sync-ntfy a,#ot-sync-ntfy label,#ot-sync-ntfy input,#ot-sync-ntfy ul,#ot-sync-ntfy li,#ot-sync-ntfy nav,#ot-sync-ntfy table,#ot-sync-ntfy thead,#ot-sync-ntfy tr,#ot-sync-ntfy td,#ot-sync-ntfy tbody,#ot-sync-ntfy .ot-main-content,#ot-sync-ntfy .ot-toggle,#ot-sync-ntfy #ot-content,#ot-sync-ntfy #ot-pc-content,#ot-sync-ntfy .checkbox{font-family:inherit;font-weight:normal;-webkit-font-smoothing:auto;letter-spacing:normal;line-height:normal;padding:0;margin:0;height:auto;min-height:0;max-height:none;width:auto;min-width:0;max-width:none;border-radius:0;border:none;clear:none;float:none;position:static;bottom:auto;left:auto;right:auto;top:auto;text-align:left;text-decoration:none;text-indent:0;text-shadow:none;text-transform:none;white-space:normal;background:none;overflow:visible;vertical-align:baseline;visibility:visible;z-index:auto;box-shadow:none}#onetrust-banner-sdk label:before,#onetrust-banner-sdk label:after,#onetrust-banner-sdk .checkbox:after,#onetrust-banner-sdk .checkbox:before,#onetrust-pc-sdk label:before,#onetrust-pc-sdk label:after,#onetrust-pc-sdk .checkbox:after,#onetrust-pc-sdk .checkbox:before,#ot-sdk-cookie-policy label:before,#ot-sdk-cookie-policy label:after,#ot-sdk-cookie-policy .checkbox:after,#ot-sdk-cookie-policy .checkbox:before,#ot-sync-ntfy label:before,#ot-sync-ntfy label:after,#ot-sync-ntfy .checkbox:after,#ot-sync-ntfy .checkbox:before{content:"";content:none}#onetrust-banner-sdk .ot-sdk-container,#onetrust-pc-sdk .ot-sdk-container,#ot-sdk-cookie-policy .ot-sdk-container{position:relative;width:100%;max-width:100%;margin:0 auto;padding:0 20px;box-sizing:border-box}#onetrust-banner-sdk .ot-sdk-column,#onetrust-banner-sdk .ot-sdk-columns,#onetrust-pc-sdk .ot-sdk-column,#onetrust-pc-sdk .ot-sdk-columns,#ot-sdk-cookie-policy .ot-sdk-column,#ot-sdk-cookie-policy .ot-sdk-columns{width:100%;float:left;box-sizing:border-box;padding:0;display:initial}@media(min-width: 400px){#onetrust-banner-sdk .ot-sdk-container,#onetrust-pc-sdk .ot-sdk-container,#ot-sdk-cookie-policy .ot-sdk-container{width:90%;padding:0}}@media(min-width: 550px){#onetrust-banner-sdk .ot-sdk-container,#onetrust-pc-sdk .ot-sdk-container,#ot-sdk-cookie-policy .ot-sdk-container{width:100%}#onetrust-banner-sdk .ot-sdk-column,#onetrust-banner-sdk .ot-sdk-columns,#onetrust-pc-sdk .ot-sdk-column,#onetrust-pc-sdk .ot-sdk-columns,#ot-sdk-cookie-policy .ot-sdk-column,#ot-sdk-cookie-policy .ot-sdk-columns{margin-left:4%}#onetrust-banner-sdk .ot-sdk-column:first-child,#onetrust-banner-sdk .ot-sdk-columns:first-child,#onetrust-pc-sdk .ot-sdk-column:first-child,#onetrust-pc-sdk .ot-sdk-columns:first-child,#ot-sdk-cookie-policy .ot-sdk-column:first-child,#ot-sdk-cookie-policy .ot-sdk-columns:first-child{margin-left:0}#onetrust-banner-sdk .ot-sdk-two.ot-sdk-columns,#onetrust-pc-sdk .ot-sdk-two.ot-sdk-columns,#ot-sdk-cookie-policy .ot-sdk-two.ot-sdk-columns{width:13.3333333333%}#onetrust-banner-sdk .ot-sdk-three.ot-sdk-columns,#onetrust-pc-sdk .ot-sdk-three.ot-sdk-columns,#ot-sdk-cookie-policy .ot-sdk-three.ot-sdk-columns{width:22%}#onetrust-banner-sdk .ot-sdk-four.ot-sdk-columns,#onetrust-pc-sdk .ot-sdk-four.ot-sdk-columns,#ot-sdk-cookie-policy .ot-sdk-four.ot-sdk-columns{width:30.6666666667%}#onetrust-banner-sdk .ot-sdk-eight.ot-sdk-columns,#onetrust-pc-sdk .ot-sdk-eight.ot-sdk-columns,#ot-sdk-cookie-policy .ot-sdk-eight.ot-sdk-columns{width:65.3333333333%}#onetrust-banner-sdk .ot-sdk-nine.ot-sdk-columns,#onetrust-pc-sdk .ot-sdk-nine.ot-sdk-columns,#ot-sdk-cookie-policy .ot-sdk-nine.ot-sdk-columns{width:74%}#onetrust-banner-sdk .ot-sdk-ten.ot-sdk-columns,#onetrust-pc-sdk .ot-sdk-ten.ot-sdk-columns,#ot-sdk-cookie-policy .ot-sdk-ten.ot-sdk-columns{width:82.6666666667%}#onetrust-banner-sdk .ot-sdk-eleven.ot-sdk-columns,#onetrust-pc-sdk .ot-sdk-eleven.ot-sdk-columns,#ot-sdk-cookie-policy .ot-sdk-eleven.ot-sdk-columns{width:91.3333333333%}#onetrust-banner-sdk .ot-sdk-twelve.ot-sdk-columns,#onetrust-pc-sdk .ot-sdk-twelve.ot-sdk-columns,#ot-sdk-cookie-policy .ot-sdk-twelve.ot-sdk-columns{width:100%;margin-left:0}}#onetrust-banner-sdk h1,#onetrust-banner-sdk h2,#onetrust-banner-sdk h3,#onetrust-banner-sdk h4,#onetrust-banner-sdk h5,#onetrust-banner-sdk h6,#onetrust-pc-sdk h1,#onetrust-pc-sdk h2,#onetrust-pc-sdk h3,#onetrust-pc-sdk h4,#onetrust-pc-sdk h5,#onetrust-pc-sdk h6,#ot-sdk-cookie-policy h1,#ot-sdk-cookie-policy h2,#ot-sdk-cookie-policy h3,#ot-sdk-cookie-policy h4,#ot-sdk-cookie-policy h5,#ot-sdk-cookie-policy h6{margin-top:0;font-weight:600;font-family:inherit}#onetrust-banner-sdk h1,#onetrust-pc-sdk h1,#ot-sdk-cookie-policy h1{font-size:1.5rem;line-height:1.2}#onetrust-banner-sdk h2,#onetrust-pc-sdk h2,#ot-sdk-cookie-policy h2{font-size:1.5rem;line-height:1.25}#onetrust-banner-sdk h3,#onetrust-pc-sdk h3,#ot-sdk-cookie-policy h3{font-size:1.5rem;line-height:1.3}#onetrust-banner-sdk h4,#onetrust-pc-sdk h4,#ot-sdk-cookie-policy h4{font-size:1.5rem;line-height:1.35}#onetrust-banner-sdk h5,#onetrust-pc-sdk h5,#ot-sdk-cookie-policy h5{font-size:1.5rem;line-height:1.5}#onetrust-banner-sdk h6,#onetrust-pc-sdk h6,#ot-sdk-cookie-policy h6{font-size:1.5rem;line-height:1.6}@media(min-width: 550px){#onetrust-banner-sdk h1,#onetrust-pc-sdk h1,#ot-sdk-cookie-policy h1{font-size:1.5rem}#onetrust-banner-sdk h2,#onetrust-pc-sdk h2,#ot-sdk-cookie-policy h2{font-size:1.5rem}#onetrust-banner-sdk h3,#onetrust-pc-sdk h3,#ot-sdk-cookie-policy h3{font-size:1.5rem}#onetrust-banner-sdk h4,#onetrust-pc-sdk h4,#ot-sdk-cookie-policy h4{font-size:1.5rem}#onetrust-banner-sdk h5,#onetrust-pc-sdk h5,#ot-sdk-cookie-policy h5{font-size:1.5rem}#onetrust-banner-sdk h6,#onetrust-pc-sdk h6,#ot-sdk-cookie-policy h6{font-size:1.5rem}}#onetrust-banner-sdk p,#onetrust-pc-sdk p,#ot-sdk-cookie-policy p{margin:0 0 1em 0;font-family:inherit;line-height:normal}#onetrust-banner-sdk a,#onetrust-pc-sdk a,#ot-sdk-cookie-policy a{color:#565656;text-decoration:underline}#onetrust-banner-sdk a:hover,#onetrust-pc-sdk a:hover,#ot-sdk-cookie-policy a:hover{color:#565656;text-decoration:none}#onetrust-banner-sdk .ot-sdk-button,#onetrust-banner-sdk button,#onetrust-pc-sdk .ot-sdk-button,#onetrust-pc-sdk button,#ot-sdk-cookie-policy .ot-sdk-button,#ot-sdk-cookie-policy button{margin-bottom:1rem;font-family:inherit}#onetrust-banner-sdk .ot-sdk-button,#onetrust-banner-sdk button,#onetrust-pc-sdk .ot-sdk-button,#onetrust-pc-sdk button,#ot-sdk-cookie-policy .ot-sdk-button,#ot-sdk-cookie-policy button{display:inline-block;height:38px;padding:0 30px;color:#555;text-align:center;font-size:.9em;font-weight:400;line-height:38px;letter-spacing:.01em;text-decoration:none;white-space:nowrap;background-color:rgba(0,0,0,0);border-radius:2px;border:1px solid #bbb;cursor:pointer;box-sizing:border-box}#onetrust-banner-sdk .ot-sdk-button:hover,#onetrust-banner-sdk :not(.ot-leg-btn-container)>button:not(.ot-link-btn):hover,#onetrust-banner-sdk :not(.ot-leg-btn-container)>button:not(.ot-link-btn):focus,#onetrust-pc-sdk .ot-sdk-button:hover,#onetrust-pc-sdk :not(.ot-leg-btn-container)>button:not(.ot-link-btn):hover,#onetrust-pc-sdk :not(.ot-leg-btn-container)>button:not(.ot-link-btn):focus,#ot-sdk-cookie-policy .ot-sdk-button:hover,#ot-sdk-cookie-policy :not(.ot-leg-btn-container)>button:not(.ot-link-btn):hover,#ot-sdk-cookie-policy :not(.ot-leg-btn-container)>button:not(.ot-link-btn):focus{color:#333;border-color:#888;opacity:.7}#onetrust-banner-sdk .ot-sdk-button:focus,#onetrust-banner-sdk :not(.ot-leg-btn-container)>button:focus,#onetrust-pc-sdk .ot-sdk-button:focus,#onetrust-pc-sdk :not(.ot-leg-btn-container)>button:focus,#ot-sdk-cookie-policy .ot-sdk-button:focus,#ot-sdk-cookie-policy :not(.ot-leg-btn-container)>button:focus{outline:2px solid #000}#onetrust-banner-sdk .ot-sdk-button.ot-sdk-button-primary,#onetrust-banner-sdk button.ot-sdk-button-primary,#onetrust-banner-sdk input[type=submit].ot-sdk-button-primary,#onetrust-banner-sdk input[type=reset].ot-sdk-button-primary,#onetrust-banner-sdk input[type=button].ot-sdk-button-primary,#onetrust-pc-sdk .ot-sdk-button.ot-sdk-button-primary,#onetrust-pc-sdk button.ot-sdk-button-primary,#onetrust-pc-sdk input[type=submit].ot-sdk-button-primary,#onetrust-pc-sdk input[type=reset].ot-sdk-button-primary,#onetrust-pc-sdk input[type=button].ot-sdk-button-primary,#ot-sdk-cookie-policy .ot-sdk-button.ot-sdk-button-primary,#ot-sdk-cookie-policy button.ot-sdk-button-primary,#ot-sdk-cookie-policy input[type=submit].ot-sdk-button-primary,#ot-sdk-cookie-policy input[type=reset].ot-sdk-button-primary,#ot-sdk-cookie-policy input[type=button].ot-sdk-button-primary{color:#fff;background-color:#33c3f0;border-color:#33c3f0}#onetrust-banner-sdk .ot-sdk-button.ot-sdk-button-primary:hover,#onetrust-banner-sdk button.ot-sdk-button-primary:hover,#onetrust-banner-sdk input[type=submit].ot-sdk-button-primary:hover,#onetrust-banner-sdk input[type=reset].ot-sdk-button-primary:hover,#onetrust-banner-sdk input[type=button].ot-sdk-button-primary:hover,#onetrust-banner-sdk .ot-sdk-button.ot-sdk-button-primary:focus,#onetrust-banner-sdk button.ot-sdk-button-primary:focus,#onetrust-banner-sdk input[type=submit].ot-sdk-button-primary:focus,#onetrust-banner-sdk input[type=reset].ot-sdk-button-primary:focus,#onetrust-banner-sdk input[type=button].ot-sdk-button-primary:focus,#onetrust-pc-sdk .ot-sdk-button.ot-sdk-button-primary:hover,#onetrust-pc-sdk button.ot-sdk-button-primary:hover,#onetrust-pc-sdk input[type=submit].ot-sdk-button-primary:hover,#onetrust-pc-sdk input[type=reset].ot-sdk-button-primary:hover,#onetrust-pc-sdk input[type=button].ot-sdk-button-primary:hover,#onetrust-pc-sdk .ot-sdk-button.ot-sdk-button-primary:focus,#onetrust-pc-sdk button.ot-sdk-button-primary:focus,#onetrust-pc-sdk input[type=submit].ot-sdk-button-primary:focus,#onetrust-pc-sdk input[type=reset].ot-sdk-button-primary:focus,#onetrust-pc-sdk input[type=button].ot-sdk-button-primary:focus,#ot-sdk-cookie-policy .ot-sdk-button.ot-sdk-button-primary:hover,#ot-sdk-cookie-policy button.ot-sdk-button-primary:hover,#ot-sdk-cookie-policy input[type=submit].ot-sdk-button-primary:hover,#ot-sdk-cookie-policy input[type=reset].ot-sdk-button-primary:hover,#ot-sdk-cookie-policy input[type=button].ot-sdk-button-primary:hover,#ot-sdk-cookie-policy .ot-sdk-button.ot-sdk-button-primary:focus,#ot-sdk-cookie-policy button.ot-sdk-button-primary:focus,#ot-sdk-cookie-policy input[type=submit].ot-sdk-button-primary:focus,#ot-sdk-cookie-policy input[type=reset].ot-sdk-button-primary:focus,#ot-sdk-cookie-policy input[type=button].ot-sdk-button-primary:focus{color:#fff;background-color:#1eaedb;border-color:#1eaedb}#onetrust-banner-sdk input[type=text],#onetrust-pc-sdk input[type=text],#ot-sdk-cookie-policy input[type=text]{height:38px;padding:6px 10px;background-color:#fff;border:1px solid #d1d1d1;border-radius:4px;box-shadow:none;box-sizing:border-box}#onetrust-banner-sdk input[type=text],#onetrust-pc-sdk input[type=text],#ot-sdk-cookie-policy input[type=text]{-webkit-appearance:none;-moz-appearance:none;appearance:none}#onetrust-banner-sdk input[type=text]:focus,#onetrust-pc-sdk input[type=text]:focus,#ot-sdk-cookie-policy input[type=text]:focus{border:1px solid #000;outline:0}#onetrust-banner-sdk label,#onetrust-pc-sdk label,#ot-sdk-cookie-policy label{display:block;margin-bottom:.5rem;font-weight:600}#onetrust-banner-sdk input[type=checkbox],#onetrust-pc-sdk input[type=checkbox],#ot-sdk-cookie-policy input[type=checkbox]{display:inline}#onetrust-banner-sdk ul,#onetrust-pc-sdk ul,#ot-sdk-cookie-policy ul{list-style:circle inside}#onetrust-banner-sdk ul,#onetrust-pc-sdk ul,#ot-sdk-cookie-policy ul{padding-left:0;margin-top:0}#onetrust-banner-sdk ul ul,#onetrust-pc-sdk ul ul,#ot-sdk-cookie-policy ul ul{margin:1.5rem 0 1.5rem 3rem;font-size:90%}#onetrust-banner-sdk li,#onetrust-pc-sdk li,#ot-sdk-cookie-policy li{margin-bottom:1rem}#onetrust-banner-sdk th,#onetrust-banner-sdk td,#onetrust-pc-sdk th,#onetrust-pc-sdk td,#ot-sdk-cookie-policy th,#ot-sdk-cookie-policy td{padding:12px 15px;text-align:left;border-bottom:1px solid #e1e1e1}#onetrust-banner-sdk button,#onetrust-pc-sdk button,#ot-sdk-cookie-policy button{margin-bottom:1rem;font-family:inherit}#onetrust-banner-sdk .ot-sdk-container:after,#onetrust-banner-sdk .ot-sdk-row:after,#onetrust-pc-sdk .ot-sdk-container:after,#onetrust-pc-sdk .ot-sdk-row:after,#ot-sdk-cookie-policy .ot-sdk-container:after,#ot-sdk-cookie-policy .ot-sdk-row:after{content:"";display:table;clear:both}#onetrust-banner-sdk .ot-sdk-row,#onetrust-pc-sdk .ot-sdk-row,#ot-sdk-cookie-policy .ot-sdk-row{margin:0;max-width:none;display:block}#onetrust-banner-sdk{box-shadow:0 0 18px rgba(0,0,0,.2)}#onetrust-banner-sdk.otFlat{position:fixed;z-index:2147483645;bottom:0;right:0;left:0;background-color:#fff;max-height:90%;overflow-x:hidden;overflow-y:auto}#onetrust-banner-sdk.otFlat.top{top:0px;bottom:auto}#onetrust-banner-sdk.otRelFont{font-size:1rem}#onetrust-banner-sdk>.ot-sdk-container{overflow:hidden}#onetrust-banner-sdk::-webkit-scrollbar{width:11px}#onetrust-banner-sdk::-webkit-scrollbar-thumb{border-radius:10px;background:#c1c1c1}#onetrust-banner-sdk{scrollbar-arrow-color:#c1c1c1;scrollbar-darkshadow-color:#c1c1c1;scrollbar-face-color:#c1c1c1;scrollbar-shadow-color:#c1c1c1}#onetrust-banner-sdk #onetrust-policy{margin:1.25em 0 .625em 2em;overflow:hidden}#onetrust-banner-sdk #onetrust-policy .ot-gv-list-handler{float:left;font-size:.82em;padding:0;margin-bottom:0;border:0;line-height:normal;height:auto;width:auto}#onetrust-banner-sdk #onetrust-policy-title{font-size:1.2em;line-height:1.3;margin-bottom:10px}#onetrust-banner-sdk #onetrust-policy-text{clear:both;text-align:left;font-size:.88em;line-height:1.4}#onetrust-banner-sdk #onetrust-policy-text *{font-size:inherit;line-height:inherit}#onetrust-banner-sdk #onetrust-policy-text a{font-weight:bold;margin-left:5px}#onetrust-banner-sdk #onetrust-policy-title,#onetrust-banner-sdk #onetrust-policy-text{color:dimgray;float:left}#onetrust-banner-sdk #onetrust-button-group-parent{min-height:1px;text-align:center}#onetrust-banner-sdk #onetrust-button-group{display:inline-block}#onetrust-banner-sdk #onetrust-accept-btn-handler,#onetrust-banner-sdk #onetrust-reject-all-handler,#onetrust-banner-sdk #onetrust-pc-btn-handler{background-color:#68b631;color:#fff;border-color:#68b631;margin-right:1em;min-width:125px;height:auto;white-space:normal;word-break:break-word;word-wrap:break-word;padding:12px 10px;line-height:1.2;font-size:.813em;font-weight:600}#onetrust-banner-sdk #onetrust-pc-btn-handler.cookie-setting-link{background-color:#fff;border:none;color:#68b631;text-decoration:underline;padding-left:0;padding-right:0}#onetrust-banner-sdk .onetrust-close-btn-ui{width:44px;height:44px;background-size:12px;border:none;position:relative;margin:auto;padding:0}#onetrust-banner-sdk .banner_logo{display:none}#onetrust-banner-sdk.ot-bnr-w-logo .ot-bnr-logo{position:absolute;top:50%;transform:translateY(-50%);left:0px}#onetrust-banner-sdk.ot-bnr-w-logo #onetrust-policy{margin-left:65px}#onetrust-banner-sdk .ot-b-addl-desc{clear:both;float:left;display:block}#onetrust-banner-sdk #banner-options{float:left;display:table;margin-right:0;margin-left:1em;width:calc(100% - 1em)}#onetrust-banner-sdk .banner-option-input{cursor:pointer;width:auto;height:auto;border:none;padding:0;padding-right:3px;margin:0 0 10px;font-size:.82em;line-height:1.4}#onetrust-banner-sdk .banner-option-input *{pointer-events:none;font-size:inherit;line-height:inherit}#onetrust-banner-sdk .banner-option-input[aria-expanded=true]~.banner-option-details{display:block;height:auto}#onetrust-banner-sdk .banner-option-input[aria-expanded=true] .ot-arrow-container{transform:rotate(90deg)}#onetrust-banner-sdk .banner-option{margin-bottom:12px;margin-left:0;border:none;float:left;padding:0}#onetrust-banner-sdk .banner-option:first-child{padding-left:2px}#onetrust-banner-sdk .banner-option:not(:first-child){padding:0;border:none}#onetrust-banner-sdk .banner-option-header{cursor:pointer;display:inline-block}#onetrust-banner-sdk .banner-option-header :first-child{color:dimgray;font-weight:bold;float:left}#onetrust-banner-sdk .banner-option-header .ot-arrow-container{display:inline-block;border-top:6px solid rgba(0,0,0,0);border-bottom:6px solid rgba(0,0,0,0);border-left:6px solid dimgray;margin-left:10px;vertical-align:middle}#onetrust-banner-sdk .banner-option-details{display:none;font-size:.83em;line-height:1.5;padding:10px 0px 5px 10px;margin-right:10px;height:0px}#onetrust-banner-sdk .banner-option-details *{font-size:inherit;line-height:inherit;color:dimgray}#onetrust-banner-sdk .ot-arrow-container,#onetrust-banner-sdk .banner-option-details{transition:all 300ms ease-in 0s;-webkit-transition:all 300ms ease-in 0s;-moz-transition:all 300ms ease-in 0s;-o-transition:all 300ms ease-in 0s}#onetrust-banner-sdk .ot-dpd-container{float:left}#onetrust-banner-sdk .ot-dpd-title{margin-bottom:10px}#onetrust-banner-sdk .ot-dpd-title,#onetrust-banner-sdk .ot-dpd-desc{font-size:.88em;line-height:1.4;color:dimgray}#onetrust-banner-sdk .ot-dpd-title *,#onetrust-banner-sdk .ot-dpd-desc *{font-size:inherit;line-height:inherit}#onetrust-banner-sdk.ot-iab-2 #onetrust-policy-text *{margin-bottom:0}#onetrust-banner-sdk.ot-iab-2 .onetrust-vendors-list-handler{display:block;margin-left:0;margin-top:5px;clear:both;margin-bottom:0;padding:0;border:0;height:auto;width:auto}#onetrust-banner-sdk.ot-iab-2 #onetrust-button-group button{display:block}#onetrust-banner-sdk.ot-close-btn-link{padding-top:25px}#onetrust-banner-sdk.ot-close-btn-link #onetrust-close-btn-container{top:15px;transform:none;right:15px}#onetrust-banner-sdk.ot-close-btn-link #onetrust-close-btn-container button{padding:0;white-space:pre-wrap;border:none;height:auto;line-height:1.5;text-decoration:underline;font-size:.69em}#onetrust-banner-sdk #onetrust-policy-text,#onetrust-banner-sdk .ot-dpd-desc,#onetrust-banner-sdk .ot-b-addl-desc{font-size:.813em;line-height:1.5}#onetrust-banner-sdk .ot-dpd-desc{margin-bottom:10px}#onetrust-banner-sdk .ot-dpd-desc>.ot-b-addl-desc{margin-top:10px;margin-bottom:10px;font-size:1em}@media only screen and (max-width: 425px){#onetrust-banner-sdk #onetrust-close-btn-container{position:absolute;top:6px;right:2px}#onetrust-banner-sdk #onetrust-policy{margin-left:0;margin-top:3em}#onetrust-banner-sdk #onetrust-button-group{display:block}#onetrust-banner-sdk #onetrust-accept-btn-handler,#onetrust-banner-sdk #onetrust-reject-all-handler,#onetrust-banner-sdk #onetrust-pc-btn-handler{width:100%}#onetrust-banner-sdk .onetrust-close-btn-ui{top:auto;transform:none}#onetrust-banner-sdk #onetrust-policy-title{display:inline;float:none}#onetrust-banner-sdk #banner-options{margin:0;padding:0;width:100%}}@media only screen and (min-width: 426px)and (max-width: 896px){#onetrust-banner-sdk #onetrust-close-btn-container{position:absolute;top:0;right:0}#onetrust-banner-sdk #onetrust-policy{margin-left:1em;margin-right:1em}#onetrust-banner-sdk .onetrust-close-btn-ui{top:10px;right:10px}#onetrust-banner-sdk:not(.ot-iab-2) #onetrust-group-container{width:95%}#onetrust-banner-sdk.ot-iab-2 #onetrust-group-container{width:100%}#onetrust-banner-sdk.ot-bnr-w-logo #onetrust-button-group-parent{padding-left:50px}#onetrust-banner-sdk #onetrust-button-group-parent{width:100%;position:relative;margin-left:0}#onetrust-banner-sdk #onetrust-button-group button{display:inline-block}#onetrust-banner-sdk #onetrust-button-group{margin-right:0;text-align:center}#onetrust-banner-sdk .has-reject-all-button #onetrust-pc-btn-handler{float:left}#onetrust-banner-sdk .has-reject-all-button #onetrust-reject-all-handler,#onetrust-banner-sdk .has-reject-all-button #onetrust-accept-btn-handler{float:right}#onetrust-banner-sdk .has-reject-all-button #onetrust-button-group{width:calc(100% - 2em);margin-right:0}#onetrust-banner-sdk .has-reject-all-button #onetrust-pc-btn-handler.cookie-setting-link{padding-left:0px;text-align:left}#onetrust-banner-sdk.ot-buttons-fw .ot-sdk-three button{width:100%;text-align:center}#onetrust-banner-sdk.ot-buttons-fw #onetrust-button-group-parent button{float:none}#onetrust-banner-sdk.ot-buttons-fw #onetrust-pc-btn-handler.cookie-setting-link{text-align:center}}@media only screen and (min-width: 550px){#onetrust-banner-sdk .banner-option:not(:first-child){border-left:1px solid #d8d8d8;padding-left:25px}}@media only screen and (min-width: 425px)and (max-width: 550px){#onetrust-banner-sdk.ot-iab-2 #onetrust-button-group,#onetrust-banner-sdk.ot-iab-2 #onetrust-policy,#onetrust-banner-sdk.ot-iab-2 .banner-option{width:100%}#onetrust-banner-sdk.ot-iab-2 #onetrust-button-group #onetrust-accept-btn-handler,#onetrust-banner-sdk.ot-iab-2 #onetrust-button-group #onetrust-reject-all-handler,#onetrust-banner-sdk.ot-iab-2 #onetrust-button-group #onetrust-pc-btn-handler{width:100%}#onetrust-banner-sdk.ot-iab-2 #onetrust-button-group #onetrust-accept-btn-handler,#onetrust-banner-sdk.ot-iab-2 #onetrust-button-group #onetrust-reject-all-handler{float:left}}@media only screen and (min-width: 769px){#onetrust-banner-sdk #onetrust-button-group{margin-right:30%}#onetrust-banner-sdk #banner-options{margin-left:2em;margin-right:5em;margin-bottom:1.25em;width:calc(100% - 7em)}}@media only screen and (min-width: 897px)and (max-width: 1023px){#onetrust-banner-sdk.vertical-align-content #onetrust-button-group-parent{position:absolute;top:50%;left:75%;transform:translateY(-50%)}#onetrust-banner-sdk #onetrust-close-btn-container{top:50%;margin:auto;transform:translate(-50%, -50%);position:absolute;padding:0;right:0}#onetrust-banner-sdk #onetrust-close-btn-container button{position:relative;margin:0;right:-22px;top:2px}}@media only screen and (min-width: 1024px){#onetrust-banner-sdk #onetrust-close-btn-container{top:50%;margin:auto;transform:translate(-50%, -50%);position:absolute;right:0}#onetrust-banner-sdk #onetrust-close-btn-container button{right:-12px}#onetrust-banner-sdk #onetrust-policy{margin-left:2em}#onetrust-banner-sdk.vertical-align-content #onetrust-button-group-parent{position:absolute;top:50%;left:60%;transform:translateY(-50%)}#onetrust-banner-sdk .ot-optout-signal{width:50%}#onetrust-banner-sdk.ot-iab-2 #onetrust-policy-title{width:50%}#onetrust-banner-sdk.ot-iab-2 #onetrust-policy-text,#onetrust-banner-sdk.ot-iab-2 :not(.ot-dpd-desc)>.ot-b-addl-desc{margin-bottom:1em;width:50%;border-right:1px solid #d8d8d8;padding-right:1rem}#onetrust-banner-sdk.ot-iab-2 #onetrust-policy-text{margin-bottom:0;padding-bottom:1em}#onetrust-banner-sdk.ot-iab-2 :not(.ot-dpd-desc)>.ot-b-addl-desc{margin-bottom:0;padding-bottom:1em}#onetrust-banner-sdk.ot-iab-2 .ot-dpd-container{width:45%;padding-left:1rem;display:inline-block;float:none}#onetrust-banner-sdk.ot-iab-2 .ot-dpd-title{line-height:1.7}#onetrust-banner-sdk.ot-iab-2 #onetrust-button-group-parent{left:auto;right:4%;margin-left:0}#onetrust-banner-sdk.ot-iab-2 #onetrust-button-group button{display:block}#onetrust-banner-sdk:not(.ot-iab-2) #onetrust-button-group-parent{margin:auto;width:30%}#onetrust-banner-sdk:not(.ot-iab-2) #onetrust-group-container{width:60%}#onetrust-banner-sdk #onetrust-button-group{margin-right:auto}#onetrust-banner-sdk #onetrust-accept-btn-handler,#onetrust-banner-sdk #onetrust-reject-all-handler,#onetrust-banner-sdk #onetrust-pc-btn-handler{margin-top:1em}}@media only screen and (min-width: 890px){#onetrust-banner-sdk.ot-buttons-fw:not(.ot-iab-2) #onetrust-button-group-parent{padding-left:3%;padding-right:4%;margin-left:0}#onetrust-banner-sdk.ot-buttons-fw:not(.ot-iab-2) #onetrust-button-group{margin-right:0;margin-top:1.25em;width:100%}#onetrust-banner-sdk.ot-buttons-fw:not(.ot-iab-2) #onetrust-button-group button{width:100%;margin-bottom:5px;margin-top:5px}#onetrust-banner-sdk.ot-buttons-fw:not(.ot-iab-2) #onetrust-button-group button:last-of-type{margin-bottom:20px}}@media only screen and (min-width: 1280px){#onetrust-banner-sdk:not(.ot-iab-2) #onetrust-group-container{width:55%}#onetrust-banner-sdk:not(.ot-iab-2) #onetrust-button-group-parent{width:44%;padding-left:2%;padding-right:2%}#onetrust-banner-sdk:not(.ot-iab-2).vertical-align-content #onetrust-button-group-parent{position:absolute;left:55%}}
#onetrust-consent-sdk #onetrust-banner-sdk {background-color: #FFFFFF;}
#onetrust-consent-sdk #onetrust-policy-title,
#onetrust-consent-sdk #onetrust-policy-text,
#onetrust-consent-sdk .ot-b-addl-desc,
#onetrust-consent-sdk .ot-dpd-desc,
#onetrust-consent-sdk .ot-dpd-title,
#onetrust-consent-sdk #onetrust-policy-text *:not(.onetrust-vendors-list-handler),
#onetrust-consent-sdk .ot-dpd-desc *:not(.onetrust-vendors-list-handler),
#onetrust-consent-sdk #onetrust-banner-sdk #banner-options *,
#onetrust-banner-sdk .ot-cat-header,
#onetrust-banner-sdk .ot-optout-signal
{
  color: #000000;
}
#onetrust-consent-sdk #onetrust-banner-sdk .banner-option-details {
  background-color: #E9E9E9;}
#onetrust-consent-sdk #onetrust-banner-sdk a[href],
#onetrust-consent-sdk #onetrust-banner-sdk a[href] font,
#onetrust-consent-sdk #onetrust-banner-sdk .ot-link-btn
{
  color: #3860BE;
}#onetrust-consent-sdk #onetrust-accept-btn-handler,
 #onetrust-banner-sdk #onetrust-reject-all-handler {
   background-color: #F06C00;border-color: #F06C00;
   color: #FFFFFF;
 }
#onetrust-consent-sdk #onetrust-banner-sdk *:focus,
#onetrust-consent-sdk #onetrust-banner-sdk:focus {
  outline-color: #000000;
  outline-width: 1px;
}
#onetrust-consent-sdk #onetrust-pc-btn-handler,
#onetrust-consent-sdk #onetrust-pc-btn-handler.cookie-setting-link {
  color: #F06C00; border-color: #F06C00;
  background-color:
          #FFFFFF;
}#onetrust-reject-all-handler {
   background-color: white !important;
   color: #F06C00!important;
   border-color: #F06C00 !important; }#onetrust-pc-sdk.otPcCenter{overflow:hidden;position:fixed;margin:0 auto;top:5%;right:0;left:0;width:40%;max-width:575px;min-width:575px;border-radius:2.5px;z-index:2147483647;background-color:#fff;-webkit-box-shadow:0px 2px 10px -3px #999;-moz-box-shadow:0px 2px 10px -3px #999;box-shadow:0px 2px 10px -3px #999}#onetrust-pc-sdk.otPcCenter[dir=rtl]{right:0;left:0}#onetrust-pc-sdk.otRelFont{font-size:1rem}#onetrust-pc-sdk .ot-optout-signal{margin-top:.625rem}#onetrust-pc-sdk #ot-addtl-venlst .ot-arw-cntr,#onetrust-pc-sdk #ot-addtl-venlst .ot-plus-minus,#onetrust-pc-sdk .ot-hide-tgl{visibility:hidden}#onetrust-pc-sdk #ot-addtl-venlst .ot-arw-cntr *,#onetrust-pc-sdk #ot-addtl-venlst .ot-plus-minus *,#onetrust-pc-sdk .ot-hide-tgl *{visibility:hidden}#onetrust-pc-sdk #ot-gn-venlst .ot-ven-item .ot-acc-hdr{min-height:40px}#onetrust-pc-sdk .ot-pc-header{height:39px;padding:10px 0 10px 30px;border-bottom:1px solid #e9e9e9}#onetrust-pc-sdk #ot-pc-title,#onetrust-pc-sdk #ot-category-title,#onetrust-pc-sdk .ot-cat-header,#onetrust-pc-sdk #ot-lst-title,#onetrust-pc-sdk .ot-ven-hdr .ot-ven-name,#onetrust-pc-sdk .ot-always-active{font-weight:bold;color:dimgray}#onetrust-pc-sdk .ot-always-active-group .ot-cat-header{width:55%;font-weight:700}#onetrust-pc-sdk .ot-cat-item p{clear:both;float:left;margin-top:10px;margin-bottom:5px;line-height:1.5;font-size:.812em;color:dimgray}#onetrust-pc-sdk .ot-close-icon{height:44px;width:44px;background-size:10px}#onetrust-pc-sdk #ot-pc-title{float:left;font-size:1em;line-height:1.5;margin-bottom:10px;margin-top:10px;width:100%}#onetrust-pc-sdk #accept-recommended-btn-handler{margin-right:10px;margin-bottom:25px;outline-offset:-1px}#onetrust-pc-sdk #ot-pc-desc{clear:both;width:100%;font-size:.812em;line-height:1.5;margin-bottom:25px}#onetrust-pc-sdk #ot-pc-desc a{margin-left:5px}#onetrust-pc-sdk #ot-pc-desc *{font-size:inherit;line-height:inherit}#onetrust-pc-sdk #ot-pc-desc ul li{padding:10px 0px}#onetrust-pc-sdk a{color:#656565;cursor:pointer}#onetrust-pc-sdk a:hover{color:#3860be}#onetrust-pc-sdk label{margin-bottom:0}#onetrust-pc-sdk #vdr-lst-dsc{font-size:.812em;line-height:1.5;padding:10px 15px 5px 15px}#onetrust-pc-sdk button{max-width:394px;padding:12px 30px;line-height:1;word-break:break-word;word-wrap:break-word;white-space:normal;font-weight:bold;height:auto}#onetrust-pc-sdk .ot-link-btn{padding:0;margin-bottom:0;border:0;font-weight:normal;line-height:normal;width:auto;height:auto}#onetrust-pc-sdk #ot-pc-content{position:absolute;overflow-y:scroll;padding-left:0px;padding-right:30px;top:60px;bottom:110px;margin:1px 3px 0 30px;width:calc(100% - 63px)}#onetrust-pc-sdk .ot-vs-list .ot-always-active,#onetrust-pc-sdk .ot-cat-grp .ot-always-active{float:right;clear:none;color:#3860be;margin:0;font-size:.813em;line-height:1.3}#onetrust-pc-sdk .ot-pc-scrollbar::-webkit-scrollbar-track{margin-right:20px}#onetrust-pc-sdk .ot-pc-scrollbar::-webkit-scrollbar{width:11px}#onetrust-pc-sdk .ot-pc-scrollbar::-webkit-scrollbar-thumb{border-radius:10px;background:#d8d8d8}#onetrust-pc-sdk input[type=checkbox]:focus+.ot-acc-hdr{outline:#000 1px solid}#onetrust-pc-sdk .ot-pc-scrollbar{scrollbar-arrow-color:#d8d8d8;scrollbar-darkshadow-color:#d8d8d8;scrollbar-face-color:#d8d8d8;scrollbar-shadow-color:#d8d8d8}#onetrust-pc-sdk .save-preference-btn-handler{margin-right:20px}#onetrust-pc-sdk .ot-pc-refuse-all-handler{margin-right:10px}#onetrust-pc-sdk #ot-pc-desc .privacy-notice-link{margin-left:0;margin-right:8px}#onetrust-pc-sdk #ot-pc-desc .ot-imprint-handler{margin-left:0;margin-right:8px}#onetrust-pc-sdk .ot-subgrp-cntr{display:inline-block;clear:both;width:100%;padding-top:15px}#onetrust-pc-sdk .ot-switch+.ot-subgrp-cntr{padding-top:10px}#onetrust-pc-sdk ul.ot-subgrps{margin:0;font-size:initial}#onetrust-pc-sdk ul.ot-subgrps li p,#onetrust-pc-sdk ul.ot-subgrps li h5{font-size:.813em;line-height:1.4;color:dimgray}#onetrust-pc-sdk ul.ot-subgrps .ot-switch{min-height:auto}#onetrust-pc-sdk ul.ot-subgrps .ot-switch-nob{top:0}#onetrust-pc-sdk ul.ot-subgrps .ot-acc-hdr{display:inline-block;width:100%}#onetrust-pc-sdk ul.ot-subgrps .ot-acc-txt{margin:0}#onetrust-pc-sdk ul.ot-subgrps li{padding:0;border:none}#onetrust-pc-sdk ul.ot-subgrps li h5{position:relative;top:5px;font-weight:bold;margin-bottom:0;float:left}#onetrust-pc-sdk li.ot-subgrp{margin-left:20px;overflow:auto}#onetrust-pc-sdk li.ot-subgrp>h5{width:calc(100% - 100px)}#onetrust-pc-sdk .ot-cat-item p>ul,#onetrust-pc-sdk li.ot-subgrp p>ul{margin:0px;list-style:disc;margin-left:15px;font-size:inherit}#onetrust-pc-sdk .ot-cat-item p>ul li,#onetrust-pc-sdk li.ot-subgrp p>ul li{font-size:inherit;padding-top:10px;padding-left:0px;padding-right:0px;border:none}#onetrust-pc-sdk .ot-cat-item p>ul li:last-child,#onetrust-pc-sdk li.ot-subgrp p>ul li:last-child{padding-bottom:10px}#onetrust-pc-sdk .ot-pc-logo{height:40px;width:120px}#onetrust-pc-sdk .ot-pc-footer{position:absolute;bottom:0px;width:100%;max-height:160px;border-top:1px solid #d8d8d8}#onetrust-pc-sdk.ot-ftr-stacked .ot-pc-refuse-all-handler{margin-bottom:0px}#onetrust-pc-sdk.ot-ftr-stacked #ot-pc-content{bottom:160px}#onetrust-pc-sdk.ot-ftr-stacked .ot-pc-footer button{width:100%;max-width:none}#onetrust-pc-sdk.ot-ftr-stacked .ot-btn-container{margin:0 30px;width:calc(100% - 60px);padding-right:0}#onetrust-pc-sdk .ot-pc-footer-logo{height:30px;width:100%;text-align:right;background:#f4f4f4}#onetrust-pc-sdk .ot-pc-footer-logo a{display:inline-block;margin-top:5px;margin-right:10px}#onetrust-pc-sdk[dir=rtl] .ot-pc-footer-logo{direction:rtl}#onetrust-pc-sdk[dir=rtl] .ot-pc-footer-logo a{margin-right:25px}#onetrust-pc-sdk .ot-tgl{float:right;position:relative;z-index:1}#onetrust-pc-sdk .ot-tgl input:checked+.ot-switch .ot-switch-nob{background-color:#468254;border:1px solid #fff}#onetrust-pc-sdk .ot-tgl input:checked+.ot-switch .ot-switch-nob:before{-webkit-transform:translateX(20px);-ms-transform:translateX(20px);transform:translateX(20px);background-color:#fff;border-color:#fff}#onetrust-pc-sdk .ot-tgl input:focus+.ot-switch{outline:#000 solid 1px}#onetrust-pc-sdk .ot-switch{position:relative;display:inline-block;width:45px;height:25px}#onetrust-pc-sdk .ot-switch-nob{position:absolute;cursor:pointer;top:0;left:0;right:0;bottom:0;background-color:#767676;border:1px solid #ddd;transition:all .2s ease-in 0s;-moz-transition:all .2s ease-in 0s;-o-transition:all .2s ease-in 0s;-webkit-transition:all .2s ease-in 0s;border-radius:20px}#onetrust-pc-sdk .ot-switch-nob:before{position:absolute;content:"";height:18px;width:18px;bottom:3px;left:3px;background-color:#fff;-webkit-transition:.4s;transition:.4s;border-radius:20px}#onetrust-pc-sdk .ot-chkbox input:checked~label::before{background-color:#3860be}#onetrust-pc-sdk .ot-chkbox input+label::after{content:none;color:#fff}#onetrust-pc-sdk .ot-chkbox input:checked+label::after{content:""}#onetrust-pc-sdk .ot-chkbox input:focus+label::before{outline-style:solid;outline-width:2px;outline-style:auto}#onetrust-pc-sdk .ot-chkbox label{position:relative;display:inline-block;padding-left:30px;cursor:pointer;font-weight:500}#onetrust-pc-sdk .ot-chkbox label::before,#onetrust-pc-sdk .ot-chkbox label::after{position:absolute;content:"";display:inline-block;border-radius:3px}#onetrust-pc-sdk .ot-chkbox label::before{height:18px;width:18px;border:1px solid #3860be;left:0px;top:auto}#onetrust-pc-sdk .ot-chkbox label::after{height:5px;width:9px;border-left:3px solid;border-bottom:3px solid;transform:rotate(-45deg);-o-transform:rotate(-45deg);-ms-transform:rotate(-45deg);-webkit-transform:rotate(-45deg);left:4px;top:5px}#onetrust-pc-sdk .ot-label-txt{display:none}#onetrust-pc-sdk .ot-chkbox input,#onetrust-pc-sdk .ot-tgl input{position:absolute;opacity:0;width:0;height:0}#onetrust-pc-sdk .ot-arw-cntr{float:right;position:relative;pointer-events:none}#onetrust-pc-sdk .ot-arw-cntr .ot-arw{width:16px;height:16px;margin-left:5px;color:dimgray;display:inline-block;vertical-align:middle;-webkit-transition:all 150ms ease-in 0s;-moz-transition:all 150ms ease-in 0s;-o-transition:all 150ms ease-in 0s;transition:all 150ms ease-in 0s}#onetrust-pc-sdk input:checked~.ot-acc-hdr .ot-arw,#onetrust-pc-sdk button[aria-expanded=true]~.ot-acc-hdr .ot-arw-cntr svg{transform:rotate(90deg);-o-transform:rotate(90deg);-ms-transform:rotate(90deg);-webkit-transform:rotate(90deg)}#onetrust-pc-sdk input[type=checkbox]:focus+.ot-acc-hdr{outline:#000 1px solid}#onetrust-pc-sdk .ot-tgl-cntr,#onetrust-pc-sdk .ot-arw-cntr{display:inline-block}#onetrust-pc-sdk .ot-tgl-cntr{width:45px;float:right;margin-top:2px}#onetrust-pc-sdk #ot-lst-cnt .ot-tgl-cntr{margin-top:10px}#onetrust-pc-sdk .ot-always-active-subgroup{width:auto;padding-left:0px !important;top:3px;position:relative}#onetrust-pc-sdk .ot-label-status{padding-left:5px;font-size:.75em;display:none}#onetrust-pc-sdk .ot-arw-cntr{margin-top:-1px}#onetrust-pc-sdk .ot-arw-cntr svg{-webkit-transition:all 300ms ease-in 0s;-moz-transition:all 300ms ease-in 0s;-o-transition:all 300ms ease-in 0s;transition:all 300ms ease-in 0s;height:10px;width:10px}#onetrust-pc-sdk input:checked~.ot-acc-hdr .ot-arw{transform:rotate(90deg);-o-transform:rotate(90deg);-ms-transform:rotate(90deg);-webkit-transform:rotate(90deg)}#onetrust-pc-sdk .ot-arw{width:10px;margin-left:15px;transition:all 300ms ease-in 0s;-webkit-transition:all 300ms ease-in 0s;-moz-transition:all 300ms ease-in 0s;-o-transition:all 300ms ease-in 0s}#onetrust-pc-sdk .ot-vlst-cntr{margin-bottom:0}#onetrust-pc-sdk .ot-hlst-cntr{margin-top:5px;display:inline-block;width:100%}#onetrust-pc-sdk .category-vendors-list-handler,#onetrust-pc-sdk .category-vendors-list-handler+a,#onetrust-pc-sdk .category-host-list-handler{clear:both;color:#3860be;margin-left:0;font-size:.813em;text-decoration:none;float:left;overflow:hidden}#onetrust-pc-sdk .category-vendors-list-handler:hover,#onetrust-pc-sdk .category-vendors-list-handler+a:hover,#onetrust-pc-sdk .category-host-list-handler:hover{text-decoration-line:underline}#onetrust-pc-sdk .category-vendors-list-handler+a{clear:none}#onetrust-pc-sdk .ot-vlst-cntr .ot-ext-lnk,#onetrust-pc-sdk .ot-ven-hdr .ot-ext-lnk{display:inline-block;height:13px;width:13px;background-repeat:no-repeat;margin-left:1px;margin-top:6px;cursor:pointer}#onetrust-pc-sdk .ot-ven-hdr .ot-ext-lnk{margin-bottom:-1px}#onetrust-pc-sdk .back-btn-handler{font-size:1em;text-decoration:none}#onetrust-pc-sdk .back-btn-handler:hover{opacity:.6}#onetrust-pc-sdk #ot-lst-title h3{display:inline-block;word-break:break-word;word-wrap:break-word;margin-bottom:0;color:#656565;font-size:1em;font-weight:bold;margin-left:15px}#onetrust-pc-sdk #ot-lst-title{margin:10px 0 10px 0px;font-size:1em;text-align:left}#onetrust-pc-sdk #ot-pc-hdr{margin:0 0 0 30px;height:auto;width:auto}#onetrust-pc-sdk #ot-pc-hdr input::placeholder{color:#d4d4d4;font-style:italic}#onetrust-pc-sdk #vendor-search-handler{height:31px;width:100%;border-radius:50px;font-size:.8em;padding-right:35px;padding-left:15px;float:left;margin-left:15px}#onetrust-pc-sdk .ot-ven-name{display:block;width:auto;padding-right:5px}#onetrust-pc-sdk #ot-lst-cnt{overflow-y:auto;margin-left:20px;margin-right:7px;width:calc(100% - 27px);max-height:calc(100% - 80px);height:100%;transform:translate3d(0, 0, 0)}#onetrust-pc-sdk #ot-pc-lst{width:100%;bottom:100px;position:absolute;top:60px}#onetrust-pc-sdk #ot-pc-lst:not(.ot-enbl-chr) .ot-tgl-cntr .ot-arw-cntr,#onetrust-pc-sdk #ot-pc-lst:not(.ot-enbl-chr) .ot-tgl-cntr .ot-arw-cntr *{visibility:hidden}#onetrust-pc-sdk #ot-pc-lst .ot-tgl-cntr{right:12px;position:absolute}#onetrust-pc-sdk #ot-pc-lst .ot-arw-cntr{float:right;position:relative}#onetrust-pc-sdk #ot-pc-lst .ot-arw{margin-left:10px}#onetrust-pc-sdk #ot-pc-lst .ot-acc-hdr{overflow:hidden;cursor:pointer}#onetrust-pc-sdk .ot-vlst-cntr{overflow:hidden}#onetrust-pc-sdk #ot-sel-blk{overflow:hidden;width:100%;position:sticky;position:-webkit-sticky;top:0;z-index:3}#onetrust-pc-sdk #ot-back-arw{height:12px;width:12px}#onetrust-pc-sdk .ot-lst-subhdr{width:100%;display:inline-block}#onetrust-pc-sdk .ot-search-cntr{float:left;width:78%;position:relative}#onetrust-pc-sdk .ot-search-cntr>svg{width:30px;height:30px;position:absolute;float:left;right:-15px}#onetrust-pc-sdk .ot-fltr-cntr{float:right;right:50px;position:relative}#onetrust-pc-sdk #filter-btn-handler{background-color:#3860be;border-radius:17px;display:inline-block;position:relative;width:32px;height:32px;-moz-transition:.1s ease;-o-transition:.1s ease;-webkit-transition:1s ease;transition:.1s ease;padding:0;margin:0}#onetrust-pc-sdk #filter-btn-handler:hover{background-color:#3860be}#onetrust-pc-sdk #filter-btn-handler svg{width:12px;height:12px;margin:3px 10px 0 10px;display:block;position:static;right:auto;top:auto}#onetrust-pc-sdk .ot-ven-link,#onetrust-pc-sdk .ot-ven-legclaim-link{color:#3860be;text-decoration:none;font-weight:100;display:inline-block;padding-top:10px;transform:translate(0, 1%);-o-transform:translate(0, 1%);-ms-transform:translate(0, 1%);-webkit-transform:translate(0, 1%);position:relative;z-index:2}#onetrust-pc-sdk .ot-ven-link *,#onetrust-pc-sdk .ot-ven-legclaim-link *{font-size:inherit}#onetrust-pc-sdk .ot-ven-link:hover,#onetrust-pc-sdk .ot-ven-legclaim-link:hover{text-decoration:underline}#onetrust-pc-sdk .ot-ven-hdr{width:calc(100% - 160px);height:auto;float:left;word-break:break-word;word-wrap:break-word;vertical-align:middle;padding-bottom:3px}#onetrust-pc-sdk .ot-ven-link,#onetrust-pc-sdk .ot-ven-legclaim-link{letter-spacing:.03em;font-size:.75em;font-weight:400}#onetrust-pc-sdk .ot-ven-dets{border-radius:2px;background-color:#f8f8f8}#onetrust-pc-sdk .ot-ven-dets li:first-child p:first-child{border-top:none}#onetrust-pc-sdk .ot-ven-dets .ot-ven-disc:not(:first-child){border-top:1px solid #ddd !important}#onetrust-pc-sdk .ot-ven-dets .ot-ven-disc:nth-child(n+3) p{display:inline-block}#onetrust-pc-sdk .ot-ven-dets .ot-ven-disc:nth-child(n+3) p:nth-of-type(odd){width:30%}#onetrust-pc-sdk .ot-ven-dets .ot-ven-disc:nth-child(n+3) p:nth-of-type(even){width:50%;word-break:break-word;word-wrap:break-word}#onetrust-pc-sdk .ot-ven-dets .ot-ven-disc p,#onetrust-pc-sdk .ot-ven-dets .ot-ven-disc h5{padding-top:5px;padding-bottom:5px;display:block}#onetrust-pc-sdk .ot-ven-dets .ot-ven-disc h5{display:inline-block}#onetrust-pc-sdk .ot-ven-dets .ot-ven-disc p:nth-last-child(-n+1){padding-bottom:10px}#onetrust-pc-sdk .ot-ven-dets .ot-ven-disc p:nth-child(-n+2):not(.disc-pur){padding-top:10px}#onetrust-pc-sdk .ot-ven-dets .ot-ven-disc .disc-pur-cont{display:inline}#onetrust-pc-sdk .ot-ven-dets .ot-ven-disc .disc-pur{position:relative;width:50% !important;word-break:break-word;word-wrap:break-word;left:calc(30% + 17px)}#onetrust-pc-sdk .ot-ven-dets .ot-ven-disc .disc-pur:nth-child(-n+1){position:static}#onetrust-pc-sdk .ot-ven-dets p,#onetrust-pc-sdk .ot-ven-dets h5,#onetrust-pc-sdk .ot-ven-dets span{font-size:.69em;text-align:left;vertical-align:middle;word-break:break-word;word-wrap:break-word;margin:0;padding-bottom:10px;padding-left:15px;color:#2e3644}#onetrust-pc-sdk .ot-ven-dets h5{padding-top:5px}#onetrust-pc-sdk .ot-ven-dets span{color:dimgray;padding:0;vertical-align:baseline}#onetrust-pc-sdk .ot-ven-dets .ot-ven-pur h5{border-top:1px solid #e9e9e9;border-bottom:1px solid #e9e9e9;padding-bottom:5px;margin-bottom:5px;font-weight:bold}#onetrust-pc-sdk #ot-host-lst .ot-sel-all{float:right;position:relative;margin-right:42px;top:10px}#onetrust-pc-sdk #ot-host-lst .ot-sel-all input[type=checkbox]{width:auto;height:auto}#onetrust-pc-sdk #ot-host-lst .ot-sel-all label{height:20px;width:20px;padding-left:0px}#onetrust-pc-sdk #ot-host-lst .ot-acc-txt{overflow:hidden;width:95%}#onetrust-pc-sdk .ot-host-hdr{position:relative;z-index:1;pointer-events:none;width:calc(100% - 125px);float:left}#onetrust-pc-sdk .ot-host-name,#onetrust-pc-sdk .ot-host-desc{display:inline-block;width:90%}#onetrust-pc-sdk .ot-host-name{pointer-events:none}#onetrust-pc-sdk .ot-host-hdr>a{text-decoration:underline;font-size:.82em;position:relative;z-index:2;float:left;margin-bottom:5px;pointer-events:initial}#onetrust-pc-sdk .ot-host-name+a{margin-top:5px}#onetrust-pc-sdk .ot-host-name,#onetrust-pc-sdk .ot-host-name a,#onetrust-pc-sdk .ot-host-desc,#onetrust-pc-sdk .ot-host-info{color:dimgray;word-break:break-word;word-wrap:break-word}#onetrust-pc-sdk .ot-host-name,#onetrust-pc-sdk .ot-host-name a{font-weight:bold;font-size:.82em;line-height:1.3}#onetrust-pc-sdk .ot-host-name a{font-size:1em}#onetrust-pc-sdk .ot-host-expand{margin-top:3px;margin-bottom:3px;clear:both;display:block;color:#3860be;font-size:.72em;font-weight:normal}#onetrust-pc-sdk .ot-host-expand *{font-size:inherit}#onetrust-pc-sdk .ot-host-desc,#onetrust-pc-sdk .ot-host-info{font-size:.688em;line-height:1.4;font-weight:normal}#onetrust-pc-sdk .ot-host-desc{margin-top:10px}#onetrust-pc-sdk .ot-host-opt{margin:0;font-size:inherit;display:inline-block;width:100%}#onetrust-pc-sdk .ot-host-opt li>div div{font-size:.8em;padding:5px 0}#onetrust-pc-sdk .ot-host-opt li>div div:nth-child(1){width:30%;float:left}#onetrust-pc-sdk .ot-host-opt li>div div:nth-child(2){width:70%;float:left;word-break:break-word;word-wrap:break-word}#onetrust-pc-sdk .ot-host-info{border:none;display:inline-block;width:calc(100% - 10px);padding:10px;margin-bottom:10px;background-color:#f8f8f8}#onetrust-pc-sdk .ot-host-info>div{overflow:auto}#onetrust-pc-sdk #no-results{text-align:center;margin-top:30px}#onetrust-pc-sdk #no-results p{font-size:1em;color:#2e3644;word-break:break-word;word-wrap:break-word}#onetrust-pc-sdk #no-results p span{font-weight:bold}#onetrust-pc-sdk #ot-fltr-modal{width:100%;height:auto;display:none;-moz-transition:.2s ease;-o-transition:.2s ease;-webkit-transition:2s ease;transition:.2s ease;overflow:hidden;opacity:1;right:0}#onetrust-pc-sdk #ot-fltr-modal .ot-label-txt{display:inline-block;font-size:.85em;color:dimgray}#onetrust-pc-sdk #ot-fltr-cnt{z-index:2147483646;background-color:#fff;position:absolute;height:90%;max-height:300px;width:325px;left:210px;margin-top:10px;margin-bottom:20px;padding-right:10px;border-radius:3px;-webkit-box-shadow:0px 0px 12px 2px #c7c5c7;-moz-box-shadow:0px 0px 12px 2px #c7c5c7;box-shadow:0px 0px 12px 2px #c7c5c7}#onetrust-pc-sdk .ot-fltr-scrlcnt{overflow-y:auto;overflow-x:hidden;clear:both;max-height:calc(100% - 60px)}#onetrust-pc-sdk #ot-anchor{border:12px solid rgba(0,0,0,0);display:none;position:absolute;z-index:2147483647;right:55px;top:75px;transform:rotate(45deg);-o-transform:rotate(45deg);-ms-transform:rotate(45deg);-webkit-transform:rotate(45deg);background-color:#fff;-webkit-box-shadow:-3px -3px 5px -2px #c7c5c7;-moz-box-shadow:-3px -3px 5px -2px #c7c5c7;box-shadow:-3px -3px 5px -2px #c7c5c7}#onetrust-pc-sdk .ot-fltr-btns{margin-left:15px}#onetrust-pc-sdk #filter-apply-handler{margin-right:15px}#onetrust-pc-sdk .ot-fltr-opt{margin-bottom:25px;margin-left:15px;width:75%;position:relative}#onetrust-pc-sdk .ot-fltr-opt p{display:inline-block;margin:0;font-size:.9em;color:#2e3644}#onetrust-pc-sdk .ot-chkbox label span{font-size:.85em;color:dimgray}#onetrust-pc-sdk .ot-chkbox input[type=checkbox]+label::after{content:none;color:#fff}#onetrust-pc-sdk .ot-chkbox input[type=checkbox]:checked+label::after{content:""}#onetrust-pc-sdk .ot-chkbox input[type=checkbox]:focus+label::before{outline-style:solid;outline-width:2px;outline-style:auto}#onetrust-pc-sdk #ot-selall-vencntr,#onetrust-pc-sdk #ot-selall-adtlvencntr,#onetrust-pc-sdk #ot-selall-hostcntr,#onetrust-pc-sdk #ot-selall-licntr,#onetrust-pc-sdk #ot-selall-gnvencntr{right:15px;position:relative;width:20px;height:20px;float:right}#onetrust-pc-sdk #ot-selall-vencntr label,#onetrust-pc-sdk #ot-selall-adtlvencntr label,#onetrust-pc-sdk #ot-selall-hostcntr label,#onetrust-pc-sdk #ot-selall-licntr label,#onetrust-pc-sdk #ot-selall-gnvencntr label{float:left;padding-left:0}#onetrust-pc-sdk #ot-ven-lst:first-child{border-top:1px solid #e2e2e2}#onetrust-pc-sdk ul{list-style:none;padding:0}#onetrust-pc-sdk ul li{position:relative;margin:0;padding:15px 15px 15px 10px;border-bottom:1px solid #e2e2e2}#onetrust-pc-sdk ul li h3,#onetrust-pc-sdk ul li h4{font-size:.75em;color:#656565;margin:0;display:inline-block;width:70%;height:auto;word-break:break-word;word-wrap:break-word}#onetrust-pc-sdk ul li p{margin:0;font-size:.7em}#onetrust-pc-sdk ul li input[type=checkbox]{position:absolute;cursor:pointer;width:100%;height:100%;opacity:0;margin:0;top:0;left:0}#onetrust-pc-sdk .ot-cat-item>button:focus,#onetrust-pc-sdk .ot-acc-cntr>button:focus,#onetrust-pc-sdk li>button:focus{outline:#000 solid 2px}#onetrust-pc-sdk .ot-cat-item>button,#onetrust-pc-sdk .ot-acc-cntr>button,#onetrust-pc-sdk li>button{position:absolute;cursor:pointer;width:100%;height:100%;margin:0;top:0;left:0;z-index:1;max-width:none;border:none}#onetrust-pc-sdk .ot-cat-item>button[aria-expanded=false]~.ot-acc-txt,#onetrust-pc-sdk .ot-acc-cntr>button[aria-expanded=false]~.ot-acc-txt,#onetrust-pc-sdk li>button[aria-expanded=false]~.ot-acc-txt{margin-top:0;max-height:0;opacity:0;overflow:hidden;width:100%;transition:.25s ease-out;display:none}#onetrust-pc-sdk .ot-cat-item>button[aria-expanded=true]~.ot-acc-txt,#onetrust-pc-sdk .ot-acc-cntr>button[aria-expanded=true]~.ot-acc-txt,#onetrust-pc-sdk li>button[aria-expanded=true]~.ot-acc-txt{transition:.1s ease-in;margin-top:10px;width:100%;overflow:auto;display:block}#onetrust-pc-sdk .ot-cat-item>button[aria-expanded=true]~.ot-acc-grpcntr,#onetrust-pc-sdk .ot-acc-cntr>button[aria-expanded=true]~.ot-acc-grpcntr,#onetrust-pc-sdk li>button[aria-expanded=true]~.ot-acc-grpcntr{width:auto;margin-top:0px;padding-bottom:10px}#onetrust-pc-sdk .ot-host-item>button:focus,#onetrust-pc-sdk .ot-ven-item>button:focus{outline:0;border:2px solid #000}#onetrust-pc-sdk .ot-hide-acc>button{pointer-events:none}#onetrust-pc-sdk .ot-hide-acc .ot-plus-minus>*,#onetrust-pc-sdk .ot-hide-acc .ot-arw-cntr>*{visibility:hidden}#onetrust-pc-sdk .ot-hide-acc .ot-acc-hdr{min-height:30px}#onetrust-pc-sdk.ot-addtl-vendors #ot-lst-cnt:not(.ot-host-cnt){padding-right:10px;width:calc(100% - 37px);margin-top:10px;max-height:calc(100% - 90px)}#onetrust-pc-sdk.ot-addtl-vendors #ot-lst-cnt:not(.ot-host-cnt) #ot-sel-blk{background-color:#f9f9fc;border:1px solid #e2e2e2;width:calc(100% - 2px);padding-bottom:5px;padding-top:5px}#onetrust-pc-sdk.ot-addtl-vendors #ot-lst-cnt:not(.ot-host-cnt) #ot-sel-blk.ot-vnd-list-cnt{border:unset;background-color:unset}#onetrust-pc-sdk.ot-addtl-vendors #ot-lst-cnt:not(.ot-host-cnt) #ot-sel-blk.ot-vnd-list-cnt .ot-sel-all-hdr{display:none}#onetrust-pc-sdk.ot-addtl-vendors #ot-lst-cnt:not(.ot-host-cnt) #ot-sel-blk.ot-vnd-list-cnt .ot-sel-all{padding-right:.5rem}#onetrust-pc-sdk.ot-addtl-vendors #ot-lst-cnt:not(.ot-host-cnt) #ot-sel-blk.ot-vnd-list-cnt .ot-sel-all .ot-chkbox{right:0}#onetrust-pc-sdk.ot-addtl-vendors #ot-lst-cnt:not(.ot-host-cnt) .ot-sel-all{padding-right:34px}#onetrust-pc-sdk.ot-addtl-vendors #ot-lst-cnt:not(.ot-host-cnt) .ot-sel-all-chkbox{width:auto}#onetrust-pc-sdk.ot-addtl-vendors #ot-lst-cnt:not(.ot-host-cnt) ul li{border:1px solid #e2e2e2;margin-bottom:10px}#onetrust-pc-sdk.ot-addtl-vendors #ot-lst-cnt:not(.ot-host-cnt) .ot-acc-cntr>.ot-acc-hdr{padding:10px 0 10px 15px}#onetrust-pc-sdk.ot-addtl-vendors .ot-sel-all-chkbox{float:right}#onetrust-pc-sdk.ot-addtl-vendors .ot-plus-minus~.ot-sel-all-chkbox{right:34px}#onetrust-pc-sdk.ot-addtl-vendors #ot-ven-lst:first-child{border-top:none}#onetrust-pc-sdk .ot-acc-cntr{position:relative;border-left:1px solid #e2e2e2;border-right:1px solid #e2e2e2;border-bottom:1px solid #e2e2e2}#onetrust-pc-sdk .ot-acc-cntr input{z-index:1}#onetrust-pc-sdk .ot-acc-cntr>.ot-acc-hdr{background-color:#f9f9fc;padding:5px 0 5px 15px;width:auto}#onetrust-pc-sdk .ot-acc-cntr>.ot-acc-hdr .ot-plus-minus{vertical-align:middle;top:auto}#onetrust-pc-sdk .ot-acc-cntr>.ot-acc-hdr .ot-arw-cntr{right:10px}#onetrust-pc-sdk .ot-acc-cntr>.ot-acc-hdr input{z-index:2}#onetrust-pc-sdk .ot-acc-cntr.ot-add-tech .ot-acc-hdr{padding:10px 0 10px 15px}#onetrust-pc-sdk .ot-acc-cntr>input[type=checkbox]:checked~.ot-acc-hdr{border-bottom:1px solid #e2e2e2}#onetrust-pc-sdk .ot-acc-cntr>.ot-acc-txt{padding-left:10px;padding-right:10px}#onetrust-pc-sdk .ot-acc-cntr button[aria-expanded=true]~.ot-acc-txt{width:auto}#onetrust-pc-sdk .ot-acc-cntr .ot-addtl-venbox{display:none}#onetrust-pc-sdk .ot-vlst-cntr{margin-bottom:0;width:100%}#onetrust-pc-sdk .ot-vensec-title{font-size:.813em;vertical-align:middle;display:inline-block}#onetrust-pc-sdk .category-vendors-list-handler,#onetrust-pc-sdk .category-vendors-list-handler+a{margin-left:0;margin-top:10px}#onetrust-pc-sdk #ot-selall-vencntr.line-through label::after,#onetrust-pc-sdk #ot-selall-adtlvencntr.line-through label::after,#onetrust-pc-sdk #ot-selall-licntr.line-through label::after,#onetrust-pc-sdk #ot-selall-hostcntr.line-through label::after,#onetrust-pc-sdk #ot-selall-gnvencntr.line-through label::after{height:auto;border-left:0;transform:none;-o-transform:none;-ms-transform:none;-webkit-transform:none;left:5px;top:9px}#onetrust-pc-sdk #ot-category-title{float:left;padding-bottom:10px;font-size:1em;width:100%}#onetrust-pc-sdk .ot-cat-grp{margin-top:10px}#onetrust-pc-sdk .ot-cat-item{line-height:1.1;margin-top:10px;display:inline-block;width:100%}#onetrust-pc-sdk .ot-btn-container{text-align:right}#onetrust-pc-sdk .ot-btn-container button{display:inline-block;font-size:.75em;letter-spacing:.08em;margin-top:19px}#onetrust-pc-sdk #close-pc-btn-handler.ot-close-icon{position:absolute;top:10px;right:0;z-index:1;padding:0;background-color:rgba(0,0,0,0);border:none}#onetrust-pc-sdk #close-pc-btn-handler.ot-close-icon svg{display:block;height:10px;width:10px}#onetrust-pc-sdk #clear-filters-handler{margin-top:20px;margin-bottom:10px;float:right;max-width:200px;text-decoration:none;color:#3860be;font-size:.9em;font-weight:bold;background-color:rgba(0,0,0,0);border-color:rgba(0,0,0,0);padding:1px}#onetrust-pc-sdk #clear-filters-handler:hover{color:#2285f7}#onetrust-pc-sdk #clear-filters-handler:focus{outline:#000 solid 1px}#onetrust-pc-sdk .ot-enbl-chr h4~.ot-tgl,#onetrust-pc-sdk .ot-enbl-chr h4~.ot-always-active{right:45px}#onetrust-pc-sdk .ot-enbl-chr h4~.ot-tgl+.ot-tgl{right:120px}#onetrust-pc-sdk .ot-enbl-chr .ot-pli-hdr.ot-leg-border-color span:first-child{width:90px}#onetrust-pc-sdk .ot-enbl-chr li.ot-subgrp>h5+.ot-tgl-cntr{padding-right:25px}#onetrust-pc-sdk .ot-plus-minus{width:20px;height:20px;font-size:1.5em;position:relative;display:inline-block;margin-right:5px;top:3px}#onetrust-pc-sdk .ot-plus-minus span{position:absolute;background:#27455c;border-radius:1px}#onetrust-pc-sdk .ot-plus-minus span:first-of-type{top:25%;bottom:25%;width:10%;left:45%}#onetrust-pc-sdk .ot-plus-minus span:last-of-type{left:25%;right:25%;height:10%;top:45%}#onetrust-pc-sdk button[aria-expanded=true]~.ot-acc-hdr .ot-arw,#onetrust-pc-sdk button[aria-expanded=true]~.ot-acc-hdr .ot-plus-minus span:first-of-type,#onetrust-pc-sdk button[aria-expanded=true]~.ot-acc-hdr .ot-plus-minus span:last-of-type{transform:rotate(90deg)}#onetrust-pc-sdk button[aria-expanded=true]~.ot-acc-hdr .ot-plus-minus span:last-of-type{left:50%;right:50%}#onetrust-pc-sdk #ot-selall-vencntr label,#onetrust-pc-sdk #ot-selall-adtlvencntr label,#onetrust-pc-sdk #ot-selall-hostcntr label,#onetrust-pc-sdk #ot-selall-licntr label{position:relative;display:inline-block;width:20px;height:20px}#onetrust-pc-sdk .ot-host-item .ot-plus-minus,#onetrust-pc-sdk .ot-ven-item .ot-plus-minus{float:left;margin-right:8px;top:10px}#onetrust-pc-sdk .ot-ven-item ul{list-style:none inside;font-size:100%;margin:0}#onetrust-pc-sdk .ot-ven-item ul li{margin:0 !important;padding:0;border:none !important}#onetrust-pc-sdk .ot-pli-hdr{color:#77808e;overflow:hidden;padding-top:7.5px;padding-bottom:7.5px;width:calc(100% - 2px);border-top-left-radius:3px;border-top-right-radius:3px}#onetrust-pc-sdk .ot-pli-hdr span:first-child{top:50%;transform:translateY(50%);max-width:90px}#onetrust-pc-sdk .ot-pli-hdr span:last-child{padding-right:10px;max-width:95px;text-align:center}#onetrust-pc-sdk .ot-li-title{float:right;font-size:.813em}#onetrust-pc-sdk .ot-pli-hdr.ot-leg-border-color{background-color:#f4f4f4;border:1px solid #d8d8d8}#onetrust-pc-sdk .ot-pli-hdr.ot-leg-border-color span:first-child{text-align:left;width:70px}#onetrust-pc-sdk li.ot-subgrp>h5,#onetrust-pc-sdk .ot-cat-header{width:calc(100% - 130px)}#onetrust-pc-sdk li.ot-subgrp>h5+.ot-tgl-cntr{padding-left:13px}#onetrust-pc-sdk .ot-acc-grpcntr .ot-acc-grpdesc{margin-bottom:5px}#onetrust-pc-sdk .ot-acc-grpcntr .ot-subgrp-cntr{border-top:1px solid #d8d8d8}#onetrust-pc-sdk .ot-acc-grpcntr .ot-vlst-cntr+.ot-subgrp-cntr{border-top:none}#onetrust-pc-sdk .ot-acc-hdr .ot-arw-cntr+.ot-tgl-cntr,#onetrust-pc-sdk .ot-acc-txt h4+.ot-tgl-cntr{padding-left:13px}#onetrust-pc-sdk .ot-pli-hdr~.ot-cat-item .ot-subgrp>h5,#onetrust-pc-sdk .ot-pli-hdr~.ot-cat-item .ot-cat-header{width:calc(100% - 145px)}#onetrust-pc-sdk .ot-pli-hdr~.ot-cat-item h5+.ot-tgl-cntr,#onetrust-pc-sdk .ot-pli-hdr~.ot-cat-item .ot-cat-header+.ot-tgl{padding-left:28px}#onetrust-pc-sdk .ot-sel-all-hdr,#onetrust-pc-sdk .ot-sel-all-chkbox{display:inline-block;width:100%;position:relative}#onetrust-pc-sdk .ot-sel-all-chkbox{z-index:1}#onetrust-pc-sdk .ot-sel-all{margin:0;position:relative;padding-right:23px;float:right}#onetrust-pc-sdk .ot-consent-hdr,#onetrust-pc-sdk .ot-li-hdr{float:right;font-size:.812em;line-height:normal;text-align:center;word-break:break-word;word-wrap:break-word}#onetrust-pc-sdk .ot-li-hdr{max-width:100px;padding-right:10px}#onetrust-pc-sdk .ot-consent-hdr{max-width:55px}#onetrust-pc-sdk #ot-selall-licntr{display:block;width:21px;height:auto;float:right;position:relative;right:80px}#onetrust-pc-sdk #ot-selall-licntr label{position:absolute}#onetrust-pc-sdk .ot-ven-ctgl{margin-left:66px}#onetrust-pc-sdk .ot-ven-litgl+.ot-arw-cntr{margin-left:81px}#onetrust-pc-sdk .ot-enbl-chr .ot-host-cnt .ot-tgl-cntr{width:auto}#onetrust-pc-sdk #ot-lst-cnt:not(.ot-host-cnt) .ot-tgl-cntr{width:auto;top:auto;height:20px}#onetrust-pc-sdk #ot-lst-cnt .ot-chkbox{position:relative;display:inline-block;width:20px;height:20px}#onetrust-pc-sdk #ot-lst-cnt .ot-chkbox label{position:absolute;padding:0;width:20px;height:20px}#onetrust-pc-sdk #ot-lst-cnt .ot-vnd-info-cntr{border:1px solid #d8d8d8;padding:.75rem 2rem;padding-bottom:0;width:auto;margin-top:.5rem}#onetrust-pc-sdk .ot-acc-grpdesc+.ot-leg-btn-container{padding-left:20px;padding-right:20px;width:calc(100% - 40px);margin-bottom:5px}#onetrust-pc-sdk .ot-subgrp .ot-leg-btn-container{margin-bottom:5px}#onetrust-pc-sdk #ot-ven-lst .ot-leg-btn-container{margin-top:10px}#onetrust-pc-sdk .ot-leg-btn-container{display:inline-block;width:100%;margin-bottom:10px}#onetrust-pc-sdk .ot-leg-btn-container button{height:auto;padding:6.5px 8px;margin-bottom:0;letter-spacing:0;font-size:.75em;line-height:normal}#onetrust-pc-sdk .ot-leg-btn-container svg{display:none;height:14px;width:14px;padding-right:5px;vertical-align:sub}#onetrust-pc-sdk .ot-active-leg-btn{cursor:default;pointer-events:none}#onetrust-pc-sdk .ot-active-leg-btn svg{display:inline-block}#onetrust-pc-sdk .ot-remove-objection-handler{text-decoration:underline;padding:0;font-size:.75em;font-weight:600;line-height:1;padding-left:10px}#onetrust-pc-sdk .ot-obj-leg-btn-handler span{font-weight:bold;text-align:center;font-size:inherit;line-height:1.5}#onetrust-pc-sdk.ot-close-btn-link #close-pc-btn-handler{border:none;height:auto;line-height:1.5;text-decoration:underline;font-size:.69em;background:none;right:15px;top:15px;width:auto;font-weight:normal}#onetrust-pc-sdk .ot-pgph-link{font-size:.813em !important;margin-top:5px;position:relative}#onetrust-pc-sdk .ot-pgph-link.ot-pgph-link-subgroup{margin-bottom:1rem}#onetrust-pc-sdk .ot-pgph-contr{margin:0 2.5rem}#onetrust-pc-sdk .ot-pgph-title{font-size:1.18rem;margin-bottom:2rem}#onetrust-pc-sdk .ot-pgph-desc{font-size:1rem;font-weight:400;margin-bottom:2rem;line-height:1.5rem}#onetrust-pc-sdk .ot-pgph-desc:not(:last-child):after{content:"";width:96%;display:block;margin:0 auto;padding-bottom:2rem;border-bottom:1px solid #e9e9e9}#onetrust-pc-sdk .ot-cat-header{float:left;font-weight:600;font-size:.875em;line-height:1.5;max-width:90%;vertical-align:middle}#onetrust-pc-sdk .ot-vnd-item>button:focus{outline:#000 solid 2px}#onetrust-pc-sdk .ot-vnd-item>button{position:absolute;cursor:pointer;width:100%;height:100%;margin:0;top:0;left:0;z-index:1;max-width:none;border:none}#onetrust-pc-sdk .ot-vnd-item>button[aria-expanded=false]~.ot-acc-txt{margin-top:0;max-height:0;opacity:0;overflow:hidden;width:100%;transition:.25s ease-out;display:none}#onetrust-pc-sdk .ot-vnd-item>button[aria-expanded=true]~.ot-acc-txt{transition:.1s ease-in;margin-top:10px;width:100%;overflow:auto;display:block}#onetrust-pc-sdk .ot-vnd-item>button[aria-expanded=true]~.ot-acc-grpcntr{width:auto;margin-top:0px;padding-bottom:10px}#onetrust-pc-sdk .ot-accordion-layout.ot-cat-item{position:relative;border-radius:2px;margin:0;padding:0;border:1px solid #d8d8d8;border-top:none;width:calc(100% - 2px);float:left}#onetrust-pc-sdk .ot-accordion-layout.ot-cat-item:first-of-type{margin-top:10px;border-top:1px solid #d8d8d8}#onetrust-pc-sdk .ot-accordion-layout .ot-acc-grpdesc{padding-left:20px;padding-right:20px;width:calc(100% - 40px);font-size:.812em;margin-bottom:10px;margin-top:15px}#onetrust-pc-sdk .ot-accordion-layout .ot-acc-grpdesc>ul{padding-top:10px}#onetrust-pc-sdk .ot-accordion-layout .ot-acc-grpdesc>ul li{padding-top:0;line-height:1.5;padding-bottom:10px}#onetrust-pc-sdk .ot-accordion-layout div+.ot-acc-grpdesc{margin-top:5px}#onetrust-pc-sdk .ot-accordion-layout .ot-vlst-cntr:first-child{margin-top:10px}#onetrust-pc-sdk .ot-accordion-layout .ot-vlst-cntr:last-child,#onetrust-pc-sdk .ot-accordion-layout .ot-hlst-cntr:last-child{margin-bottom:5px}#onetrust-pc-sdk .ot-accordion-layout .ot-acc-hdr{padding-top:11.5px;padding-bottom:11.5px;padding-left:20px;padding-right:20px;width:calc(100% - 40px);display:inline-block}#onetrust-pc-sdk .ot-accordion-layout .ot-acc-txt{width:100%;padding:0}#onetrust-pc-sdk .ot-accordion-layout .ot-subgrp-cntr{padding-left:20px;padding-right:15px;padding-bottom:0;width:calc(100% - 35px)}#onetrust-pc-sdk .ot-accordion-layout .ot-subgrp{padding-right:5px}#onetrust-pc-sdk .ot-accordion-layout .ot-acc-grpcntr{z-index:1;position:relative}#onetrust-pc-sdk .ot-accordion-layout .ot-cat-header+.ot-arw-cntr{position:absolute;top:50%;transform:translateY(-50%);right:20px;margin-top:-2px}#onetrust-pc-sdk .ot-accordion-layout .ot-cat-header+.ot-arw-cntr .ot-arw{width:15px;height:20px;margin-left:5px;color:dimgray}#onetrust-pc-sdk .ot-accordion-layout .ot-cat-header{float:none;color:#2e3644;margin:0;display:inline-block;height:auto;word-wrap:break-word;min-height:inherit}#onetrust-pc-sdk .ot-accordion-layout .ot-vlst-cntr,#onetrust-pc-sdk .ot-accordion-layout .ot-hlst-cntr{padding-left:20px;width:calc(100% - 20px);display:inline-block;margin-top:0;padding-bottom:2px}#onetrust-pc-sdk .ot-accordion-layout .ot-acc-hdr{position:relative;min-height:25px}#onetrust-pc-sdk .ot-accordion-layout h4~.ot-tgl,#onetrust-pc-sdk .ot-accordion-layout h4~.ot-always-active{position:absolute;top:50%;transform:translateY(-50%);right:20px}#onetrust-pc-sdk .ot-accordion-layout h4~.ot-tgl+.ot-tgl{right:95px}#onetrust-pc-sdk .ot-accordion-layout .category-vendors-list-handler,#onetrust-pc-sdk .ot-accordion-layout .category-vendors-list-handler+a{margin-top:5px}#onetrust-pc-sdk #ot-lst-cnt{margin-top:1rem;max-height:calc(100% - 96px)}#onetrust-pc-sdk #ot-lst-cnt .ot-vnd-info-cntr{border:1px solid #d8d8d8;padding:.75rem 2rem;padding-bottom:0;width:auto;margin-top:.5rem}#onetrust-pc-sdk #ot-lst-cnt .ot-vnd-info{margin-bottom:1rem;padding-left:.75rem;padding-right:.75rem;display:flex;flex-direction:column}#onetrust-pc-sdk #ot-lst-cnt .ot-vnd-info[data-vnd-info-key*=DPOEmail]{border-top:1px solid #d8d8d8;padding-top:1rem}#onetrust-pc-sdk #ot-lst-cnt .ot-vnd-info[data-vnd-info-key*=DPOLink]{border-bottom:1px solid #d8d8d8;padding-bottom:1rem}#onetrust-pc-sdk #ot-lst-cnt .ot-vnd-info .ot-vnd-lbl{font-weight:bold;font-size:.85em;margin-bottom:.5rem}#onetrust-pc-sdk #ot-lst-cnt .ot-vnd-info .ot-vnd-cnt{margin-left:.5rem;font-weight:500;font-size:.85rem}#onetrust-pc-sdk .ot-vs-list,#onetrust-pc-sdk .ot-vnd-serv{width:auto;padding:1rem 1.25rem;padding-bottom:0}#onetrust-pc-sdk .ot-vs-list .ot-vnd-serv-hdr-cntr,#onetrust-pc-sdk .ot-vnd-serv .ot-vnd-serv-hdr-cntr{padding-bottom:.75rem;border-bottom:1px solid #d8d8d8}#onetrust-pc-sdk .ot-vs-list .ot-vnd-serv-hdr-cntr .ot-vnd-serv-hdr,#onetrust-pc-sdk .ot-vnd-serv .ot-vnd-serv-hdr-cntr .ot-vnd-serv-hdr{font-weight:600;font-size:.95em;line-height:2;margin-left:.5rem}#onetrust-pc-sdk .ot-vs-list .ot-vnd-item,#onetrust-pc-sdk .ot-vnd-serv .ot-vnd-item{border:none;margin:0;padding:0}#onetrust-pc-sdk .ot-vs-list .ot-vnd-item button,#onetrust-pc-sdk .ot-vnd-serv .ot-vnd-item button{outline:none;border-bottom:1px solid #d8d8d8}#onetrust-pc-sdk .ot-vs-list .ot-vnd-item button[aria-expanded=true],#onetrust-pc-sdk .ot-vnd-serv .ot-vnd-item button[aria-expanded=true]{border-bottom:none}#onetrust-pc-sdk .ot-vs-list .ot-vnd-item:first-child,#onetrust-pc-sdk .ot-vnd-serv .ot-vnd-item:first-child{margin-top:.25rem;border-top:unset}#onetrust-pc-sdk .ot-vs-list .ot-vnd-item:last-child,#onetrust-pc-sdk .ot-vnd-serv .ot-vnd-item:last-child{margin-bottom:.5rem}#onetrust-pc-sdk .ot-vs-list .ot-vnd-item:last-child button,#onetrust-pc-sdk .ot-vnd-serv .ot-vnd-item:last-child button{border-bottom:none}#onetrust-pc-sdk .ot-vs-list .ot-vnd-item .ot-vnd-info-cntr,#onetrust-pc-sdk .ot-vnd-serv .ot-vnd-item .ot-vnd-info-cntr{border:1px solid #d8d8d8;padding:.75rem 1.75rem;padding-bottom:0;width:auto;margin-top:.5rem}#onetrust-pc-sdk .ot-vs-list .ot-vnd-item .ot-vnd-info,#onetrust-pc-sdk .ot-vnd-serv .ot-vnd-item .ot-vnd-info{margin-bottom:1rem;padding-left:.75rem;padding-right:.75rem;display:flex;flex-direction:column}#onetrust-pc-sdk .ot-vs-list .ot-vnd-item .ot-vnd-info[data-vnd-info-key*=DPOEmail],#onetrust-pc-sdk .ot-vnd-serv .ot-vnd-item .ot-vnd-info[data-vnd-info-key*=DPOEmail]{border-top:1px solid #d8d8d8;padding-top:1rem}#onetrust-pc-sdk .ot-vs-list .ot-vnd-item .ot-vnd-info[data-vnd-info-key*=DPOLink],#onetrust-pc-sdk .ot-vnd-serv .ot-vnd-item .ot-vnd-info[data-vnd-info-key*=DPOLink]{border-bottom:1px solid #d8d8d8;padding-bottom:1rem}#onetrust-pc-sdk .ot-vs-list .ot-vnd-item .ot-vnd-info .ot-vnd-lbl,#onetrust-pc-sdk .ot-vnd-serv .ot-vnd-item .ot-vnd-info .ot-vnd-lbl{font-weight:bold;font-size:.85em;margin-bottom:.5rem}#onetrust-pc-sdk .ot-vs-list .ot-vnd-item .ot-vnd-info .ot-vnd-cnt,#onetrust-pc-sdk .ot-vnd-serv .ot-vnd-item .ot-vnd-info .ot-vnd-cnt{margin-left:.5rem;font-weight:500;font-size:.85rem}#onetrust-pc-sdk .ot-vs-list.ot-vnd-subgrp-cnt,#onetrust-pc-sdk .ot-vnd-serv.ot-vnd-subgrp-cnt{padding-left:40px}#onetrust-pc-sdk .ot-vs-list.ot-vnd-subgrp-cnt .ot-vnd-serv-hdr-cntr .ot-vnd-serv-hdr,#onetrust-pc-sdk .ot-vnd-serv.ot-vnd-subgrp-cnt .ot-vnd-serv-hdr-cntr .ot-vnd-serv-hdr{font-size:.8em}#onetrust-pc-sdk .ot-vs-list.ot-vnd-subgrp-cnt .ot-cat-header,#onetrust-pc-sdk .ot-vnd-serv.ot-vnd-subgrp-cnt .ot-cat-header{font-size:.8em}#onetrust-pc-sdk .ot-subgrp-cntr .ot-vnd-serv{margin-bottom:1rem;padding:1rem .95rem}#onetrust-pc-sdk .ot-subgrp-cntr .ot-vnd-serv .ot-vnd-serv-hdr-cntr{padding-bottom:.75rem;border-bottom:1px solid #d8d8d8}#onetrust-pc-sdk .ot-subgrp-cntr .ot-vnd-serv .ot-vnd-serv-hdr-cntr .ot-vnd-serv-hdr{font-weight:700;font-size:.8em;line-height:20px;margin-left:.82rem}#onetrust-pc-sdk .ot-subgrp-cntr .ot-cat-header{font-weight:700;font-size:.8em;line-height:20px}#onetrust-pc-sdk .ot-subgrp-cntr ul.ot-subgrps .ot-vnd-serv .ot-vnd-lst-cont .ot-accordion-layout .ot-acc-hdr div.ot-chkbox{margin-left:.82rem}#onetrust-pc-sdk .ot-vs-config .ot-acc-hdr,#onetrust-pc-sdk ul.ot-subgrps .ot-acc-hdr,#onetrust-pc-sdk .ot-subgrp-cntr ul.ot-subgrps .ot-acc-hdr,#onetrust-pc-sdk .ot-vs-list .ot-vnd-item .ot-acc-hdr,#onetrust-pc-sdk .ot-vnd-serv .ot-vnd-item .ot-acc-hdr,#onetrust-pc-sdk #ot-pc-lst .ot-vs-list .ot-vnd-item .ot-acc-hdr,#onetrust-pc-sdk .ot-accordion-layout.ot-checkbox-consent .ot-acc-hdr{padding:.7rem 0;margin:0;display:flex;width:100%;align-items:center;justify-content:space-between}#onetrust-pc-sdk .ot-vs-config .ot-acc-hdr div:first-child,#onetrust-pc-sdk ul.ot-subgrps .ot-acc-hdr div:first-child,#onetrust-pc-sdk .ot-subgrp-cntr ul.ot-subgrps .ot-acc-hdr div:first-child,#onetrust-pc-sdk .ot-vs-list .ot-vnd-item .ot-acc-hdr div:first-child,#onetrust-pc-sdk .ot-vnd-serv .ot-vnd-item .ot-acc-hdr div:first-child,#onetrust-pc-sdk #ot-pc-lst .ot-vs-list .ot-vnd-item .ot-acc-hdr div:first-child,#onetrust-pc-sdk .ot-accordion-layout.ot-checkbox-consent .ot-acc-hdr div:first-child{margin-left:.5rem}#onetrust-pc-sdk .ot-vs-config .ot-acc-hdr div:last-child,#onetrust-pc-sdk ul.ot-subgrps .ot-acc-hdr div:last-child,#onetrust-pc-sdk .ot-subgrp-cntr ul.ot-subgrps .ot-acc-hdr div:last-child,#onetrust-pc-sdk .ot-vs-list .ot-vnd-item .ot-acc-hdr div:last-child,#onetrust-pc-sdk .ot-vnd-serv .ot-vnd-item .ot-acc-hdr div:last-child,#onetrust-pc-sdk #ot-pc-lst .ot-vs-list .ot-vnd-item .ot-acc-hdr div:last-child,#onetrust-pc-sdk .ot-accordion-layout.ot-checkbox-consent .ot-acc-hdr div:last-child{margin-right:.5rem;margin-left:.5rem}#onetrust-pc-sdk .ot-vs-config .ot-acc-hdr .ot-always-active,#onetrust-pc-sdk ul.ot-subgrps .ot-acc-hdr .ot-always-active,#onetrust-pc-sdk .ot-subgrp-cntr ul.ot-subgrps .ot-acc-hdr .ot-always-active,#onetrust-pc-sdk .ot-vs-list .ot-vnd-item .ot-acc-hdr .ot-always-active,#onetrust-pc-sdk .ot-vnd-serv .ot-vnd-item .ot-acc-hdr .ot-always-active,#onetrust-pc-sdk #ot-pc-lst .ot-vs-list .ot-vnd-item .ot-acc-hdr .ot-always-active,#onetrust-pc-sdk .ot-accordion-layout.ot-checkbox-consent .ot-acc-hdr .ot-always-active{position:relative;right:unset;top:unset;transform:unset}#onetrust-pc-sdk .ot-vs-config .ot-acc-hdr .ot-plus-minus,#onetrust-pc-sdk ul.ot-subgrps .ot-acc-hdr .ot-plus-minus,#onetrust-pc-sdk .ot-subgrp-cntr ul.ot-subgrps .ot-acc-hdr .ot-plus-minus,#onetrust-pc-sdk .ot-vs-list .ot-vnd-item .ot-acc-hdr .ot-plus-minus,#onetrust-pc-sdk .ot-vnd-serv .ot-vnd-item .ot-acc-hdr .ot-plus-minus,#onetrust-pc-sdk #ot-pc-lst .ot-vs-list .ot-vnd-item .ot-acc-hdr .ot-plus-minus,#onetrust-pc-sdk .ot-accordion-layout.ot-checkbox-consent .ot-acc-hdr .ot-plus-minus{top:0}#onetrust-pc-sdk .ot-vs-config .ot-acc-hdr .ot-arw-cntr,#onetrust-pc-sdk ul.ot-subgrps .ot-acc-hdr .ot-arw-cntr,#onetrust-pc-sdk .ot-subgrp-cntr ul.ot-subgrps .ot-acc-hdr .ot-arw-cntr,#onetrust-pc-sdk .ot-vs-list .ot-vnd-item .ot-acc-hdr .ot-arw-cntr,#onetrust-pc-sdk .ot-vnd-serv .ot-vnd-item .ot-acc-hdr .ot-arw-cntr,#onetrust-pc-sdk #ot-pc-lst .ot-vs-list .ot-vnd-item .ot-acc-hdr .ot-arw-cntr,#onetrust-pc-sdk .ot-accordion-layout.ot-checkbox-consent .ot-acc-hdr .ot-arw-cntr{float:none;top:unset;right:unset;transform:unset;margin-top:-2px;position:relative}#onetrust-pc-sdk .ot-vs-config .ot-acc-hdr .ot-cat-header,#onetrust-pc-sdk ul.ot-subgrps .ot-acc-hdr .ot-cat-header,#onetrust-pc-sdk .ot-subgrp-cntr ul.ot-subgrps .ot-acc-hdr .ot-cat-header,#onetrust-pc-sdk .ot-vs-list .ot-vnd-item .ot-acc-hdr .ot-cat-header,#onetrust-pc-sdk .ot-vnd-serv .ot-vnd-item .ot-acc-hdr .ot-cat-header,#onetrust-pc-sdk #ot-pc-lst .ot-vs-list .ot-vnd-item .ot-acc-hdr .ot-cat-header,#onetrust-pc-sdk .ot-accordion-layout.ot-checkbox-consent .ot-acc-hdr .ot-cat-header{flex:1;margin:0 .5rem}#onetrust-pc-sdk .ot-vs-config .ot-acc-hdr .ot-tgl,#onetrust-pc-sdk ul.ot-subgrps .ot-acc-hdr .ot-tgl,#onetrust-pc-sdk .ot-subgrp-cntr ul.ot-subgrps .ot-acc-hdr .ot-tgl,#onetrust-pc-sdk .ot-vs-list .ot-vnd-item .ot-acc-hdr .ot-tgl,#onetrust-pc-sdk .ot-vnd-serv .ot-vnd-item .ot-acc-hdr .ot-tgl,#onetrust-pc-sdk #ot-pc-lst .ot-vs-list .ot-vnd-item .ot-acc-hdr .ot-tgl,#onetrust-pc-sdk .ot-accordion-layout.ot-checkbox-consent .ot-acc-hdr .ot-tgl{position:relative;transform:none;right:0;top:0;float:none}#onetrust-pc-sdk .ot-vs-config .ot-acc-hdr .ot-chkbox,#onetrust-pc-sdk ul.ot-subgrps .ot-acc-hdr .ot-chkbox,#onetrust-pc-sdk .ot-subgrp-cntr ul.ot-subgrps .ot-acc-hdr .ot-chkbox,#onetrust-pc-sdk .ot-vs-list .ot-vnd-item .ot-acc-hdr .ot-chkbox,#onetrust-pc-sdk .ot-vnd-serv .ot-vnd-item .ot-acc-hdr .ot-chkbox,#onetrust-pc-sdk #ot-pc-lst .ot-vs-list .ot-vnd-item .ot-acc-hdr .ot-chkbox,#onetrust-pc-sdk .ot-accordion-layout.ot-checkbox-consent .ot-acc-hdr .ot-chkbox{position:relative;margin:0 .5rem}#onetrust-pc-sdk .ot-vs-config .ot-acc-hdr .ot-chkbox label,#onetrust-pc-sdk ul.ot-subgrps .ot-acc-hdr .ot-chkbox label,#onetrust-pc-sdk .ot-subgrp-cntr ul.ot-subgrps .ot-acc-hdr .ot-chkbox label,#onetrust-pc-sdk .ot-vs-list .ot-vnd-item .ot-acc-hdr .ot-chkbox label,#onetrust-pc-sdk .ot-vnd-serv .ot-vnd-item .ot-acc-hdr .ot-chkbox label,#onetrust-pc-sdk #ot-pc-lst .ot-vs-list .ot-vnd-item .ot-acc-hdr .ot-chkbox label,#onetrust-pc-sdk .ot-accordion-layout.ot-checkbox-consent .ot-acc-hdr .ot-chkbox label{padding:0}#onetrust-pc-sdk .ot-vs-config .ot-acc-hdr .ot-chkbox label::before,#onetrust-pc-sdk ul.ot-subgrps .ot-acc-hdr .ot-chkbox label::before,#onetrust-pc-sdk .ot-subgrp-cntr ul.ot-subgrps .ot-acc-hdr .ot-chkbox label::before,#onetrust-pc-sdk .ot-vs-list .ot-vnd-item .ot-acc-hdr .ot-chkbox label::before,#onetrust-pc-sdk .ot-vnd-serv .ot-vnd-item .ot-acc-hdr .ot-chkbox label::before,#onetrust-pc-sdk #ot-pc-lst .ot-vs-list .ot-vnd-item .ot-acc-hdr .ot-chkbox label::before,#onetrust-pc-sdk .ot-accordion-layout.ot-checkbox-consent .ot-acc-hdr .ot-chkbox label::before{position:relative}#onetrust-pc-sdk .ot-vs-config .ot-acc-hdr .ot-chkbox input,#onetrust-pc-sdk ul.ot-subgrps .ot-acc-hdr .ot-chkbox input,#onetrust-pc-sdk .ot-subgrp-cntr ul.ot-subgrps .ot-acc-hdr .ot-chkbox input,#onetrust-pc-sdk .ot-vs-list .ot-vnd-item .ot-acc-hdr .ot-chkbox input,#onetrust-pc-sdk .ot-vnd-serv .ot-vnd-item .ot-acc-hdr .ot-chkbox input,#onetrust-pc-sdk #ot-pc-lst .ot-vs-list .ot-vnd-item .ot-acc-hdr .ot-chkbox input,#onetrust-pc-sdk .ot-accordion-layout.ot-checkbox-consent .ot-acc-hdr .ot-chkbox input{position:absolute;cursor:pointer;width:100%;height:100%;opacity:0;margin:0;top:0;left:0;z-index:1}#onetrust-pc-sdk .ot-subgrp-cntr ul.ot-subgrps li.ot-subgrp .ot-acc-hdr h5.ot-cat-header,#onetrust-pc-sdk .ot-subgrp-cntr ul.ot-subgrps li.ot-subgrp .ot-acc-hdr h4.ot-cat-header{margin:0}#onetrust-pc-sdk .ot-vs-config .ot-subgrp-cntr ul.ot-subgrps li.ot-subgrp h5{top:0;line-height:20px}#onetrust-pc-sdk .ot-vs-list{display:flex;flex-direction:column;padding:0;margin:.5rem 4px}#onetrust-pc-sdk .ot-vs-selc-all{display:flex;padding:0;float:unset;align-items:center;justify-content:flex-start}#onetrust-pc-sdk .ot-vs-selc-all.ot-toggle-conf{justify-content:flex-end}#onetrust-pc-sdk .ot-vs-selc-all.ot-toggle-conf.ot-caret-conf .ot-sel-all-chkbox{margin-right:48px}#onetrust-pc-sdk .ot-vs-selc-all.ot-toggle-conf .ot-sel-all-chkbox{margin:0;padding:0;margin-right:14px;justify-content:flex-end}#onetrust-pc-sdk .ot-vs-selc-all.ot-toggle-conf #ot-selall-vencntr.ot-chkbox,#onetrust-pc-sdk .ot-vs-selc-all.ot-toggle-conf #ot-selall-vencntr.ot-tgl{display:inline-block;right:unset;width:auto;height:auto;float:none}#onetrust-pc-sdk .ot-vs-selc-all.ot-toggle-conf #ot-selall-vencntr label{width:45px;height:25px}#onetrust-pc-sdk .ot-vs-selc-all .ot-sel-all-chkbox{margin-right:11px;margin-left:.75rem;display:flex;align-items:center}#onetrust-pc-sdk .ot-vs-selc-all .sel-all-hdr{margin:0 1.25rem;font-size:.812em;line-height:normal;text-align:center;word-break:break-word;word-wrap:break-word}#onetrust-pc-sdk .ot-vnd-list-cnt #ot-selall-vencntr.ot-chkbox{float:unset;right:0}#onetrust-pc-sdk[dir=rtl] #ot-back-arw,#onetrust-pc-sdk[dir=rtl] input~.ot-acc-hdr .ot-arw{transform:rotate(180deg);-o-transform:rotate(180deg);-ms-transform:rotate(180deg);-webkit-transform:rotate(180deg)}#onetrust-pc-sdk[dir=rtl] input:checked~.ot-acc-hdr .ot-arw{transform:rotate(270deg);-o-transform:rotate(270deg);-ms-transform:rotate(270deg);-webkit-transform:rotate(270deg)}#onetrust-pc-sdk[dir=rtl] .ot-chkbox label::after{transform:rotate(45deg);-webkit-transform:rotate(45deg);-o-transform:rotate(45deg);-ms-transform:rotate(45deg);border-left:0;border-right:3px solid}#onetrust-pc-sdk[dir=rtl] .ot-search-cntr>svg{right:0}@media only screen and (max-width: 600px){#onetrust-pc-sdk.otPcCenter{left:0;min-width:100%;height:100%;top:0;border-radius:0}#onetrust-pc-sdk #ot-pc-content,#onetrust-pc-sdk.ot-ftr-stacked .ot-btn-container{margin:1px 3px 0 10px;padding-right:10px;width:calc(100% - 23px)}#onetrust-pc-sdk .ot-btn-container button{max-width:none;letter-spacing:.01em}#onetrust-pc-sdk #close-pc-btn-handler{top:10px;right:17px}#onetrust-pc-sdk p{font-size:.7em}#onetrust-pc-sdk #ot-pc-hdr{margin:10px 10px 0 5px;width:calc(100% - 15px)}#onetrust-pc-sdk .vendor-search-handler{font-size:1em}#onetrust-pc-sdk #ot-back-arw{margin-left:12px}#onetrust-pc-sdk #ot-lst-cnt{margin:0;padding:0 5px 0 10px;min-width:95%}#onetrust-pc-sdk .switch+p{max-width:80%}#onetrust-pc-sdk .ot-ftr-stacked button{width:100%}#onetrust-pc-sdk #ot-fltr-cnt{max-width:320px;width:90%;border-top-right-radius:0;border-bottom-right-radius:0;margin:0;margin-left:15px;left:auto;right:40px;top:85px}#onetrust-pc-sdk .ot-fltr-opt{margin-left:25px;margin-bottom:10px}#onetrust-pc-sdk .ot-pc-refuse-all-handler{margin-bottom:0}#onetrust-pc-sdk #ot-fltr-cnt{right:40px}}@media only screen and (max-width: 476px){#onetrust-pc-sdk .ot-fltr-cntr,#onetrust-pc-sdk #ot-fltr-cnt{right:10px}#onetrust-pc-sdk #ot-anchor{right:25px}#onetrust-pc-sdk button{width:100%}#onetrust-pc-sdk:not(.ot-addtl-vendors) #ot-pc-lst:not(.ot-enbl-chr) .ot-sel-all{padding-right:9px}#onetrust-pc-sdk:not(.ot-addtl-vendors) #ot-pc-lst:not(.ot-enbl-chr) .ot-tgl-cntr{right:0}}@media only screen and (max-width: 896px)and (max-height: 425px)and (orientation: landscape){#onetrust-pc-sdk.otPcCenter{left:0;top:0;min-width:100%;height:100%;border-radius:0}#onetrust-pc-sdk .ot-pc-header{height:auto;min-height:20px}#onetrust-pc-sdk .ot-pc-header .ot-pc-logo{max-height:30px}#onetrust-pc-sdk .ot-pc-footer{max-height:60px;overflow-y:auto}#onetrust-pc-sdk #ot-pc-content,#onetrust-pc-sdk #ot-pc-lst{bottom:70px}#onetrust-pc-sdk.ot-ftr-stacked #ot-pc-content{bottom:70px}#onetrust-pc-sdk #ot-anchor{left:initial;right:50px}#onetrust-pc-sdk #ot-lst-title{margin-top:12px}#onetrust-pc-sdk #ot-lst-title *{font-size:inherit}#onetrust-pc-sdk #ot-pc-hdr input{margin-right:0;padding-right:45px}#onetrust-pc-sdk .switch+p{max-width:85%}#onetrust-pc-sdk #ot-sel-blk{position:static}#onetrust-pc-sdk #ot-pc-lst{overflow:auto}#onetrust-pc-sdk #ot-lst-cnt{max-height:none;overflow:initial}#onetrust-pc-sdk #ot-lst-cnt.no-results{height:auto}#onetrust-pc-sdk input{font-size:1em !important}#onetrust-pc-sdk p{font-size:.6em}#onetrust-pc-sdk #ot-fltr-modal{width:100%;top:0}#onetrust-pc-sdk ul li p,#onetrust-pc-sdk .category-vendors-list-handler,#onetrust-pc-sdk .category-vendors-list-handler+a,#onetrust-pc-sdk .category-host-list-handler{font-size:.6em}#onetrust-pc-sdk.ot-shw-fltr #ot-anchor{display:none !important}#onetrust-pc-sdk.ot-shw-fltr #ot-pc-lst{height:100% !important;overflow:hidden;top:0px}#onetrust-pc-sdk.ot-shw-fltr #ot-fltr-cnt{margin:0;height:100%;max-height:none;padding:10px;top:0;width:calc(100% - 20px);position:absolute;right:0;left:0;max-width:none}#onetrust-pc-sdk.ot-shw-fltr .ot-fltr-scrlcnt{max-height:calc(100% - 65px)}}
#onetrust-consent-sdk #onetrust-pc-sdk,
#onetrust-consent-sdk #ot-search-cntr,
#onetrust-consent-sdk #onetrust-pc-sdk .ot-switch.ot-toggle,
#onetrust-consent-sdk #onetrust-pc-sdk ot-grp-hdr1 .checkbox,
#onetrust-consent-sdk #onetrust-pc-sdk #ot-pc-title:after
,#onetrust-consent-sdk #onetrust-pc-sdk #ot-sel-blk,
#onetrust-consent-sdk #onetrust-pc-sdk #ot-fltr-cnt,
#onetrust-consent-sdk #onetrust-pc-sdk #ot-anchor {
  background-color: #FFFFFF;
}

#onetrust-consent-sdk #onetrust-pc-sdk h3,
#onetrust-consent-sdk #onetrust-pc-sdk h4,
#onetrust-consent-sdk #onetrust-pc-sdk h5,
#onetrust-consent-sdk #onetrust-pc-sdk h6,
#onetrust-consent-sdk #onetrust-pc-sdk p,
#onetrust-consent-sdk #onetrust-pc-sdk #ot-ven-lst .ot-ven-opts p,
#onetrust-consent-sdk #onetrust-pc-sdk #ot-pc-desc,
#onetrust-consent-sdk #onetrust-pc-sdk #ot-pc-title,
#onetrust-consent-sdk #onetrust-pc-sdk .ot-li-title,
#onetrust-consent-sdk #onetrust-pc-sdk .ot-sel-all-hdr span,
#onetrust-consent-sdk #onetrust-pc-sdk #ot-host-lst .ot-host-info,
#onetrust-consent-sdk #onetrust-pc-sdk #ot-fltr-modal #modal-header,
#onetrust-consent-sdk #onetrust-pc-sdk .ot-checkbox label span,
#onetrust-consent-sdk #onetrust-pc-sdk #ot-pc-lst #ot-sel-blk p,
#onetrust-consent-sdk #onetrust-pc-sdk #ot-pc-lst #ot-lst-title h3,
#onetrust-consent-sdk #onetrust-pc-sdk #ot-pc-lst .back-btn-handler p,
#onetrust-consent-sdk #onetrust-pc-sdk #ot-pc-lst .ot-ven-name,
#onetrust-consent-sdk #onetrust-pc-sdk #ot-pc-lst #ot-ven-lst .consent-category,
#onetrust-consent-sdk #onetrust-pc-sdk .ot-leg-btn-container .ot-inactive-leg-btn,
#onetrust-consent-sdk #onetrust-pc-sdk .ot-label-status,
#onetrust-consent-sdk #onetrust-pc-sdk .ot-chkbox label span,
#onetrust-consent-sdk #onetrust-pc-sdk #clear-filters-handler,
#onetrust-consent-sdk #onetrust-pc-sdk .ot-optout-signal
{
  color: #404040;
}
#onetrust-consent-sdk #onetrust-pc-sdk .privacy-notice-link,
#onetrust-consent-sdk #onetrust-pc-sdk .ot-pgph-link,
#onetrust-consent-sdk #onetrust-pc-sdk .category-vendors-list-handler,
#onetrust-consent-sdk #onetrust-pc-sdk .category-vendors-list-handler + a,
#onetrust-consent-sdk #onetrust-pc-sdk .category-host-list-handler,
#onetrust-consent-sdk #onetrust-pc-sdk .ot-ven-link,
#onetrust-consent-sdk #onetrust-pc-sdk .ot-ven-legclaim-link,
#onetrust-consent-sdk #onetrust-pc-sdk #ot-host-lst .ot-host-name a,
#onetrust-consent-sdk #onetrust-pc-sdk #ot-host-lst .ot-acc-hdr .ot-host-expand,
#onetrust-consent-sdk #onetrust-pc-sdk #ot-host-lst .ot-host-info a,
#onetrust-consent-sdk #onetrust-pc-sdk #ot-pc-content #ot-pc-desc .ot-link-btn,
#onetrust-consent-sdk #onetrust-pc-sdk .ot-vnd-serv .ot-vnd-item .ot-vnd-info a,
#onetrust-consent-sdk #onetrust-pc-sdk #ot-lst-cnt .ot-vnd-info a
{
  color: #3860BE;
}
#onetrust-consent-sdk #onetrust-pc-sdk .category-vendors-list-handler:hover { text-decoration: underline;}

#onetrust-consent-sdk #onetrust-pc-sdk #ot-host-lst .ot-host-info,
#onetrust-consent-sdk #onetrust-pc-sdk .ot-acc-txt .ot-ven-dets
{
  background-color: #F8F8F8;
}
#onetrust-consent-sdk #onetrust-pc-sdk
button:not(#clear-filters-handler):not(.ot-close-icon):not(#filter-btn-handler):not(.ot-remove-objection-handler):not(.ot-obj-leg-btn-handler):not([aria-expanded]):not(.ot-link-btn),
#onetrust-consent-sdk #onetrust-pc-sdk .ot-leg-btn-container .ot-active-leg-btn {
  background-color: #F06C00;border-color: #F06C00;
  color: #FFFFFF;
}
#onetrust-consent-sdk #onetrust-pc-sdk .ot-active-menu {
  border-color: #F06C00;
}

#onetrust-consent-sdk #onetrust-pc-sdk .ot-leg-btn-container .ot-remove-objection-handler{
  background-color: transparent;
  border: 1px solid transparent;
}
#onetrust-consent-sdk #onetrust-pc-sdk .ot-leg-btn-container .ot-inactive-leg-btn {
  background-color: #FFFFFF;
  color: #78808E; border-color: #78808E;
}
#onetrust-consent-sdk #onetrust-pc-sdk .ot-tgl input:focus + .ot-switch, .ot-switch .ot-switch-nob, .ot-switch .ot-switch-nob:before,
#onetrust-pc-sdk .ot-checkbox input[type="checkbox"]:focus + label::before,
#onetrust-pc-sdk .ot-chkbox input[type="checkbox"]:focus + label::before {
  outline-color: #000000;
  outline-width: 1px;
}
#onetrust-pc-sdk .ot-host-item > button:focus, #onetrust-pc-sdk .ot-ven-item > button:focus {
  border: 1px solid #000000;
}
#onetrust-consent-sdk #onetrust-pc-sdk *:focus,
#onetrust-consent-sdk #onetrust-pc-sdk .ot-vlst-cntr > a:focus {
  outline: 1px solid #000000;
}#onetrust-pc-sdk .ot-vlst-cntr .ot-ext-lnk,  #onetrust-pc-sdk .ot-ven-hdr .ot-ext-lnk{
   background-image: url('https://cdn-ukwest.onetrust.com/logos/static/ot_external_link.svg');
 }
#ot-sdk-btn.ot-sdk-show-settings,#ot-sdk-btn.optanon-show-settings {
  background-color: transparent !important;
  color: #fff !important;
  border: none !important;
  font-family: arial !important;
  font-size: 1rem !important;
  line-height: 1.5 !important;
  padding: 0 !important;
  text-transform: capitalize;
}
#ot-sdk-btn.ot-sdk-show-settings:hover,#ot-sdk-btn.optanon-show-settings:hover {
  text-decoration-line: underline !important;
  text-transform: capitalize;
}.ot-sdk-cookie-policy{font-family:inherit;font-size:16px}.ot-sdk-cookie-policy.otRelFont{font-size:1rem}.ot-sdk-cookie-policy h3,.ot-sdk-cookie-policy h4,.ot-sdk-cookie-policy h6,.ot-sdk-cookie-policy p,.ot-sdk-cookie-policy li,.ot-sdk-cookie-policy a,.ot-sdk-cookie-policy th,.ot-sdk-cookie-policy #cookie-policy-description,.ot-sdk-cookie-policy .ot-sdk-cookie-policy-group,.ot-sdk-cookie-policy #cookie-policy-title{color:dimgray}.ot-sdk-cookie-policy #cookie-policy-description{margin-bottom:1em}.ot-sdk-cookie-policy h4{font-size:1.2em}.ot-sdk-cookie-policy h6{font-size:1em;margin-top:2em}.ot-sdk-cookie-policy th{min-width:75px}.ot-sdk-cookie-policy a,.ot-sdk-cookie-policy a:hover{background:#fff}.ot-sdk-cookie-policy thead{background-color:#f6f6f4;font-weight:bold}.ot-sdk-cookie-policy .ot-mobile-border{display:none}.ot-sdk-cookie-policy section{margin-bottom:2em}.ot-sdk-cookie-policy table{border-collapse:inherit}#ot-sdk-cookie-policy-v2.ot-sdk-cookie-policy{font-family:inherit;font-size:1rem}#ot-sdk-cookie-policy-v2.ot-sdk-cookie-policy h3,#ot-sdk-cookie-policy-v2.ot-sdk-cookie-policy h4,#ot-sdk-cookie-policy-v2.ot-sdk-cookie-policy h6,#ot-sdk-cookie-policy-v2.ot-sdk-cookie-policy p,#ot-sdk-cookie-policy-v2.ot-sdk-cookie-policy li,#ot-sdk-cookie-policy-v2.ot-sdk-cookie-policy a,#ot-sdk-cookie-policy-v2.ot-sdk-cookie-policy th,#ot-sdk-cookie-policy-v2.ot-sdk-cookie-policy #cookie-policy-description,#ot-sdk-cookie-policy-v2.ot-sdk-cookie-policy .ot-sdk-cookie-policy-group,#ot-sdk-cookie-policy-v2.ot-sdk-cookie-policy #cookie-policy-title{color:dimgray}#ot-sdk-cookie-policy-v2.ot-sdk-cookie-policy #cookie-policy-description{margin-bottom:1em}#ot-sdk-cookie-policy-v2.ot-sdk-cookie-policy .ot-sdk-subgroup{margin-left:1.5em}#ot-sdk-cookie-policy-v2.ot-sdk-cookie-policy #cookie-policy-description,#ot-sdk-cookie-policy-v2.ot-sdk-cookie-policy .ot-sdk-cookie-policy-group-desc,#ot-sdk-cookie-policy-v2.ot-sdk-cookie-policy .ot-table-header,#ot-sdk-cookie-policy-v2.ot-sdk-cookie-policy a,#ot-sdk-cookie-policy-v2.ot-sdk-cookie-policy span,#ot-sdk-cookie-policy-v2.ot-sdk-cookie-policy td{font-size:.9em}#ot-sdk-cookie-policy-v2.ot-sdk-cookie-policy td span,#ot-sdk-cookie-policy-v2.ot-sdk-cookie-policy td a{font-size:inherit}#ot-sdk-cookie-policy-v2.ot-sdk-cookie-policy .ot-sdk-cookie-policy-group{font-size:1em;margin-bottom:.6em}#ot-sdk-cookie-policy-v2.ot-sdk-cookie-policy .ot-sdk-cookie-policy-title{margin-bottom:1.2em}#ot-sdk-cookie-policy-v2.ot-sdk-cookie-policy>section{margin-bottom:1em}#ot-sdk-cookie-policy-v2.ot-sdk-cookie-policy th{min-width:75px}#ot-sdk-cookie-policy-v2.ot-sdk-cookie-policy a,#ot-sdk-cookie-policy-v2.ot-sdk-cookie-policy a:hover{background:#fff}#ot-sdk-cookie-policy-v2.ot-sdk-cookie-policy thead{background-color:#f6f6f4;font-weight:bold}#ot-sdk-cookie-policy-v2.ot-sdk-cookie-policy .ot-mobile-border{display:none}#ot-sdk-cookie-policy-v2.ot-sdk-cookie-policy section{margin-bottom:2em}#ot-sdk-cookie-policy-v2.ot-sdk-cookie-policy .ot-sdk-subgroup ul li{list-style:disc;margin-left:1.5em}#ot-sdk-cookie-policy-v2.ot-sdk-cookie-policy .ot-sdk-subgroup ul li h4{display:inline-block}#ot-sdk-cookie-policy-v2.ot-sdk-cookie-policy table{border-collapse:inherit;margin:auto;border:1px solid #d7d7d7;border-radius:5px;border-spacing:initial;width:100%;overflow:hidden}#ot-sdk-cookie-policy-v2.ot-sdk-cookie-policy table th,#ot-sdk-cookie-policy-v2.ot-sdk-cookie-policy table td{border-bottom:1px solid #d7d7d7;border-right:1px solid #d7d7d7}#ot-sdk-cookie-policy-v2.ot-sdk-cookie-policy table tr:last-child td{border-bottom:0px}#ot-sdk-cookie-policy-v2.ot-sdk-cookie-policy table tr th:last-child,#ot-sdk-cookie-policy-v2.ot-sdk-cookie-policy table tr td:last-child{border-right:0px}#ot-sdk-cookie-policy-v2.ot-sdk-cookie-policy table .ot-host,#ot-sdk-cookie-policy-v2.ot-sdk-cookie-policy table .ot-cookies-type{width:25%}.ot-sdk-cookie-policy[dir=rtl]{text-align:left}#ot-sdk-cookie-policy h3{font-size:1.5em}@media only screen and (max-width: 530px){.ot-sdk-cookie-policy:not(#ot-sdk-cookie-policy-v2) table,.ot-sdk-cookie-policy:not(#ot-sdk-cookie-policy-v2) thead,.ot-sdk-cookie-policy:not(#ot-sdk-cookie-policy-v2) tbody,.ot-sdk-cookie-policy:not(#ot-sdk-cookie-policy-v2) th,.ot-sdk-cookie-policy:not(#ot-sdk-cookie-policy-v2) td,.ot-sdk-cookie-policy:not(#ot-sdk-cookie-policy-v2) tr{display:block}.ot-sdk-cookie-policy:not(#ot-sdk-cookie-policy-v2) thead tr{position:absolute;top:-9999px;left:-9999px}.ot-sdk-cookie-policy:not(#ot-sdk-cookie-policy-v2) tr{margin:0 0 1em 0}.ot-sdk-cookie-policy:not(#ot-sdk-cookie-policy-v2) tr:nth-child(odd),.ot-sdk-cookie-policy:not(#ot-sdk-cookie-policy-v2) tr:nth-child(odd) a{background:#f6f6f4}.ot-sdk-cookie-policy:not(#ot-sdk-cookie-policy-v2) td{border:none;border-bottom:1px solid #eee;position:relative;padding-left:50%}.ot-sdk-cookie-policy:not(#ot-sdk-cookie-policy-v2) td:before{position:absolute;height:100%;left:6px;width:40%;padding-right:10px}.ot-sdk-cookie-policy:not(#ot-sdk-cookie-policy-v2) .ot-mobile-border{display:inline-block;background-color:#e4e4e4;position:absolute;height:100%;top:0;left:45%;width:2px}.ot-sdk-cookie-policy:not(#ot-sdk-cookie-policy-v2) td:before{content:attr(data-label);font-weight:bold}.ot-sdk-cookie-policy:not(#ot-sdk-cookie-policy-v2) li{word-break:break-word;word-wrap:break-word}#ot-sdk-cookie-policy-v2.ot-sdk-cookie-policy table{overflow:hidden}#ot-sdk-cookie-policy-v2.ot-sdk-cookie-policy table td{border:none;border-bottom:1px solid #d7d7d7}#ot-sdk-cookie-policy-v2.ot-sdk-cookie-policy table,#ot-sdk-cookie-policy-v2.ot-sdk-cookie-policy thead,#ot-sdk-cookie-policy-v2.ot-sdk-cookie-policy tbody,#ot-sdk-cookie-policy-v2.ot-sdk-cookie-policy th,#ot-sdk-cookie-policy-v2.ot-sdk-cookie-policy td,#ot-sdk-cookie-policy-v2.ot-sdk-cookie-policy tr{display:block}#ot-sdk-cookie-policy-v2.ot-sdk-cookie-policy table .ot-host,#ot-sdk-cookie-policy-v2.ot-sdk-cookie-policy table .ot-cookies-type{width:auto}#ot-sdk-cookie-policy-v2.ot-sdk-cookie-policy tr{margin:0 0 1em 0}#ot-sdk-cookie-policy-v2.ot-sdk-cookie-policy td:before{height:100%;width:40%;padding-right:10px}#ot-sdk-cookie-policy-v2.ot-sdk-cookie-policy td:before{content:attr(data-label);font-weight:bold}#ot-sdk-cookie-policy-v2.ot-sdk-cookie-policy li{word-break:break-word;word-wrap:break-word}#ot-sdk-cookie-policy-v2.ot-sdk-cookie-policy thead tr{position:absolute;top:-9999px;left:-9999px;z-index:-9999}#ot-sdk-cookie-policy-v2.ot-sdk-cookie-policy table tr:last-child td{border-bottom:1px solid #d7d7d7;border-right:0px}#ot-sdk-cookie-policy-v2.ot-sdk-cookie-policy table tr:last-child td:last-child{border-bottom:0px}}

#ot-sdk-cookie-policy-v2.ot-sdk-cookie-policy h5,
#ot-sdk-cookie-policy-v2.ot-sdk-cookie-policy h6,
#ot-sdk-cookie-policy-v2.ot-sdk-cookie-policy li,
#ot-sdk-cookie-policy-v2.ot-sdk-cookie-policy p,
#ot-sdk-cookie-policy-v2.ot-sdk-cookie-policy a,
#ot-sdk-cookie-policy-v2.ot-sdk-cookie-policy span,
#ot-sdk-cookie-policy-v2.ot-sdk-cookie-policy td,
#ot-sdk-cookie-policy-v2.ot-sdk-cookie-policy #cookie-policy-description {
  color: #404040;
}
#ot-sdk-cookie-policy-v2.ot-sdk-cookie-policy th {
  color: #404040;
}
#ot-sdk-cookie-policy-v2.ot-sdk-cookie-policy .ot-sdk-cookie-policy-group {
  color: #404040;
}

#ot-sdk-cookie-policy-v2.ot-sdk-cookie-policy #cookie-policy-title {
  color: #404040;
}


#ot-sdk-cookie-policy-v2.ot-sdk-cookie-policy table th {
  background-color: #F8F8F8;
}

.ot-floating-button__front{background-image:url('https://cdn-ukwest.onetrust.com/logos/static/ot_persistent_cookie_icon.png')}</style><link rel="stylesheet" type="text/css" href="/gol-ui/static/css/searchResultsFindabilityContainer.a2ec2f85.css"><meta name="robots" content="noindex" data-react-helmet="true"></head><body><noscript>You need to enable JavaScript to run this app.</noscript><script>window.utag_cfg_ovrd={noview:!0},window.digitalData={experimentList:[],event:[],page:{pageInfo:{pageName:"",newSite:"yes",shoppingMode:"normal",breadCrumbs:"",section:"",pageCategory:"",aisle:"",shelf:"",pageTemplate:"",lang:"en-gb",rendering:"web"},events:[]},user:{profile:{profileInfo:{websphereId:"",user_status:"","user id":""}}}},window.history.scrollRestoration="manual"</script><div id="root"><div data-testid="full-screen-portal-exit-container"></div><div class="app "><div class="ln-o-container ln-o-container--soft"></div><div class="ln-o-page"><div class="ln-o-page__header"><div tabindex="-1"><header class="header-background"><div data-testid="header" class="header-wrapper"><div data-testid="header-wrapper" class="ln-o-container ln-o-container--soft header"><div class="top-header"><button class="header__accessible-skipto" data-testid="skip-to-content" tabindex="0">Skip to content</button><button class="header__accessible-skipto" data-testid="skip-to-trolley" tabindex="0">Skip to trolley</button><ul class="top-links"><li><a href="https://www.sainsburys.co.uk/" target="_self">Explore more at Sainsburys.co.uk</a></li><li><a href="https://help.sainsburys.co.uk/" target="_self">Help Centre</a></li><li><a href="https://stores.sainsburys.co.uk/" target="_self">Store Locator</a></li></ul><div class="top-right-links"><a href="/shop/LogonView/Identifier" target="_self" class="top-right-links--login ln-u-font-weight-bold" data-testid="login-register-link">Log in / Register</a><div class="header-trolley"><button data-testid="header-trolley" class="header-trolley__button skipto-trolley" tabindex="0"><div class="header-trolley__icon-wrapper" aria-labelledby="header-trolley__count header-trolley__subtotal header-trolley" role="note"><svg aria-label="Trolley" aria-hidden="true" id="header-trolley" role="img" class="header-trolley__icon ln-c-icon" viewBox="0 0 24 24" xmlns="http://www.w3.org/2000/svg"><title>Trolley</title><path d="M6.1 7.713L7.58 14.2c.106.468.523.8 1.003.8h8.436c.48 0 .896-.332 1.003-.8l.911-3.988a2.043 2.043 0 0 0-1.992-2.499H6.101zm0 0H4.843a1 1 0 0 1 0-2h12.1a4.043 4.043 0 0 1 3.94 4.944l-.91 3.99A3.029 3.029 0 0 1 17.018 17H8.583a3.029 3.029 0 0 1-2.953-2.355L3.025 3.223a1 1 0 0 1 1.95-.445l1.126 4.935zM17 22a2 2 0 1 1 0-4 2 2 0 0 1 0 4zm-8 0a2 2 0 1 1 0-4 2 2 0 0 1 0 4z" fill="currentColor"></path></svg><span class="header-trolley__empty" id="header-trolley__count" aria-label="Trolley is empty" aria-hidden="true"></span></div><span class="header-trolley__total" data-testid="header-trolley-total" id="header-trolley__subtotal" aria-label="£0.00 in total." aria-hidden="true">£0.00</span></button></div></div></div><div class="logo-search-container"><div class="logo-container"><a data-testid="logo" href="/shop/gb/groceries" class="logo-image logo-image-header"><img src="data:image/svg+xml;base64,PHN2ZyB4bWxucz0iaHR0cDovL3d3dy53My5vcmcvMjAwMC9zdmciIHdpZHRoPSI5NiIgaGVpZ2h0PSIxOSIgdmlld0JveD0iMCAwIDk2IDE5Ij4KICAgIDxnIGZpbGw9IiNGMDZDMDAiIGZpbGwtcnVsZT0iZXZlbm9kZCI+CiAgICAgICAgPHBhdGggZD0iTTk1LjExMyA0LjU3OGMtMy4wMy0xLjMwMS03LjA4Ni0uNjAyLTcuMDg2IDIuNzg5IDAgMy44MjUgNS44NzUgMy4wMyA1Ljg3NSA1LjA5OSAwIDEuNjYxLTIuNzc1IDEuODI5LTQuNzguMjQtLjE0LS4xMi0uMjgtLjE5LS40NDMtLjE5LS4yMzMgMC0uMzcyLjA5NS0uMzcyLjQzMXYuOTM3YzAgLjI2Ny4wNy40ODIuMzUuNjI2QzkxLjI0MyAxNS43MTMgOTYgMTUuNzM5IDk2IDExLjMxYzAtMy44LTUuOTQ0LTIuOTM0LTUuOTQ0LTQuODMzIDAtMS41NjMgMi45MTMtMS40MTggNC41OTEtLjI0Mi4xNC4wOTYuMzI3LjE5My40NDIuMTkzLjIzMyAwIC4zNzQtLjA5Ny4zNzQtLjQzMnYtLjc5NWMwLS4yNjUtLjA3LS41MDUtLjM1LS42MjRNODcuODQgNC4yMTNjMS4wOTEgMCAyLjMyLTQuMjEzLjMwMi00LjIxM2gtMS4wOWMtLjI1NSAwLS4zMDEuMTktLjMwMS4zMzQgMCAuMjg4LjY5NCAxLjAwNi42OTQgMS45ODcgMCAxLjAwNC0uMzcgMS4zNjQtLjM3IDEuNjc2IDAgLjEyMS4xMTYuMjE2LjI3OC4yMTZoLjQ4N004MS45MjUgMTEuNjc5bC0uMTQtLjQ1Ny0yLjIxNy02Ljc0M2MtLjA3LS4xOTItLjE2Mi0uMjY2LS4zNzMtLjI2NmgtMi4zOGMtLjE0IDAtLjIxLjA3NC0uMjEuMjE4IDAgLjA3Mi4wMjMuMTQ1LjExNy4zODVsMy44NzMgOS43MDRjLjY1NCAxLjYzOS0xLjI2IDIuODE4LTMuMTA0IDIuMjg5LS4yOC0uMDczLS40NjYtLjE0NS0uNzIzLS4xNDUtLjE2MiAwLS4zMDMuMTY5LS4zMDMuMzM2djEuMzc0YzAgLjI5LjE4Ny42MjYgMS4yMTMuNjI2IDIuNDc0IDAgMy44MDQtMS4zIDQuOTk0LTQuMzU5bDMuODI2LTkuODk3Yy4wNDctLjE0NC4wOTMtLjIxNi4wOTMtLjMxM2EuMjE0LjIxNCAwIDAgMC0uMjA5LS4yMThoLTEuNjU4Yy0uMTYyIDAtLjI3OS4wOTgtLjMyNi4yNjZsLTIuMjg2IDYuNzQzLS4xODcuNDU3TTcyLjI3OCA3LjQzOGMwLTEuMTYxLjM5Ni0xLjg4NyAyLjgyLTEuMjM0LjMwMi4wNzMuNDkuMTQ1Ljc0Ni4xNDUuMTYxIDAgLjMwMi0uMTY3LjMwMi0uMzM3VjQuNTg0YzAtLjI0Mi0uMTYzLS40MzMtLjQ2Ny0uNTA3LTEuNjc3LS40MTItMi43MDIuMzg1LTMuNTY0IDEuMjM0bC0uMDQ2LS4wMjZ2LS43OThjMC0uMTY4LS4xMTctLjI5MS0uMjgtLjI5MWgtMi4wMjdjLS4xMTggMC0uMjM0LjEyMy0uMjM0LjI5MXYxMC4yNTljMCAuMTY1LjExNi4yODkuMjM0LjI4OWgyLjIzNWMuMTY1IDAgLjI4MS0uMTI0LjI4MS0uMjlWNy40MzlNNjcuNTM1IDE0Ljc1NFY0LjUwNGMwLS4xNjgtLjExNy0uMjkxLS4yMzQtLjI5MWgtMi4yNDRjLS4xNjQgMC0uMjguMTIzLS4yOC4yOTF2OC4yNjZjLS40NDQuMjY2LTEuMzguNzQ5LTIuMTc1Ljc0OS0xLjU0MiAwLTEuNjM3LS45NjQtMS42MzctMS43ODhWNC41MDRjMC0uMTY4LS4xMTctLjI5MS0uMjMzLS4yOTFoLTIuMjQ0Yy0uMTY1IDAtLjI4Mi4xMjMtLjI4Mi4yOTF2Ny40NjhjMCAxLjk1NyAxLjAwNiAzLjMxIDMuMjUxIDMuMzEgMS4yODUgMCAyLjY0MS0uNjUyIDMuMzQzLTEuMDg1aC4wNDd2LjU1N2MwIC4xNjUuMTE2LjI4OC4yOC4yODhoMi4xNzRjLjExNyAwIC4yMzQtLjEyMy4yMzQtLjI4OE00Ny4xMjMuNDU3YzAtLjE3LjExNi0uMjkyLjIzMy0uMjkyaDIuMjRjLjE2MiAwIC4yNzguMTIxLjI3OC4yOTJ2NC44MjktLjAyNGMuNDQ0LS4zODYgMS40Ny0xLjIzMyAzLjA1OC0xLjIzMyAyLjQwMyAwIDMuOTE4IDIuMTc0IDMuOTE4IDUuMDcyIDAgMy43MTgtMi40OTUgNi4xODItNS41NzUgNi4xODItMS42OCAwLTIuOTE3LS42MDUtMy43MzMtMS4yNTgtLjM1LS4yNjQtLjQyLS43Mi0uNDItMS4xMDhWLjQ1N3ptMy4wOCAxMy4yNTdjLjIzMi4xNDQuNTgyLjI2NCAxLjI1OC4yNjQgMS40OTQgMCAyLjU0My0xLjU5MyAyLjU0My00LjI5NiAwLTEuMDE2LS4yMS0zLjg2Ny0yLjMzMy0zLjg2Ny0uODM5IDAtMS40NDYuNDg1LTEuNzk3Ljc1djYuNTJjMCAuMjIuMDQ4LjQzNS4zMjguNjN6TTQ0Ljk2MiA0LjU3OGMtMy4wMy0xLjMwMS03LjA4OC0uNjAyLTcuMDg4IDIuNzg5IDAgMy44MjUgNS44NzUgMy4wMyA1Ljg3NSA1LjA5OSAwIDEuNjYxLTIuNzc1IDEuODI5LTQuNzguMjQtLjE0LS4xMi0uMjgtLjE5LS40NDItLjE5LS4yMzMgMC0uMzczLjA5NS0uMzczLjQzMXYuOTM3YzAgLjI2Ny4wNy40ODIuMzUuNjI2IDIuNTg3IDEuMjAzIDcuMzQzIDEuMjI5IDcuMzQzLTMuMTk5IDAtMy44LTUuOTQ1LTIuOTM0LTUuOTQ1LTQuODMzIDAtMS41NjMgMi45MTQtMS40MTggNC41OTQtLjI0Mi4xNC4wOTYuMzI1LjE5My40NDIuMTkzLjIzMyAwIC4zNzQtLjA5Ny4zNzQtLjQzMnYtLjc5NWMwLS4yNjUtLjA3LS41MDUtLjM1LS42MjRNMjcuMTEgNC40OTZ2MTAuMjVjMCAuMTY1LjExNi4yODkuMjMzLjI4OWgyLjI0NWMuMTYzIDAgLjI4LS4xMjQuMjgtLjI4OVY2LjQ4Yy40NDUtLjI2NyAxLjM4LS43NDkgMi4xNzUtLjc0OSAxLjU0NCAwIDEuNjM3Ljk2NiAxLjYzNyAxLjc4N3Y3LjIzYzAgLjE2NC4xMTYuMjg4LjIzNC4yODhoMi4yNDVjLjE2MiAwIC4yOC0uMTI0LjI4LS4yODlWNy4yNzdjMC0xLjk1OC0xLjAwNi0zLjMxMi0zLjI1MS0zLjMxMi0xLjI4NiAwLTIuNjQyLjY1My0zLjM0NCAxLjA4OUgyOS44di0uNTU4YzAtLjE2Ny0uMTE3LS4yOS0uMjgxLS4yOWgtMi4xNzVjLS4xMTcgMC0uMjMzLjEyMy0uMjMzLjI5TTIyLjA4NiA0LjUwNHYxMC4yNDJjMCAuMTY1LjExNi4yODkuMjMuMjg5aDIuMjA1Yy4xNiAwIC4yNzYtLjEyNC4yNzYtLjI4OVY0LjUwNGMwLS4xNjgtLjExNS0uMjkxLS4yNzYtLjI5MWgtMi4yMDVjLS4xMTQgMC0uMjMuMTIzLS4yMy4yOU0yMy40MjUuMDgzYy0xLjAxMyAwLTEuNDk4LjYyOS0xLjQ5OCAxLjM1NiAwIC44Ny41OTkgMS40NTIgMS40OTggMS40NTJzMS40NTItLjU4MiAxLjQ1Mi0xLjQ1MmMwLS43MjctLjQ4NC0xLjM1Ni0xLjQ1Mi0xLjM1Nk0xNS44OSAzLjk2NWMtMS4yNTggMC0yLjcwMi4yNjctMy42MzQuNzQ3YS42NC42NCAwIDAgMC0uMzQ4LjU3OHYxLjA4M2MwIC4zNC4yNTYuNDgyLjM5Ni40ODIuMjggMCAuNDg5LS4yNjUuNjI5LS4zNi44Ni0uNjAxIDEuNzIyLTEuMDEzIDIuODY0LTEuMDEzIDEuNDE5IDAgMS42MjkuOTYzIDEuNjI5IDIuMTQ0bC0uMDA1LjA0NGMwIC41NTItLjE4MS42NTQtMi4yMDYuOTItMS4yMzUuMTY4LTQuMDUyLjc0Ni00LjA1MiAzLjM3IDAgMi4xNjcgMS42NzYgMy4zMjMgMy42MzIgMy4zMjMgMS4wNzEgMCAxLjk1Ni0uNDg0IDIuNzAxLTEuMTU2bC4wNDYuNjI1YzAgLjE2OS4xMTcuMjg5LjIzMy4yODloMi4xMThjLjE2MyAwIC4yOC0uMTIuMjgtLjI4OVY3LjI2NWMwLTEuOTUxLTEuMDAyLTMuMy00LjI4NC0zLjN6bTEuNDkgOC43NjVjMCAuMzE1LS43OTUgMS4xNjItMS44NyAxLjE2Mi0xLjIzOCAwLTEuNzA2LS45Mi0xLjcwNi0xLjgzNyAwLTEuMzA2Ljk4MS0yLjUxMyAzLjU3Ni0yLjUxM3YzLjE4OHpNLjM5NyAxNC40MDNjMy45MTYgMS45MDIgOS40OS43OTQgOS40OS00LjA0NiAwLTQuNDU2LTcuMzkxLTQuMTY5LTcuMzkxLTYuOTE2IDAtMS4xMDcgMS4wMjYtMS44NTMgMi4zMy0xLjg1MyAxLjE2NyAwIDIuMDUzLjQxIDIuOTg2IDEuMTEuMjU3LjE5LjQyLjMxMi42MjkuMzEyLjI1NyAwIC4zMjctLjE3LjMyNy0uMzg3VjEuMjI4YzAtLjIxOS0uMDQ2LS4zNC0uMjU3LS40MzVDNy43MTguNDggNi4zMTkuMTY1IDQuNzguMTY1IDEuNjguMTY1IDAgMi4xNDIgMCA0LjM4MmMwIDQuODY2IDcuMjc1IDMuODU2IDcuMjc1IDcuMTU1IDAgMi0yLjc5NyAzLjM5Ni02LjAzOCAxLjA1OC0uMzA0LS4yMTYtLjQ0NC0uMzM2LS42NTQtLjMzNi0uMzk2IDAtLjQ2Ny4yMTctLjQ2Ny40MzR2MS4yMjdjMCAuMjE3LjA0OC4zMzkuMjgxLjQ4MyIvPgogICAgPC9nPgo8L3N2Zz4=" class="logo" alt="Sainsbury's logo - go to Groceries home"></a></div></div><div class="header-nav" data-testid="desktop-header-nav"><div class="multi-search-container"><form role="search" data-testid="search-bar-form" action="/gol-ui/SearchDisplayView" novalidate="" class="search-bar "><div role="combobox" aria-haspopup="listbox" aria-owns="search-bar-menu" aria-expanded="false"><div role="searchbox" aria-label="Enter Search terms" aria-controls="search-bar-menu"><label for="search-bar-input" id="search-bar-label"><input aria-controls="search-bar-menu" aria-owns="search-bar-menu" aria-label="Enter search terms" name="filters[\keyword]\" class="search-bar__field-group" id="search-bar-input" data-testid="search-bar-input" aria-autocomplete="list" aria-labelledby="search-bar-label" autocomplete="off" type="text" placeholder="Search products" value=""></label></div><button aria-label="Search button" data-testid="search-bar-button" class="search-bar__button" type="submit"><svg aria-label="Search products" class="ln-c-icon" viewBox="0 0 24 24" xmlns="http://www.w3.org/2000/svg"><title>Search</title><path d="M9.692 15.333a5.641 5.641 0 1 0 0-11.282 5.641 5.641 0 0 0 0 11.282zm6.117-.975l5.89 5.891a1.026 1.026 0 0 1-1.45 1.45l-5.89-5.89a7.692 7.692 0 1 1 1.45-1.45z" fill="currentColor"></path></svg></button><ul id="search-bar-menu" role="listbox" aria-labelledby="search-bar-label" class="ln-c-dropdown-list ln-c-dropdown-list--overlay" aria-label="Search suggestions list"></ul></div></form><a href="/gol-ui/search-a-list-of-items" target="_self" class="multi-search non-mobile-version"><span>Search a list of items</span></a></div><div class="nav__menu-wrapper"><ul class="ln-o-inline-list ln-o-inline-list--spaced"><li class="ln-o-inline-list__item"><a href="/shop/gb/groceries" target="_self" class="nav__menu-link" data-testid="desktop-nav-item-link" aria-label="Groceries">Groceries<svg alt="" title="Open groceries menu" class="nav__menu-chevron ln-c-icon" viewBox="0 0 24 24" xmlns="http://www.w3.org/2000/svg"><title>Arrow down</title><path d="M12 14.586L5.707 8.293a1 1 0 0 0-1.414 1.414l7 7a1 1 0 0 0 1.414 0l7-7a1 1 0 1 0-1.414-1.414L12 14.586z" fill="currentColor"></path></svg></a></li><li class="ln-o-inline-list__item "><a class="nav__menu-link" href="/gol-ui/favourites-as-list">Favourites</a></li><li class="ln-o-inline-list__item "><a class="nav__menu-link" href="/gol-ui/nectar">Nectar</a></li><li class="ln-o-inline-list__item offer"><a class="nav__menu-link" href="/gol-ui/offers">Offers</a></li><li class="ln-o-inline-list__item "><a href="/shop/gb/groceries/discover" target="_self" class="nav__menu-link">Discover</a></li><li class="ln-o-inline-list__item "><a href="/gol-ui/recipes" target="_self" class="nav__menu-link">Recipes</a></li><li class="ln-o-inline-list__item "><a href="/shop/gb/saver" target="_blank" class="nav__menu-link">Delivery Pass</a></li><li class="ln-o-inline-list__item "><a href="https://food-to-order.sainsburys.co.uk/" target="_self" class="nav__menu-link">Occasions</a></li><li class="ln-o-inline-list__item "><a href="/gol-ui/features/ttd-hub" target="_self" class="nav__menu-link">Taste the Difference</a></li></ul></div></div></div></div><div data-testid="header-portal-root"></div></header></div></div><div class="ln-o-page__body"><div class="page-body"><div class="ln-o-container ln-o-container--soft padding-bottom-default"><div data-testid="content-wrap" style=""><section id="main" class="ln-o-section margin-top-search-findability"><section class="ln-o-section ln-u-soft-sm false"><div class="ln-u-text-align-center"><div class="si"><h1 aria-live="polite" class="si__title" data-testid="search-results-title">391 results for ‘beer’</h1></div></div></section><iframe id="espot-NZ_Search_Responsive_Top_By_SearchTerm" src="javascript:" data-testid="espot" title="Additional content" class="espot" style="height: 68px;"></iframe><div class="sticky-wrapper sticky-wrapper--top-padded filter-toolbar--wrapper"><div data-testid="product-controls" class="filter-toolbar--grid"><div class="filter-toolbar--grid-lhs"><button class="ds-c-button ds-c-button--secondary ds-c-button--full ds-c-button--md filters-toolbar--open" data-scheme="ds-global-cta--monochrome-dark" data-pkgid="@sainsburys-tech/fable-3.53.0-button">Filters</button><label class="ds-c-checkbox filters-toolbar--offers" for="checkbox-:ds2:" data-pkgid="@sainsburys-tech/fable-3.53.0-checkbox"><input class="ds-c-checkbox__input" id="checkbox-:ds2:" type="checkbox" aria-invalid="false" value=""><span class="ds-c-checkbox--label">Offers</span></label></div><div class="filter-toolbar--grid-rhs"><div class="filter-toolbar--sorting" data-testid="sort-dropdown"><span class="ds-c-label-1 filter-toolbar--sorting-label" data-pkgid="@sainsburys-tech/fable-3.53.0-label-1">Sort by</span><div class="ds-c-select filter-toolbar--sorting-select" data-pkgid="@sainsburys-tech/fable-3.53.0-select"><label for="ds-c-select-:ds1:" class="ds-c-select--label ds-c-select--sr-only">Sort by</label><select id="ds-c-select-:ds1:" aria-invalid="false" data-invalid="false" class="ds-c-select__select"><option value="-relevance">Relevance</option><option value="price">Price - Low to High</option><option value="-price">Price - High to Low</option><option value="-customer rating">Ratings - High to Low</option></select></div></div></div></div></div><dialog class="ds-c-drawer ds-c-drawer--fixed-footer ds-c-drawer--drawer ds-c-drawer--divider-none ds-c-drawer--breakpoint-none-size-full ds-c-drawer--breakpoint-sm-size-lg ds-c-drawer--breakpoint-md-size-md ds-c-drawer--breakpoint-lg-size-sm ds-c-drawer--breakpoint-none-padding-md ds-c-drawer--breakpoint-sm-padding-lg filtersDrawer" data-testid="filter-drawer" data-pkgid="@sainsburys-tech/fable-3.53.0-drawer"><div class="ds-c-drawer__wrapper"><div class="ds-c-drawer__header"><div class="ds-c-drawer__header--text-wrapper"><div class="ds-c-drawer__header--label-wrapper"><span class="ds-c-drawer__header--label">Filters</span></div></div><button class="ds-c-button ds-c-button--tertiary ds-c-button--xs ds-c-button--icon ds-c-button--sr-only" data-testid="drawer-dismiss-button" data-scheme="ds-global-cta--monochrome-dark" data-pkgid="@sainsburys-tech/fable-3.53.0-iconbutton" type="button"><span class="ds-c-button__icon"><svg xmlns="http://www.w3.org/2000/svg" viewBox="0 0 24 24" role="presentation" data-pkgid="@sainsburys-tech/icons-2-cancel"><path fill="currentColor" d="m13.487 12 5.205 5.205a1.052 1.052 0 0 1-1.487 1.487L12 13.487l-5.205 5.205a1.052 1.052 0 0 1-1.487-1.487L10.513 12 5.308 6.795a1.052 1.052 0 0 1 1.487-1.487L12 10.513l5.205-5.205a1.052 1.052 0 0 1 1.487 1.487z"></path></svg></span><span class="ds-c-button__icon--sr-only">dismiss</span></button></div><div class="ds-c-drawer__content"><div class="filtersDrawer--categories filtersDrawer--section" data-testid="filters-drawer-categories"><a class="filtersDrawer--link filtersDrawer--link-all" href="/gol-ui/SearchResults/beer/category:all/sort:"><svg xmlns="http://www.w3.org/2000/svg" viewBox="0 0 24 24" role="presentation" data-pkgid="@sainsburys-tech/icons-2-arrowleft"><path fill="currentColor" d="m9.414 12 6.293-6.293a1 1 0 1 0-1.414-1.414l-7 7a1 1 0 0 0 0 1.414l7 7a1 1 0 0 0 1.414-1.414z"></path></svg>All Categories</a><a class="filtersDrawer--link" href="/gol-ui/SearchResults/beer/category:812503/sort:">Drinks (390)</a><a class="filtersDrawer--link" href="/gol-ui/SearchResults/beer/category:827506/sort:">Alcoholic drinks (390)</a><a class="filtersDrawer--link" href="/gol-ui/SearchResults/beer/category:812489/sort:">Beer (390)</a><div class="collapsable"><button class="collapsable--show-more" type="button">Show more</button></div></div><form id="filters"><span class="ds-c-display-1" data-pkgid="@sainsburys-tech/fable-3.53.0-display-1">Filter by:</span><div class="ds-c-accordion" id="accordion-:ds3:" data-pkgid="@sainsburys-tech/fable-3.53.0-accordion"><div class="ds-c-accordion-item ds-c-accordion-item--open filtersDrawer--accordion filtersDrawer--section" id="accordion-item-:ds4:"><details class="ds-c-accordion-item__details" open=""><summary class="ds-c-accordion-item__summary"><span class="ds-c-accordion-item__label"><span class="ds-c-accordion-item__label--text">New and Offers</span></span><span class="ds-c-accordion-item__icon"><svg xmlns="http://www.w3.org/2000/svg" viewBox="0 0 24 24" role="presentation" data-pkgid="@sainsburys-tech/icons-2-arrowup"><path fill="currentColor" d="m12 9.414 6.293 6.293a1 1 0 0 0 1.414-1.414l-7-7a1 1 0 0 0-1.414 0l-7 7a1 1 0 0 0 1.414 1.414z"></path></svg></span></summary><div class="ds-c-accordion-item__content"><label class="ds-c-checkbox ds-c-checkbox--full-width filtersDrawer--checkbox-spotlight" for="checkbox-:ds5:" data-pkgid="@sainsburys-tech/fable-3.53.0-checkbox"><input class="ds-c-checkbox__input" id="checkbox-:ds5:" type="checkbox" aria-invalid="false" value="new"><span class="ds-c-checkbox--label">New (21)</span></label><label class="ds-c-checkbox ds-c-checkbox--full-width filtersDrawer--checkbox-spotlight" for="checkbox-:ds6:" data-pkgid="@sainsburys-tech/fable-3.53.0-checkbox"><input class="ds-c-checkbox__input" id="checkbox-:ds6:" type="checkbox" aria-invalid="false" value="Offers"><span class="ds-c-checkbox--label">Offers &amp; Nectar Prices</span></label></div></details></div><div class="ds-c-accordion-item ds-c-accordion-item--open filtersDrawer--accordion filtersDrawer--section" id="accordion-item-:ds7:"><details class="ds-c-accordion-item__details" open=""><summary class="ds-c-accordion-item__summary"><span class="ds-c-accordion-item__label"><span class="ds-c-accordion-item__label--text">Brand</span></span><span class="ds-c-accordion-item__icon"><svg xmlns="http://www.w3.org/2000/svg" viewBox="0 0 24 24" role="presentation" data-pkgid="@sainsburys-tech/icons-2-arrowup"><path fill="currentColor" d="m12 9.414 6.293 6.293a1 1 0 0 0 1.414-1.414l-7-7a1 1 0 0 0-1.414 0l-7 7a1 1 0 0 0 1.414 1.414z"></path></svg></span></summary><div class="ds-c-accordion-item__content"><fieldset class="ds-c-checkbox-group ds-c-checkbox-group--full-width" data-pkgid="@sainsburys-tech/fable-3.53.0-checkboxgroup"><legend class="ds-c-checkbox-group__label"> </legend><div class="ds-c-checkbox-group__wrapper"><label class="ds-c-checkbox" for="nav_Brand-0-:ds8:" data-pkgid="@sainsburys-tech/fable-3.53.0-checkbox"><input class="ds-c-checkbox__input" id="nav_Brand-0-:ds8:" name="nav_Brand" type="checkbox" aria-invalid="false" value="brewdog"><span class="ds-c-checkbox--label">BrewDog (34)</span></label><label class="ds-c-checkbox" for="nav_Brand-1-:ds8:" data-pkgid="@sainsburys-tech/fable-3.53.0-checkbox"><input class="ds-c-checkbox__input" id="nav_Brand-1-:ds8:" name="nav_Brand" type="checkbox" aria-invalid="false" value="stella artois"><span class="ds-c-checkbox--label">Stella Artois (13)</span></label><label class="ds-c-checkbox" for="nav_Brand-2-:ds8:" data-pkgid="@sainsburys-tech/fable-3.53.0-checkbox"><input class="ds-c-checkbox__input" id="nav_Brand-2-:ds8:" name="nav_Brand" type="checkbox" aria-invalid="false" value="kopparberg"><span class="ds-c-checkbox--label">Kopparberg (12)</span></label><label class="ds-c-checkbox" for="nav_Brand-3-:ds8:" data-pkgid="@sainsburys-tech/fable-3.53.0-checkbox"><input class="ds-c-checkbox__input" id="nav_Brand-3-:ds8:" name="nav_Brand" type="checkbox" aria-invalid="false" value="sainsbury's"><span class="ds-c-checkbox--label">Sainsbury's (12)</span></label></div><span class="ds-c-label-1 ds-c-checkbox-group--empty-message" data-pkgid="@sainsburys-tech/fable-3.53.0-label-1" id="checkbox-group-validation-:ds8:" role="alert"></span></fieldset><div class="collapsable"><button class="collapsable--show-more" type="button">Show more</button></div></div></details></div><div class="ds-c-accordion-item ds-c-accordion-item--open filtersDrawer--accordion filtersDrawer--section" id="accordion-item-:ds13:"><details class="ds-c-accordion-item__details" open=""><summary class="ds-c-accordion-item__summary"><span class="ds-c-accordion-item__label"><span class="ds-c-accordion-item__label--text">Dietary and Lifestyle Options</span></span><span class="ds-c-accordion-item__icon"><svg xmlns="http://www.w3.org/2000/svg" viewBox="0 0 24 24" role="presentation" data-pkgid="@sainsburys-tech/icons-2-arrowup"><path fill="currentColor" d="m12 9.414 6.293 6.293a1 1 0 0 0 1.414-1.414l-7-7a1 1 0 0 0-1.414 0l-7 7a1 1 0 0 0 1.414 1.414z"></path></svg></span></summary><div class="ds-c-accordion-item__content"><fieldset class="ds-c-checkbox-group ds-c-checkbox-group--full-width" data-pkgid="@sainsburys-tech/fable-3.53.0-checkboxgroup"><legend class="ds-c-checkbox-group__label"> </legend><div class="ds-c-checkbox-group__wrapper"><label class="ds-c-checkbox" for="diet_Dietary_and_Lifestyle_Options-0-:ds14:" data-pkgid="@sainsburys-tech/fable-3.53.0-checkbox"><input class="ds-c-checkbox__input" id="diet_Dietary_and_Lifestyle_Options-0-:ds14:" name="diet_Dietary_and_Lifestyle_Options" type="checkbox" aria-invalid="false" value="suitable for vegans"><span class="ds-c-checkbox--label">Suitable for Vegans (111)</span></label><label class="ds-c-checkbox" for="diet_Dietary_and_Lifestyle_Options-1-:ds14:" data-pkgid="@sainsburys-tech/fable-3.53.0-checkbox"><input class="ds-c-checkbox__input" id="diet_Dietary_and_Lifestyle_Options-1-:ds14:" name="diet_Dietary_and_Lifestyle_Options" type="checkbox" aria-invalid="false" value="suitable for vegetarians"><span class="ds-c-checkbox--label">Suitable for Vegetarians (43)</span></label><label class="ds-c-checkbox" for="diet_Dietary_and_Lifestyle_Options-2-:ds14:" data-pkgid="@sainsburys-tech/fable-3.53.0-checkbox"><input class="ds-c-checkbox__input" id="diet_Dietary_and_Lifestyle_Options-2-:ds14:" name="diet_Dietary_and_Lifestyle_Options" type="checkbox" aria-invalid="false" value="suitable for coeliacs"><span class="ds-c-checkbox--label">Suitable for Coeliacs (12)</span></label><label class="ds-c-checkbox" for="diet_Dietary_and_Lifestyle_Options-3-:ds14:" data-pkgid="@sainsburys-tech/fable-3.53.0-checkbox"><input class="ds-c-checkbox__input" id="diet_Dietary_and_Lifestyle_Options-3-:ds14:" name="diet_Dietary_and_Lifestyle_Options" type="checkbox" aria-invalid="false" value="gluten free"><span class="ds-c-checkbox--label">Gluten free (2)</span></label></div><span class="ds-c-label-1 ds-c-checkbox-group--empty-message" data-pkgid="@sainsburys-tech/fable-3.53.0-label-1" id="checkbox-group-validation-:ds14:" role="alert"></span></fieldset><div class="collapsable"><button class="collapsable--show-more" type="button">Show more</button></div></div></details></div><div class="ds-c-accordion-item ds-c-accordion-item--open filtersDrawer--accordion filtersDrawer--section" id="accordion-item-:ds19:"><details class="ds-c-accordion-item__details" open=""><summary class="ds-c-accordion-item__summary"><span class="ds-c-accordion-item__label"><span class="ds-c-accordion-item__label--text">Other</span></span><span class="ds-c-accordion-item__icon"><svg xmlns="http://www.w3.org/2000/svg" viewBox="0 0 24 24" role="presentation" data-pkgid="@sainsburys-tech/icons-2-arrowup"><path fill="currentColor" d="m12 9.414 6.293 6.293a1 1 0 0 0 1.414-1.414l-7-7a1 1 0 0 0-1.414 0l-7 7a1 1 0 0 0 1.414 1.414z"></path></svg></span></summary><div class="ds-c-accordion-item__content"><fieldset class="ds-c-checkbox-group ds-c-checkbox-group--full-width" data-pkgid="@sainsburys-tech/fable-3.53.0-checkboxgroup"><legend class="ds-c-checkbox-group__label"> </legend><div class="ds-c-checkbox-group__wrapper"><label class="ds-c-checkbox" for="other-0-:ds20:" data-pkgid="@sainsburys-tech/fable-3.53.0-checkbox"><input class="ds-c-checkbox__input" id="other-0-:ds20:" name="other" type="checkbox" aria-invalid="false" value="keep refrigerated"><span class="ds-c-checkbox--label">Keep Refrigerated (3)</span></label></div><span class="ds-c-label-1 ds-c-checkbox-group--empty-message" data-pkgid="@sainsburys-tech/fable-3.53.0-label-1" id="checkbox-group-validation-:ds20:" role="alert"></span></fieldset></div></details></div></div></form></div><div class="ds-c-drawer__footer-wrapper"><button class="ds-c-button ds-c-button--primary ds-c-button--full ds-c-button--md" data-pkgid="@sainsburys-tech/fable-3.53.0-button" type="submit" form="filters">Apply</button></div></div></dialog><div class="SRF SRF__newfilters"><div class="SRF__tileList"><ul class="ln-o-grid ln-o-grid--matrix ln-o-grid--equal-height"><li class="pt-grid-item ln-o-grid__item ln-u-6/12@xs ln-u-1/3@sm ln-u-3/12@md ln-u-2/12@xl"><article data-testid="product-tile-8032238" class="ln-c-card pt pt-card"><div aria-hidden="true"><div class="product-details-title__tag"><span data-testid="nectar-price-label" class="promotional-tag--nectar">Nectar Price</span></div></div><div class="pt__content pt__content--with-header"><div class="pt__image-wrapper"><div><div class="pt-image__ribbon-wrapper"><a href="https://www.sainsburys.co.uk/gol-ui/product/carlsberg-danish-pilsner-lager-beer-can-18x440ml" class="pt-image pt-image__link" tabindex="-1" aria-hidden="true"><picture><source srcset="https://assets.sainsburys-groceries.co.uk/gol/8032238/image.webp" type="image/webp"><source srcset="https://assets.sainsburys-groceries.co.uk/gol/8032238/image.jpg" type="image/jpeg"><img title="Carlsberg Danish Pilsner Lager Beer Can 18x440ml" src="https://assets.sainsburys-groceries.co.uk/gol/8032238/image.jpg" alt="Carlsberg Danish Pilsner Lager Beer Can 18x440ml" aria-hidden="true" data-testid="pt-image"></picture></a></div></div><div data-testid="citrus-label"><div data-testid="product-header" class="product-header product-header--citrus" aria-hidden="true">Sponsored</div></div></div><div class="pt__wrapper"><div class="pt__wrapper-inner"><div class="pt__wrapper__top"><div class="pt__info"><div class="product-description-box"><div><h2 class="pt__info__description" data-testid="product-tile-description"><a href="https://www.sainsburys.co.uk/gol-ui/product/carlsberg-danish-pilsner-lager-beer-can-18x440ml" class="pt__link" title="Carlsberg Danish Pilsner Lager Beer Can 18x440ml" aria-label="Nectar Price, Sponsored, Carlsberg Danish Pilsner Lager Beer Can 18x440ml">Carlsberg Danish Pilsner Lager Beer Can 18x440ml</a></h2></div></div><div class="star-rating-container"><div><a href="https://www.sainsburys.co.uk/gol-ui/product/carlsberg-danish-pilsner-lager-beer-can-18x440ml" class="star-rating-link" data-testid="star-rating" aria-label="4.7 out of 5, 50 reviews"><span class="ds-c-rating ds-c-rating--primary ds-c-rating--md" data-testid="review-count" data-pkgid="@sainsburys-tech/fable-3.53.0-rating"><div class="ds-c-rating__stars" role="img" title="Rating 4.7 out of 5" aria-label="Rating 4.7 out of 5, from 50 reviews"><svg fill="none" xmlns="http://www.w3.org/2000/svg" viewBox="0 0 24 24" role="img" aria-hidden="true"><defs><linearGradient id="star-gradient-:ds22:" x1="0" y1="0" x2="1" y2="0"><stop offset="100%"></stop><stop offset="0%"></stop></linearGradient></defs><path d="M11.613 18.413 7.473 20.7a.8.8 0 0 1-1.177-.828l.802-4.987a.801.801 0 0 0-.215-.685l-3.457-3.57a.802.802 0 0 1 .452-1.348l4.711-.732a.8.8 0 0 0 .602-.45l2.084-4.44a.8.8 0 0 1 1.45 0l2.084 4.44a.8.8 0 0 0 .602.45l4.711.732a.801.801 0 0 1 .452 1.349l-3.457 3.57a.8.8 0 0 0-.215.684l.801 4.987a.8.8 0 0 1-1.177.828l-4.14-2.287a.8.8 0 0 0-.773 0Z" fill="url(#star-gradient-:ds22:)"></path></svg><svg fill="none" xmlns="http://www.w3.org/2000/svg" viewBox="0 0 24 24" role="img" aria-hidden="true"><defs><linearGradient id="star-gradient-:ds23:" x1="0" y1="0" x2="1" y2="0"><stop offset="100%"></stop><stop offset="0%"></stop></linearGradient></defs><path d="M11.613 18.413 7.473 20.7a.8.8 0 0 1-1.177-.828l.802-4.987a.801.801 0 0 0-.215-.685l-3.457-3.57a.802.802 0 0 1 .452-1.348l4.711-.732a.8.8 0 0 0 .602-.45l2.084-4.44a.8.8 0 0 1 1.45 0l2.084 4.44a.8.8 0 0 0 .602.45l4.711.732a.801.801 0 0 1 .452 1.349l-3.457 3.57a.8.8 0 0 0-.215.684l.801 4.987a.8.8 0 0 1-1.177.828l-4.14-2.287a.8.8 0 0 0-.773 0Z" fill="url(#star-gradient-:ds23:)"></path></svg><svg fill="none" xmlns="http://www.w3.org/2000/svg" viewBox="0 0 24 24" role="img" aria-hidden="true"><defs><linearGradient id="star-gradient-:ds24:" x1="0" y1="0" x2="1" y2="0"><stop offset="100%"></stop><stop offset="0%"></stop></linearGradient></defs><path d="M11.613 18.413 7.473 20.7a.8.8 0 0 1-1.177-.828l.802-4.987a.801.801 0 0 0-.215-.685l-3.457-3.57a.802.802 0 0 1 .452-1.348l4.711-.732a.8.8 0 0 0 .602-.45l2.084-4.44a.8.8 0 0 1 1.45 0l2.084 4.44a.8.8 0 0 0 .602.45l4.711.732a.801.801 0 0 1 .452 1.349l-3.457 3.57a.8.8 0 0 0-.215.684l.801 4.987a.8.8 0 0 1-1.177.828l-4.14-2.287a.8.8 0 0 0-.773 0Z" fill="url(#star-gradient-:ds24:)"></path></svg><svg fill="none" xmlns="http://www.w3.org/2000/svg" viewBox="0 0 24 24" role="img" aria-hidden="true"><defs><linearGradient id="star-gradient-:ds25:" x1="0" y1="0" x2="1" y2="0"><stop offset="100%"></stop><stop offset="0%"></stop></linearGradient></defs><path d="M11.613 18.413 7.473 20.7a.8.8 0 0 1-1.177-.828l.802-4.987a.801.801 0 0 0-.215-.685l-3.457-3.57a.802.802 0 0 1 .452-1.348l4.711-.732a.8.8 0 0 0 .602-.45l2.084-4.44a.8.8 0 0 1 1.45 0l2.084 4.44a.8.8 0 0 0 .602.45l4.711.732a.801.801 0 0 1 .452 1.349l-3.457 3.57a.8.8 0 0 0-.215.684l.801 4.987a.8.8 0 0 1-1.177.828l-4.14-2.287a.8.8 0 0 0-.773 0Z" fill="url(#star-gradient-:ds25:)"></path></svg><svg fill="none" xmlns="http://www.w3.org/2000/svg" viewBox="0 0 24 24" role="img" aria-hidden="true"><defs><linearGradient id="star-gradient-:ds26:" x1="0" y1="0" x2="1" y2="0"><stop offset="71.99999999999997%"></stop><stop offset="0%"></stop></linearGradient></defs><path d="M11.613 18.413 7.473 20.7a.8.8 0 0 1-1.177-.828l.802-4.987a.801.801 0 0 0-.215-.685l-3.457-3.57a.802.802 0 0 1 .452-1.348l4.711-.732a.8.8 0 0 0 .602-.45l2.084-4.44a.8.8 0 0 1 1.45 0l2.084 4.44a.8.8 0 0 0 .602.45l4.711.732a.801.801 0 0 1 .452 1.349l-3.457 3.57a.8.8 0 0 0-.215.684l.801 4.987a.8.8 0 0 1-1.177.828l-4.14-2.287a.8.8 0 0 0-.773 0Z" fill="url(#star-gradient-:ds26:)"></path></svg></div><div class="ds-c-rating__body"><span class="ds-c-rating__rating-content" aria-hidden="true">(50)</span></div></span></a></div></div></div></div><div class="pt__wrapper__bottom"><div class="pt__data-entry"></div><div class="pt__cost"><div class="pt__cost__contextual--wrapper" data-testid="whole-contextual-price"><span data-testid="contextual-price" class="pt__cost__contextual pt__cost__contextual--with-nectar-not-associated"><span class="pt__cost--price" data-testid="contextual-price-text">£10.00</span></span><span data-testid="text-with-nectar" class="pt__with-or-without-nectar">with Nectar</span></div><div data-testid="pt-retail-price-and-unit" class="pt__cost__retail-price__wrapper"><span class="pt__cost__retail-price pt__cost__retail-price--with-nectar-not-associated" data-testid="pt-retail-price">£12.00</span><span data-testid="pt-unit-price" class="pt__cost__unit-price-per-measure">£1.52 / ltr</span></div></div></div></div><div class="pt__controls" data-testid="pt-control-buttons"><div class="pt-button"><button data-testid="add-button" aria-label="Add Carlsberg Danish Pilsner Lager Beer Can 18x440ml to trolley" class="ln-c-button ln-c-button--filled ln-c-button--full pt__add-button" type="button">Add</button></div></div></div></div><div class="pt__icons__fav"><div data-testid="fav_heart-tooltip" class="ln-c-tooltip"><div><button class="pt__icons__fav--cta" data-testid="favourite-icon-empty" aria-label="Add to favourites"><svg role="presentation" class="pt__icons__fav--icon-empty ln-c-icon" viewBox="0 0 24 24" xmlns="http://www.w3.org/2000/svg"><title>Favourites</title><path d="M12 9.04l-1.992-2.002a3.502 3.502 0 0 0-4.975-.003 3.579 3.579 0 0 0 .003 5.034l6.842 6.88a.17.17 0 0 0 .243 0l6.842-6.88a3.576 3.576 0 0 0 .003-5.034 3.505 3.505 0 0 0-4.975.003l-1.992 2.003zm0-2.836l.759-.755a5.505 5.505 0 0 1 7.625.176 5.576 5.576 0 0 1-.003 7.855l-6.842 6.88a2.17 2.17 0 0 1-3.08 0l-6.841-6.88a5.579 5.579 0 0 1-.003-7.855 5.502 5.502 0 0 1 7.625-.176l.76.755z" fill="currentColor"></path></svg></button></div><div aria-live="polite" aria-atomic="true" role="tooltip"></div></div></div></article></li><li class="pt-grid-item ln-o-grid__item ln-u-6/12@xs ln-u-1/3@sm ln-u-3/12@md ln-u-2/12@xl"><article data-testid="product-tile-7643851" class="ln-c-card pt pt-card"><div aria-hidden="true"></div><div class="pt__content pt__content--with-header"><div class="pt__image-wrapper"><div><div class="pt-image__ribbon-wrapper"><a href="https://www.sainsburys.co.uk/gol-ui/product/peroni-18x330ml" class="pt-image pt-image__link" tabindex="-1" aria-hidden="true"><picture><source srcset="https://assets.sainsburys-groceries.co.uk/gol/7643851/image.webp" type="image/webp"><source srcset="https://assets.sainsburys-groceries.co.uk/gol/7643851/image.jpg" type="image/jpeg"><img title="Peroni Nastro Azzurro Beer Lager Bottles 18x330ml" src="https://assets.sainsburys-groceries.co.uk/gol/7643851/image.jpg" alt="Peroni Nastro Azzurro Beer Lager Bottles 18x330ml" aria-hidden="true" data-testid="pt-image"></picture></a></div></div><div data-testid="citrus-label"><div data-testid="product-header" class="product-header product-header--citrus" aria-hidden="true">Sponsored</div></div></div><div class="pt__wrapper"><div class="pt__wrapper-inner"><div class="pt__wrapper__top"><div class="pt__info"><div class="product-description-box"><div><h2 class="pt__info__description" data-testid="product-tile-description"><a href="https://www.sainsburys.co.uk/gol-ui/product/peroni-18x330ml" class="pt__link" title="Peroni Nastro Azzurro Beer Lager Bottles 18x330ml" aria-label="Sponsored, Peroni Nastro Azzurro Beer Lager Bottles 18x330ml">Peroni Nastro Azzurro Beer Lager Bottles 18x330ml</a></h2></div></div><div class="star-rating-container"><div><a href="https://www.sainsburys.co.uk/gol-ui/product/peroni-18x330ml" class="star-rating-link" data-testid="star-rating" aria-label="4.7 out of 5, 186 reviews"><span class="ds-c-rating ds-c-rating--primary ds-c-rating--md" data-testid="review-count" data-pkgid="@sainsburys-tech/fable-3.53.0-rating"><div class="ds-c-rating__stars" role="img" title="Rating 4.7 out of 5" aria-label="Rating 4.7 out of 5, from 186 reviews"><svg fill="none" xmlns="http://www.w3.org/2000/svg" viewBox="0 0 24 24" role="img" aria-hidden="true"><defs><linearGradient id="star-gradient-:ds27:" x1="0" y1="0" x2="1" y2="0"><stop offset="100%"></stop><stop offset="0%"></stop></linearGradient></defs><path d="M11.613 18.413 7.473 20.7a.8.8 0 0 1-1.177-.828l.802-4.987a.801.801 0 0 0-.215-.685l-3.457-3.57a.802.802 0 0 1 .452-1.348l4.711-.732a.8.8 0 0 0 .602-.45l2.084-4.44a.8.8 0 0 1 1.45 0l2.084 4.44a.8.8 0 0 0 .602.45l4.711.732a.801.801 0 0 1 .452 1.349l-3.457 3.57a.8.8 0 0 0-.215.684l.801 4.987a.8.8 0 0 1-1.177.828l-4.14-2.287a.8.8 0 0 0-.773 0Z" fill="url(#star-gradient-:ds27:)"></path></svg><svg fill="none" xmlns="http://www.w3.org/2000/svg" viewBox="0 0 24 24" role="img" aria-hidden="true"><defs><linearGradient id="star-gradient-:ds28:" x1="0" y1="0" x2="1" y2="0"><stop offset="100%"></stop><stop offset="0%"></stop></linearGradient></defs><path d="M11.613 18.413 7.473 20.7a.8.8 0 0 1-1.177-.828l.802-4.987a.801.801 0 0 0-.215-.685l-3.457-3.57a.802.802 0 0 1 .452-1.348l4.711-.732a.8.8 0 0 0 .602-.45l2.084-4.44a.8.8 0 0 1 1.45 0l2.084 4.44a.8.8 0 0 0 .602.45l4.711.732a.801.801 0 0 1 .452 1.349l-3.457 3.57a.8.8 0 0 0-.215.684l.801 4.987a.8.8 0 0 1-1.177.828l-4.14-2.287a.8.8 0 0 0-.773 0Z" fill="url(#star-gradient-:ds28:)"></path></svg><svg fill="none" xmlns="http://www.w3.org/2000/svg" viewBox="0 0 24 24" role="img" aria-hidden="true"><defs><linearGradient id="star-gradient-:ds29:" x1="0" y1="0" x2="1" y2="0"><stop offset="100%"></stop><stop offset="0%"></stop></linearGradient></defs><path d="M11.613 18.413 7.473 20.7a.8.8 0 0 1-1.177-.828l.802-4.987a.801.801 0 0 0-.215-.685l-3.457-3.57a.802.802 0 0 1 .452-1.348l4.711-.732a.8.8 0 0 0 .602-.45l2.084-4.44a.8.8 0 0 1 1.45 0l2.084 4.44a.8.8 0 0 0 .602.45l4.711.732a.801.801 0 0 1 .452 1.349l-3.457 3.57a.8.8 0 0 0-.215.684l.801 4.987a.8.8 0 0 1-1.177.828l-4.14-2.287a.8.8 0 0 0-.773 0Z" fill="url(#star-gradient-:ds29:)"></path></svg><svg fill="none" xmlns="http://www.w3.org/2000/svg" viewBox="0 0 24 24" role="img" aria-hidden="true"><defs><linearGradient id="star-gradient-:ds30:" x1="0" y1="0" x2="1" y2="0"><stop offset="100%"></stop><stop offset="0%"></stop></linearGradient></defs><path d="M11.613 18.413 7.473 20.7a.8.8 0 0 1-1.177-.828l.802-4.987a.801.801 0 0 0-.215-.685l-3.457-3.57a.802.802 0 0 1 .452-1.348l4.711-.732a.8.8 0 0 0 .602-.45l2.084-4.44a.8.8 0 0 1 1.45 0l2.084 4.44a.8.8 0 0 0 .602.45l4.711.732a.801.801 0 0 1 .452 1.349l-3.457 3.57a.8.8 0 0 0-.215.684l.801 4.987a.8.8 0 0 1-1.177.828l-4.14-2.287a.8.8 0 0 0-.773 0Z" fill="url(#star-gradient-:ds30:)"></path></svg><svg fill="none" xmlns="http://www.w3.org/2000/svg" viewBox="0 0 24 24" role="img" aria-hidden="true"><defs><linearGradient id="star-gradient-:ds31:" x1="0" y1="0" x2="1" y2="0"><stop offset="73.66000000000001%"></stop><stop offset="0%"></stop></linearGradient></defs><path d="M11.613 18.413 7.473 20.7a.8.8 0 0 1-1.177-.828l.802-4.987a.801.801 0 0 0-.215-.685l-3.457-3.57a.802.802 0 0 1 .452-1.348l4.711-.732a.8.8 0 0 0 .602-.45l2.084-4.44a.8.8 0 0 1 1.45 0l2.084 4.44a.8.8 0 0 0 .602.45l4.711.732a.801.801 0 0 1 .452 1.349l-3.457 3.57a.8.8 0 0 0-.215.684l.801 4.987a.8.8 0 0 1-1.177.828l-4.14-2.287a.8.8 0 0 0-.773 0Z" fill="url(#star-gradient-:ds31:)"></path></svg></div><div class="ds-c-rating__body"><span class="ds-c-rating__rating-content" aria-hidden="true">(186)</span></div></span></a></div></div></div></div><div class="pt__wrapper__bottom"><div class="pt__data-entry"></div><div class="pt__cost"><div data-testid="pt-retail-price-and-unit" class="pt__cost__retail-price__wrapper pt__cost__retail-price__wrapper--no-promo"><span class="pt__cost__retail-price" data-testid="pt-retail-price">£25.00</span><span data-testid="pt-unit-price" class="pt__cost__unit-price-per-measure">£4.21 / ltr</span></div></div></div></div><div class="pt__controls" data-testid="pt-control-buttons"><div class="pt-button"><button data-testid="add-button" aria-label="Add Peroni Nastro Azzurro Beer Lager Bottles 18x330ml to trolley" class="ln-c-button ln-c-button--filled ln-c-button--full pt__add-button" type="button">Add</button></div></div></div></div><div class="pt__icons__fav"><div data-testid="fav_heart-tooltip" class="ln-c-tooltip"><div><button class="pt__icons__fav--cta" data-testid="favourite-icon-empty" aria-label="Add to favourites"><svg role="presentation" class="pt__icons__fav--icon-empty ln-c-icon" viewBox="0 0 24 24" xmlns="http://www.w3.org/2000/svg"><title>Favourites</title><path d="M12 9.04l-1.992-2.002a3.502 3.502 0 0 0-4.975-.003 3.579 3.579 0 0 0 .003 5.034l6.842 6.88a.17.17 0 0 0 .243 0l6.842-6.88a3.576 3.576 0 0 0 .003-5.034 3.505 3.505 0 0 0-4.975.003l-1.992 2.003zm0-2.836l.759-.755a5.505 5.505 0 0 1 7.625.176 5.576 5.576 0 0 1-.003 7.855l-6.842 6.88a2.17 2.17 0 0 1-3.08 0l-6.841-6.88a5.579 5.579 0 0 1-.003-7.855 5.502 5.502 0 0 1 7.625-.176l.76.755z" fill="currentColor"></path></svg></button></div><div aria-live="polite" aria-atomic="true" role="tooltip"></div></div></div></article></li><li class="pt-grid-item ln-o-grid__item ln-u-6/12@xs ln-u-1/3@sm ln-u-3/12@md ln-u-2/12@xl"><article data-testid="product-tile-8159379" class="ln-c-card pt pt-card"><div aria-hidden="true"></div><div class="pt__content pt__content--with-header"><div class="pt__image-wrapper"><div><div class="pt-image__ribbon-wrapper"><a href="https://www.sainsburys.co.uk/gol-ui/product/peroni-nastro-azzurro-00-alcohol-free-beer-12x330ml" class="pt-image pt-image__link" tabindex="-1" aria-hidden="true"><picture><source srcset="https://assets.sainsburys-groceries.co.uk/gol/8159379/image.webp" type="image/webp"><source srcset="https://assets.sainsburys-groceries.co.uk/gol/8159379/image.jpg" type="image/jpeg"><img title="Peroni Nastro Azzurro 0.0% Alcohol Free Beer 12x330ml" src="https://assets.sainsburys-groceries.co.uk/gol/8159379/image.jpg" alt="Peroni Nastro Azzurro 0.0% Alcohol Free Beer 12x330ml" aria-hidden="true" data-testid="pt-image"></picture></a></div></div><div data-testid="citrus-label"><div data-testid="product-header" class="product-header product-header--citrus" aria-hidden="true">Sponsored</div></div></div><div class="pt__wrapper"><div class="pt__wrapper-inner"><div class="pt__wrapper__top"><div class="pt__info"><div class="product-description-box"><div><h2 class="pt__info__description" data-testid="product-tile-description"><a href="https://www.sainsburys.co.uk/gol-ui/product/peroni-nastro-azzurro-00-alcohol-free-beer-12x330ml" class="pt__link" title="Peroni Nastro Azzurro 0.0% Alcohol Free Beer 12x330ml" aria-label="Sponsored, Peroni Nastro Azzurro 0.0% Alcohol Free Beer 12x330ml">Peroni Nastro Azzurro 0.0% Alcohol Free Beer 12x330ml</a></h2></div></div><div class="star-rating-container"><div><a href="https://www.sainsburys.co.uk/gol-ui/product/peroni-nastro-azzurro-00-alcohol-free-beer-12x330ml" class="star-rating-link" data-testid="star-rating" aria-label="4.8 out of 5, 88 reviews"><span class="ds-c-rating ds-c-rating--primary ds-c-rating--md" data-testid="review-count" data-pkgid="@sainsburys-tech/fable-3.53.0-rating"><div class="ds-c-rating__stars" role="img" title="Rating 4.8 out of 5" aria-label="Rating 4.8 out of 5, from 88 reviews"><svg fill="none" xmlns="http://www.w3.org/2000/svg" viewBox="0 0 24 24" role="img" aria-hidden="true"><defs><linearGradient id="star-gradient-:ds32:" x1="0" y1="0" x2="1" y2="0"><stop offset="100%"></stop><stop offset="0%"></stop></linearGradient></defs><path d="M11.613 18.413 7.473 20.7a.8.8 0 0 1-1.177-.828l.802-4.987a.801.801 0 0 0-.215-.685l-3.457-3.57a.802.802 0 0 1 .452-1.348l4.711-.732a.8.8 0 0 0 .602-.45l2.084-4.44a.8.8 0 0 1 1.45 0l2.084 4.44a.8.8 0 0 0 .602.45l4.711.732a.801.801 0 0 1 .452 1.349l-3.457 3.57a.8.8 0 0 0-.215.684l.801 4.987a.8.8 0 0 1-1.177.828l-4.14-2.287a.8.8 0 0 0-.773 0Z" fill="url(#star-gradient-:ds32:)"></path></svg><svg fill="none" xmlns="http://www.w3.org/2000/svg" viewBox="0 0 24 24" role="img" aria-hidden="true"><defs><linearGradient id="star-gradient-:ds33:" x1="0" y1="0" x2="1" y2="0"><stop offset="100%"></stop><stop offset="0%"></stop></linearGradient></defs><path d="M11.613 18.413 7.473 20.7a.8.8 0 0 1-1.177-.828l.802-4.987a.801.801 0 0 0-.215-.685l-3.457-3.57a.802.802 0 0 1 .452-1.348l4.711-.732a.8.8 0 0 0 .602-.45l2.084-4.44a.8.8 0 0 1 1.45 0l2.084 4.44a.8.8 0 0 0 .602.45l4.711.732a.801.801 0 0 1 .452 1.349l-3.457 3.57a.8.8 0 0 0-.215.684l.801 4.987a.8.8 0 0 1-1.177.828l-4.14-2.287a.8.8 0 0 0-.773 0Z" fill="url(#star-gradient-:ds33:)"></path></svg><svg fill="none" xmlns="http://www.w3.org/2000/svg" viewBox="0 0 24 24" role="img" aria-hidden="true"><defs><linearGradient id="star-gradient-:ds34:" x1="0" y1="0" x2="1" y2="0"><stop offset="100%"></stop><stop offset="0%"></stop></linearGradient></defs><path d="M11.613 18.413 7.473 20.7a.8.8 0 0 1-1.177-.828l.802-4.987a.801.801 0 0 0-.215-.685l-3.457-3.57a.802.802 0 0 1 .452-1.348l4.711-.732a.8.8 0 0 0 .602-.45l2.084-4.44a.8.8 0 0 1 1.45 0l2.084 4.44a.8.8 0 0 0 .602.45l4.711.732a.801.801 0 0 1 .452 1.349l-3.457 3.57a.8.8 0 0 0-.215.684l.801 4.987a.8.8 0 0 1-1.177.828l-4.14-2.287a.8.8 0 0 0-.773 0Z" fill="url(#star-gradient-:ds34:)"></path></svg><svg fill="none" xmlns="http://www.w3.org/2000/svg" viewBox="0 0 24 24" role="img" aria-hidden="true"><defs><linearGradient id="star-gradient-:ds35:" x1="0" y1="0" x2="1" y2="0"><stop offset="100%"></stop><stop offset="0%"></stop></linearGradient></defs><path d="M11.613 18.413 7.473 20.7a.8.8 0 0 1-1.177-.828l.802-4.987a.801.801 0 0 0-.215-.685l-3.457-3.57a.802.802 0 0 1 .452-1.348l4.711-.732a.8.8 0 0 0 .602-.45l2.084-4.44a.8.8 0 0 1 1.45 0l2.084 4.44a.8.8 0 0 0 .602.45l4.711.732a.801.801 0 0 1 .452 1.349l-3.457 3.57a.8.8 0 0 0-.215.684l.801 4.987a.8.8 0 0 1-1.177.828l-4.14-2.287a.8.8 0 0 0-.773 0Z" fill="url(#star-gradient-:ds35:)"></path></svg><svg fill="none" xmlns="http://www.w3.org/2000/svg" viewBox="0 0 24 24" role="img" aria-hidden="true"><defs><linearGradient id="star-gradient-:ds36:" x1="0" y1="0" x2="1" y2="0"><stop offset="82.95000000000003%"></stop><stop offset="0%"></stop></linearGradient></defs><path d="M11.613 18.413 7.473 20.7a.8.8 0 0 1-1.177-.828l.802-4.987a.801.801 0 0 0-.215-.685l-3.457-3.57a.802.802 0 0 1 .452-1.348l4.711-.732a.8.8 0 0 0 .602-.45l2.084-4.44a.8.8 0 0 1 1.45 0l2.084 4.44a.8.8 0 0 0 .602.45l4.711.732a.801.801 0 0 1 .452 1.349l-3.457 3.57a.8.8 0 0 0-.215.684l.801 4.987a.8.8 0 0 1-1.177.828l-4.14-2.287a.8.8 0 0 0-.773 0Z" fill="url(#star-gradient-:ds36:)"></path></svg></div><div class="ds-c-rating__body"><span class="ds-c-rating__rating-content" aria-hidden="true">(88)</span></div></span></a></div></div></div></div><div class="pt__wrapper__bottom"><div class="pt__data-entry"></div><div class="pt__cost"><div data-testid="pt-retail-price-and-unit" class="pt__cost__retail-price__wrapper pt__cost__retail-price__wrapper--no-promo"><span class="pt__cost__retail-price" data-testid="pt-retail-price">£12.00</span><span data-testid="pt-unit-price" class="pt__cost__unit-price-per-measure">£3.03 / ltr</span></div></div></div></div><div class="pt__controls" data-testid="pt-control-buttons"><div class="pt-button"><button data-testid="add-button" aria-label="Add Peroni Nastro Azzurro 0.0% Alcohol Free Beer 12x330ml to trolley" class="ln-c-button ln-c-button--filled ln-c-button--full pt__add-button" type="button">Add</button></div></div></div></div><div class="pt__icons__fav"><div data-testid="fav_heart-tooltip" class="ln-c-tooltip"><div><button class="pt__icons__fav--cta" data-testid="favourite-icon-empty" aria-label="Add to favourites"><svg role="presentation" class="pt__icons__fav--icon-empty ln-c-icon" viewBox="0 0 24 24" xmlns="http://www.w3.org/2000/svg"><title>Favourites</title><path d="M12 9.04l-1.992-2.002a3.502 3.502 0 0 0-4.975-.003 3.579 3.579 0 0 0 .003 5.034l6.842 6.88a.17.17 0 0 0 .243 0l6.842-6.88a3.576 3.576 0 0 0 .003-5.034 3.505 3.505 0 0 0-4.975.003l-1.992 2.003zm0-2.836l.759-.755a5.505 5.505 0 0 1 7.625.176 5.576 5.576 0 0 1-.003 7.855l-6.842 6.88a2.17 2.17 0 0 1-3.08 0l-6.841-6.88a5.579 5.579 0 0 1-.003-7.855 5.502 5.502 0 0 1 7.625-.176l.76.755z" fill="currentColor"></path></svg></button></div><div aria-live="polite" aria-atomic="true" role="tooltip"></div></div></div></article></li><li class="pt-grid-item ln-o-grid__item ln-u-6/12@xs ln-u-1/3@sm ln-u-3/12@md ln-u-2/12@xl"><article data-testid="product-tile-8206304" class="ln-c-card pt pt-card"><div aria-hidden="true"><div class="product-details-title__tag"><span data-testid="nectar-price-label" class="promotional-tag--nectar">Nectar Price</span></div></div><div class="pt__content pt__content--with-header"><div class="pt__image-wrapper"><div><div class="pt-image__ribbon-wrapper"><a href="https://www.sainsburys.co.uk/gol-ui/product/brewdog-juice-shack-session-neipa-4x330ml" class="pt-image pt-image__link" tabindex="-1" aria-hidden="true"><picture><source srcset="https://assets.sainsburys-groceries.co.uk/gol/8206304/image.webp" type="image/webp"><source srcset="https://assets.sainsburys-groceries.co.uk/gol/8206304/image.jpg" type="image/jpeg"><img title="BrewDog Juice Shack Session Neipa 4x330ml" src="https://assets.sainsburys-groceries.co.uk/gol/8206304/image.jpg" alt="BrewDog Juice Shack Session Neipa 4x330ml" aria-hidden="true" data-testid="pt-image"></picture></a></div></div><div data-testid="citrus-label"><div data-testid="product-header" class="product-header product-header--citrus" aria-hidden="true">Featured</div></div></div><div class="pt__wrapper"><div class="pt__wrapper-inner"><div class="pt__wrapper__top"><div class="pt__info"><div class="product-description-box"><div><h2 class="pt__info__description" data-testid="product-tile-description"><a href="https://www.sainsburys.co.uk/gol-ui/product/brewdog-juice-shack-session-neipa-4x330ml" class="pt__link" title="BrewDog Juice Shack Session Neipa 4x330ml" aria-label="Nectar Price, Featured, BrewDog Juice Shack Session Neipa 4x330ml">BrewDog Juice Shack Session Neipa 4x330ml</a></h2></div></div></div><div class="pt__badges"><div class="pd__shortmeta__item"><div class="pd__label" aria-label="New" style="border: 1px solid rgb(0, 169, 207); color: rgb(0, 169, 207);">New</div></div></div></div><div class="pt__wrapper__bottom"><div class="pt__data-entry"></div><div class="pt__cost"><div class="pt__cost__contextual--wrapper" data-testid="whole-contextual-price"><span data-testid="contextual-price" class="pt__cost__contextual pt__cost__contextual--with-nectar-not-associated"><span class="pt__cost--price" data-testid="contextual-price-text">£5.25</span></span><span data-testid="text-with-nectar" class="pt__with-or-without-nectar">with Nectar</span></div><div data-testid="pt-retail-price-and-unit" class="pt__cost__retail-price__wrapper"><span class="pt__cost__retail-price pt__cost__retail-price--with-nectar-not-associated" data-testid="pt-retail-price">£6.25</span><span data-testid="pt-unit-price" class="pt__cost__unit-price-per-measure">£4.73 / ltr</span></div></div></div></div><div class="pt__controls" data-testid="pt-control-buttons"><div class="pt-button"><button data-testid="add-button" aria-label="Add BrewDog Juice Shack Session Neipa 4x330ml to trolley" class="ln-c-button ln-c-button--filled ln-c-button--full pt__add-button" type="button">Add</button></div></div></div></div><div class="pt__icons__fav"><div data-testid="fav_heart-tooltip" class="ln-c-tooltip"><div><button class="pt__icons__fav--cta" data-testid="favourite-icon-empty" aria-label="Add to favourites"><svg role="presentation" class="pt__icons__fav--icon-empty ln-c-icon" viewBox="0 0 24 24" xmlns="http://www.w3.org/2000/svg"><title>Favourites</title><path d="M12 9.04l-1.992-2.002a3.502 3.502 0 0 0-4.975-.003 3.579 3.579 0 0 0 .003 5.034l6.842 6.88a.17.17 0 0 0 .243 0l6.842-6.88a3.576 3.576 0 0 0 .003-5.034 3.505 3.505 0 0 0-4.975.003l-1.992 2.003zm0-2.836l.759-.755a5.505 5.505 0 0 1 7.625.176 5.576 5.576 0 0 1-.003 7.855l-6.842 6.88a2.17 2.17 0 0 1-3.08 0l-6.841-6.88a5.579 5.579 0 0 1-.003-7.855 5.502 5.502 0 0 1 7.625-.176l.76.755z" fill="currentColor"></path></svg></button></div><div aria-live="polite" aria-atomic="true" role="tooltip"></div></div></div></article></li><li data-variant="ESPOT" class="pt-grid-item ln-o-grid__item ln-u-12/12@xs ln-u-12/12@sm ln-u-6/12@md ln-u-4/12@xl"><div class="ln-c-card pt-espot ln-c-card--soft"><iframe id="espot-NZ_Search_Responsive_Grid_1_By_SearchTerm" src="javascript:" data-testid="espot" title="Additional content" class="espot" style="height: 100%;"></iframe></div></li><li class="pt-grid-item ln-o-grid__item ln-u-6/12@xs ln-u-1/3@sm ln-u-3/12@md ln-u-2/12@xl"><article data-testid="product-tile-7746983" class="ln-c-card pt pt-card"><div aria-hidden="true"></div><div class="pt__content"><div class="pt__image-wrapper"><div><div class="pt-image__ribbon-wrapper"><a href="https://www.sainsburys.co.uk/gol-ui/product/corona-18x330ml" class="pt-image pt-image__link" tabindex="-1" aria-hidden="true"><picture><source srcset="https://assets.sainsburys-groceries.co.uk/gol/7746983/image.webp" type="image/webp"><source srcset="https://assets.sainsburys-groceries.co.uk/gol/7746983/image.jpg" type="image/jpeg"><img title="Corona Extra Premium Lager Beer bottles 18x330ml" src="https://assets.sainsburys-groceries.co.uk/gol/7746983/image.jpg" alt="Corona Extra Premium Lager Beer bottles 18x330ml" aria-hidden="true" data-testid="pt-image"></picture></a></div></div><div class="product-header product-header--citrus">&nbsp;</div></div><div class="pt__wrapper"><div class="pt__wrapper-inner"><div class="pt__wrapper__top"><div class="pt__info"><div class="product-description-box"><div><h2 class="pt__info__description" data-testid="product-tile-description"><a href="https://www.sainsburys.co.uk/gol-ui/product/corona-18x330ml" class="pt__link" title="Corona Extra Premium Lager Beer bottles 18x330ml" aria-label="Corona Extra Premium Lager Beer bottles 18x330ml">Corona Extra Premium Lager Beer bottles 18x330ml</a></h2></div></div><div class="star-rating-container"><div><a href="https://www.sainsburys.co.uk/gol-ui/product/corona-18x330ml" class="star-rating-link" data-testid="star-rating" aria-label="4 out of 5, 27 reviews"><span class="ds-c-rating ds-c-rating--primary ds-c-rating--md" data-testid="review-count" data-pkgid="@sainsburys-tech/fable-3.53.0-rating"><div class="ds-c-rating__stars" role="img" title="Rating 4 out of 5" aria-label="Rating 4 out of 5, from 27 reviews"><svg fill="none" xmlns="http://www.w3.org/2000/svg" viewBox="0 0 24 24" role="img" aria-hidden="true"><defs><linearGradient id="star-gradient-:ds37:" x1="0" y1="0" x2="1" y2="0"><stop offset="100%"></stop><stop offset="0%"></stop></linearGradient></defs><path d="M11.613 18.413 7.473 20.7a.8.8 0 0 1-1.177-.828l.802-4.987a.801.801 0 0 0-.215-.685l-3.457-3.57a.802.802 0 0 1 .452-1.348l4.711-.732a.8.8 0 0 0 .602-.45l2.084-4.44a.8.8 0 0 1 1.45 0l2.084 4.44a.8.8 0 0 0 .602.45l4.711.732a.801.801 0 0 1 .452 1.349l-3.457 3.57a.8.8 0 0 0-.215.684l.801 4.987a.8.8 0 0 1-1.177.828l-4.14-2.287a.8.8 0 0 0-.773 0Z" fill="url(#star-gradient-:ds37:)"></path></svg><svg fill="none" xmlns="http://www.w3.org/2000/svg" viewBox="0 0 24 24" role="img" aria-hidden="true"><defs><linearGradient id="star-gradient-:ds38:" x1="0" y1="0" x2="1" y2="0"><stop offset="100%"></stop><stop offset="0%"></stop></linearGradient></defs><path d="M11.613 18.413 7.473 20.7a.8.8 0 0 1-1.177-.828l.802-4.987a.801.801 0 0 0-.215-.685l-3.457-3.57a.802.802 0 0 1 .452-1.348l4.711-.732a.8.8 0 0 0 .602-.45l2.084-4.44a.8.8 0 0 1 1.45 0l2.084 4.44a.8.8 0 0 0 .602.45l4.711.732a.801.801 0 0 1 .452 1.349l-3.457 3.57a.8.8 0 0 0-.215.684l.801 4.987a.8.8 0 0 1-1.177.828l-4.14-2.287a.8.8 0 0 0-.773 0Z" fill="url(#star-gradient-:ds38:)"></path></svg><svg fill="none" xmlns="http://www.w3.org/2000/svg" viewBox="0 0 24 24" role="img" aria-hidden="true"><defs><linearGradient id="star-gradient-:ds39:" x1="0" y1="0" x2="1" y2="0"><stop offset="100%"></stop><stop offset="0%"></stop></linearGradient></defs><path d="M11.613 18.413 7.473 20.7a.8.8 0 0 1-1.177-.828l.802-4.987a.801.801 0 0 0-.215-.685l-3.457-3.57a.802.802 0 0 1 .452-1.348l4.711-.732a.8.8 0 0 0 .602-.45l2.084-4.44a.8.8 0 0 1 1.45 0l2.084 4.44a.8.8 0 0 0 .602.45l4.711.732a.801.801 0 0 1 .452 1.349l-3.457 3.57a.8.8 0 0 0-.215.684l.801 4.987a.8.8 0 0 1-1.177.828l-4.14-2.287a.8.8 0 0 0-.773 0Z" fill="url(#star-gradient-:ds39:)"></path></svg><svg fill="none" xmlns="http://www.w3.org/2000/svg" viewBox="0 0 24 24" role="img" aria-hidden="true"><defs><linearGradient id="star-gradient-:ds40:" x1="0" y1="0" x2="1" y2="0"><stop offset="96.30000000000001%"></stop><stop offset="0%"></stop></linearGradient></defs><path d="M11.613 18.413 7.473 20.7a.8.8 0 0 1-1.177-.828l.802-4.987a.801.801 0 0 0-.215-.685l-3.457-3.57a.802.802 0 0 1 .452-1.348l4.711-.732a.8.8 0 0 0 .602-.45l2.084-4.44a.8.8 0 0 1 1.45 0l2.084 4.44a.8.8 0 0 0 .602.45l4.711.732a.801.801 0 0 1 .452 1.349l-3.457 3.57a.8.8 0 0 0-.215.684l.801 4.987a.8.8 0 0 1-1.177.828l-4.14-2.287a.8.8 0 0 0-.773 0Z" fill="url(#star-gradient-:ds40:)"></path></svg><svg fill="none" xmlns="http://www.w3.org/2000/svg" viewBox="0 0 24 24" role="img" aria-hidden="true"><defs><linearGradient id="star-gradient-:ds41:" x1="0" y1="0" x2="1" y2="0"><stop offset="0%"></stop><stop offset="0%"></stop></linearGradient></defs><path d="M11.613 18.413 7.473 20.7a.8.8 0 0 1-1.177-.828l.802-4.987a.801.801 0 0 0-.215-.685l-3.457-3.57a.802.802 0 0 1 .452-1.348l4.711-.732a.8.8 0 0 0 .602-.45l2.084-4.44a.8.8 0 0 1 1.45 0l2.084 4.44a.8.8 0 0 0 .602.45l4.711.732a.801.801 0 0 1 .452 1.349l-3.457 3.57a.8.8 0 0 0-.215.684l.801 4.987a.8.8 0 0 1-1.177.828l-4.14-2.287a.8.8 0 0 0-.773 0Z" fill="url(#star-gradient-:ds41:)"></path></svg></div><div class="ds-c-rating__body"><span class="ds-c-rating__rating-content" aria-hidden="true">(27)</span></div></span></a></div></div></div></div><div class="pt__wrapper__bottom"><div class="pt__data-entry"></div><div class="pt__cost"><div data-testid="pt-retail-price-and-unit" class="pt__cost__retail-price__wrapper pt__cost__retail-price__wrapper--no-promo"><span class="pt__cost__retail-price" data-testid="pt-retail-price">£18.75</span><span data-testid="pt-unit-price" class="pt__cost__unit-price-per-measure">£3.16 / ltr</span></div></div></div></div><div class="pt__controls" data-testid="pt-control-buttons"><div class="pt-button"><button data-testid="add-button" aria-label="Add Corona Extra Premium Lager Beer bottles 18x330ml to trolley" class="ln-c-button ln-c-button--filled ln-c-button--full pt__add-button" type="button">Add</button></div></div></div></div><div class="pt__icons__fav"><div data-testid="fav_heart-tooltip" class="ln-c-tooltip"><div><button class="pt__icons__fav--cta" data-testid="favourite-icon-empty" aria-label="Add to favourites"><svg role="presentation" class="pt__icons__fav--icon-empty ln-c-icon" viewBox="0 0 24 24" xmlns="http://www.w3.org/2000/svg"><title>Favourites</title><path d="M12 9.04l-1.992-2.002a3.502 3.502 0 0 0-4.975-.003 3.579 3.579 0 0 0 .003 5.034l6.842 6.88a.17.17 0 0 0 .243 0l6.842-6.88a3.576 3.576 0 0 0 .003-5.034 3.505 3.505 0 0 0-4.975.003l-1.992 2.003zm0-2.836l.759-.755a5.505 5.505 0 0 1 7.625.176 5.576 5.576 0 0 1-.003 7.855l-6.842 6.88a2.17 2.17 0 0 1-3.08 0l-6.841-6.88a5.579 5.579 0 0 1-.003-7.855 5.502 5.502 0 0 1 7.625-.176l.76.755z" fill="currentColor"></path></svg></button></div><div aria-live="polite" aria-atomic="true" role="tooltip"></div></div></div></article></li><li class="pt-grid-item ln-o-grid__item ln-u-6/12@xs ln-u-1/3@sm ln-u-3/12@md ln-u-2/12@xl"><article data-testid="product-tile-7796813" class="ln-c-card pt pt-card"><div aria-hidden="true"></div><div class="pt__content pt__content--with-header"><div class="pt__image-wrapper"><div><div class="pt-image__ribbon-wrapper"><a href="https://www.sainsburys.co.uk/gol-ui/product/birra-moretti-12x330ml" class="pt-image pt-image__link" tabindex="-1" aria-hidden="true"><picture><source srcset="https://assets.sainsburys-groceries.co.uk/gol/7796813/image.webp" type="image/webp"><source srcset="https://assets.sainsburys-groceries.co.uk/gol/7796813/image.jpg" type="image/jpeg"><img title="Birra Moretti Lager Beer Bottles 12x330ml" src="https://assets.sainsburys-groceries.co.uk/gol/7796813/image.jpg" alt="Birra Moretti Lager Beer Bottles 12x330ml" aria-hidden="true" data-testid="pt-image"></picture></a></div></div><div data-testid="citrus-label"><div data-testid="product-header" class="product-header product-header--citrus" aria-hidden="true">Sponsored</div></div></div><div class="pt__wrapper"><div class="pt__wrapper-inner"><div class="pt__wrapper__top"><div class="pt__info"><div class="product-description-box"><div><h2 class="pt__info__description" data-testid="product-tile-description"><a href="https://www.sainsburys.co.uk/gol-ui/product/birra-moretti-12x330ml" class="pt__link" title="Birra Moretti Lager Beer Bottles 12x330ml" aria-label="Sponsored, Birra Moretti Lager Beer Bottles 12x330ml">Birra Moretti Lager Beer Bottles 12x330ml</a></h2></div></div><div class="star-rating-container"><div><a href="https://www.sainsburys.co.uk/gol-ui/product/birra-moretti-12x330ml" class="star-rating-link" data-testid="star-rating" aria-label="4.1 out of 5, 73 reviews"><span class="ds-c-rating ds-c-rating--primary ds-c-rating--md" data-testid="review-count" data-pkgid="@sainsburys-tech/fable-3.53.0-rating"><div class="ds-c-rating__stars" role="img" title="Rating 4.1 out of 5" aria-label="Rating 4.1 out of 5, from 73 reviews"><svg fill="none" xmlns="http://www.w3.org/2000/svg" viewBox="0 0 24 24" role="img" aria-hidden="true"><defs><linearGradient id="star-gradient-:ds42:" x1="0" y1="0" x2="1" y2="0"><stop offset="100%"></stop><stop offset="0%"></stop></linearGradient></defs><path d="M11.613 18.413 7.473 20.7a.8.8 0 0 1-1.177-.828l.802-4.987a.801.801 0 0 0-.215-.685l-3.457-3.57a.802.802 0 0 1 .452-1.348l4.711-.732a.8.8 0 0 0 .602-.45l2.084-4.44a.8.8 0 0 1 1.45 0l2.084 4.44a.8.8 0 0 0 .602.45l4.711.732a.801.801 0 0 1 .452 1.349l-3.457 3.57a.8.8 0 0 0-.215.684l.801 4.987a.8.8 0 0 1-1.177.828l-4.14-2.287a.8.8 0 0 0-.773 0Z" fill="url(#star-gradient-:ds42:)"></path></svg><svg fill="none" xmlns="http://www.w3.org/2000/svg" viewBox="0 0 24 24" role="img" aria-hidden="true"><defs><linearGradient id="star-gradient-:ds43:" x1="0" y1="0" x2="1" y2="0"><stop offset="100%"></stop><stop offset="0%"></stop></linearGradient></defs><path d="M11.613 18.413 7.473 20.7a.8.8 0 0 1-1.177-.828l.802-4.987a.801.801 0 0 0-.215-.685l-3.457-3.57a.802.802 0 0 1 .452-1.348l4.711-.732a.8.8 0 0 0 .602-.45l2.084-4.44a.8.8 0 0 1 1.45 0l2.084 4.44a.8.8 0 0 0 .602.45l4.711.732a.801.801 0 0 1 .452 1.349l-3.457 3.57a.8.8 0 0 0-.215.684l.801 4.987a.8.8 0 0 1-1.177.828l-4.14-2.287a.8.8 0 0 0-.773 0Z" fill="url(#star-gradient-:ds43:)"></path></svg><svg fill="none" xmlns="http://www.w3.org/2000/svg" viewBox="0 0 24 24" role="img" aria-hidden="true"><defs><linearGradient id="star-gradient-:ds44:" x1="0" y1="0" x2="1" y2="0"><stop offset="100%"></stop><stop offset="0%"></stop></linearGradient></defs><path d="M11.613 18.413 7.473 20.7a.8.8 0 0 1-1.177-.828l.802-4.987a.801.801 0 0 0-.215-.685l-3.457-3.57a.802.802 0 0 1 .452-1.348l4.711-.732a.8.8 0 0 0 .602-.45l2.084-4.44a.8.8 0 0 1 1.45 0l2.084 4.44a.8.8 0 0 0 .602.45l4.711.732a.801.801 0 0 1 .452 1.349l-3.457 3.57a.8.8 0 0 0-.215.684l.801 4.987a.8.8 0 0 1-1.177.828l-4.14-2.287a.8.8 0 0 0-.773 0Z" fill="url(#star-gradient-:ds44:)"></path></svg><svg fill="none" xmlns="http://www.w3.org/2000/svg" viewBox="0 0 24 24" role="img" aria-hidden="true"><defs><linearGradient id="star-gradient-:ds45:" x1="0" y1="0" x2="1" y2="0"><stop offset="100%"></stop><stop offset="0%"></stop></linearGradient></defs><path d="M11.613 18.413 7.473 20.7a.8.8 0 0 1-1.177-.828l.802-4.987a.801.801 0 0 0-.215-.685l-3.457-3.57a.802.802 0 0 1 .452-1.348l4.711-.732a.8.8 0 0 0 .602-.45l2.084-4.44a.8.8 0 0 1 1.45 0l2.084 4.44a.8.8 0 0 0 .602.45l4.711.732a.801.801 0 0 1 .452 1.349l-3.457 3.57a.8.8 0 0 0-.215.684l.801 4.987a.8.8 0 0 1-1.177.828l-4.14-2.287a.8.8 0 0 0-.773 0Z" fill="url(#star-gradient-:ds45:)"></path></svg><svg fill="none" xmlns="http://www.w3.org/2000/svg" viewBox="0 0 24 24" role="img" aria-hidden="true"><defs><linearGradient id="star-gradient-:ds46:" x1="0" y1="0" x2="1" y2="0"><stop offset="10.960000000000036%"></stop><stop offset="0%"></stop></linearGradient></defs><path d="M11.613 18.413 7.473 20.7a.8.8 0 0 1-1.177-.828l.802-4.987a.801.801 0 0 0-.215-.685l-3.457-3.57a.802.802 0 0 1 .452-1.348l4.711-.732a.8.8 0 0 0 .602-.45l2.084-4.44a.8.8 0 0 1 1.45 0l2.084 4.44a.8.8 0 0 0 .602.45l4.711.732a.801.801 0 0 1 .452 1.349l-3.457 3.57a.8.8 0 0 0-.215.684l.801 4.987a.8.8 0 0 1-1.177.828l-4.14-2.287a.8.8 0 0 0-.773 0Z" fill="url(#star-gradient-:ds46:)"></path></svg></div><div class="ds-c-rating__body"><span class="ds-c-rating__rating-content" aria-hidden="true">(73)</span></div></span></a></div></div></div></div><div class="pt__wrapper__bottom"><div class="pt__data-entry"></div><div class="pt__cost"><div data-testid="pt-retail-price-and-unit" class="pt__cost__retail-price__wrapper pt__cost__retail-price__wrapper--no-promo"><span class="pt__cost__retail-price" data-testid="pt-retail-price">£17.00</span><span data-testid="pt-unit-price" class="pt__cost__unit-price-per-measure">£4.29 / ltr</span></div></div></div></div><div class="pt__controls" data-testid="pt-control-buttons"><div class="pt-button"><button data-testid="add-button" aria-label="Add Birra Moretti Lager Beer Bottles 12x330ml to trolley" class="ln-c-button ln-c-button--filled ln-c-button--full pt__add-button" type="button">Add</button></div></div></div></div><div class="pt__icons__fav"><div data-testid="fav_heart-tooltip" class="ln-c-tooltip"><div><button class="pt__icons__fav--cta" data-testid="favourite-icon-empty" aria-label="Add to favourites"><svg role="presentation" class="pt__icons__fav--icon-empty ln-c-icon" viewBox="0 0 24 24" xmlns="http://www.w3.org/2000/svg"><title>Favourites</title><path d="M12 9.04l-1.992-2.002a3.502 3.502 0 0 0-4.975-.003 3.579 3.579 0 0 0 .003 5.034l6.842 6.88a.17.17 0 0 0 .243 0l6.842-6.88a3.576 3.576 0 0 0 .003-5.034 3.505 3.505 0 0 0-4.975.003l-1.992 2.003zm0-2.836l.759-.755a5.505 5.505 0 0 1 7.625.176 5.576 5.576 0 0 1-.003 7.855l-6.842 6.88a2.17 2.17 0 0 1-3.08 0l-6.841-6.88a5.579 5.579 0 0 1-.003-7.855 5.502 5.502 0 0 1 7.625-.176l.76.755z" fill="currentColor"></path></svg></button></div><div aria-live="polite" aria-atomic="true" role="tooltip"></div></div></div></article></li><li class="pt-grid-item ln-o-grid__item ln-u-6/12@xs ln-u-1/3@sm ln-u-3/12@md ln-u-2/12@xl"><article data-testid="product-tile-7910070" class="ln-c-card pt pt-card"><div aria-hidden="true"><div class="product-details-title__tag"><span data-testid="nectar-price-label" class="promotional-tag--nectar">Nectar Price</span></div></div><div class="pt__content"><div class="pt__image-wrapper"><div><div class="pt-image__ribbon-wrapper"><a href="https://www.sainsburys.co.uk/gol-ui/product/fosters-lager-18x440ml" class="pt-image pt-image__link" tabindex="-1" aria-hidden="true"><picture><source srcset="https://assets.sainsburys-groceries.co.uk/gol/7910070/image.webp" type="image/webp"><source srcset="https://assets.sainsburys-groceries.co.uk/gol/7910070/image.jpg" type="image/jpeg"><img title="Foster's Lager Beer Cans 18x440ml" src="https://assets.sainsburys-groceries.co.uk/gol/7910070/image.jpg" alt="Foster's Lager Beer Cans 18x440ml" aria-hidden="true" data-testid="pt-image"></picture></a></div></div><div class="product-header product-header--citrus">&nbsp;</div></div><div class="pt__wrapper"><div class="pt__wrapper-inner"><div class="pt__wrapper__top"><div class="pt__info"><div class="product-description-box"><div><h2 class="pt__info__description" data-testid="product-tile-description"><a href="https://www.sainsburys.co.uk/gol-ui/product/fosters-lager-18x440ml" class="pt__link" title="Foster's Lager Beer Cans 18x440ml" aria-label="Nectar Price, Foster's Lager Beer Cans 18x440ml">Foster's Lager Beer Cans 18x440ml</a></h2></div></div><div class="star-rating-container"><div><a href="https://www.sainsburys.co.uk/gol-ui/product/fosters-lager-18x440ml" class="star-rating-link" data-testid="star-rating" aria-label="4.2 out of 5, 94 reviews"><span class="ds-c-rating ds-c-rating--primary ds-c-rating--md" data-testid="review-count" data-pkgid="@sainsburys-tech/fable-3.53.0-rating"><div class="ds-c-rating__stars" role="img" title="Rating 4.2 out of 5" aria-label="Rating 4.2 out of 5, from 94 reviews"><svg fill="none" xmlns="http://www.w3.org/2000/svg" viewBox="0 0 24 24" role="img" aria-hidden="true"><defs><linearGradient id="star-gradient-:ds47:" x1="0" y1="0" x2="1" y2="0"><stop offset="100%"></stop><stop offset="0%"></stop></linearGradient></defs><path d="M11.613 18.413 7.473 20.7a.8.8 0 0 1-1.177-.828l.802-4.987a.801.801 0 0 0-.215-.685l-3.457-3.57a.802.802 0 0 1 .452-1.348l4.711-.732a.8.8 0 0 0 .602-.45l2.084-4.44a.8.8 0 0 1 1.45 0l2.084 4.44a.8.8 0 0 0 .602.45l4.711.732a.801.801 0 0 1 .452 1.349l-3.457 3.57a.8.8 0 0 0-.215.684l.801 4.987a.8.8 0 0 1-1.177.828l-4.14-2.287a.8.8 0 0 0-.773 0Z" fill="url(#star-gradient-:ds47:)"></path></svg><svg fill="none" xmlns="http://www.w3.org/2000/svg" viewBox="0 0 24 24" role="img" aria-hidden="true"><defs><linearGradient id="star-gradient-:ds48:" x1="0" y1="0" x2="1" y2="0"><stop offset="100%"></stop><stop offset="0%"></stop></linearGradient></defs><path d="M11.613 18.413 7.473 20.7a.8.8 0 0 1-1.177-.828l.802-4.987a.801.801 0 0 0-.215-.685l-3.457-3.57a.802.802 0 0 1 .452-1.348l4.711-.732a.8.8 0 0 0 .602-.45l2.084-4.44a.8.8 0 0 1 1.45 0l2.084 4.44a.8.8 0 0 0 .602.45l4.711.732a.801.801 0 0 1 .452 1.349l-3.457 3.57a.8.8 0 0 0-.215.684l.801 4.987a.8.8 0 0 1-1.177.828l-4.14-2.287a.8.8 0 0 0-.773 0Z" fill="url(#star-gradient-:ds48:)"></path></svg><svg fill="none" xmlns="http://www.w3.org/2000/svg" viewBox="0 0 24 24" role="img" aria-hidden="true"><defs><linearGradient id="star-gradient-:ds49:" x1="0" y1="0" x2="1" y2="0"><stop offset="100%"></stop><stop offset="0%"></stop></linearGradient></defs><path d="M11.613 18.413 7.473 20.7a.8.8 0 0 1-1.177-.828l.802-4.987a.801.801 0 0 0-.215-.685l-3.457-3.57a.802.802 0 0 1 .452-1.348l4.711-.732a.8.8 0 0 0 .602-.45l2.084-4.44a.8.8 0 0 1 1.45 0l2.084 4.44a.8.8 0 0 0 .602.45l4.711.732a.801.801 0 0 1 .452 1.349l-3.457 3.57a.8.8 0 0 0-.215.684l.801 4.987a.8.8 0 0 1-1.177.828l-4.14-2.287a.8.8 0 0 0-.773 0Z" fill="url(#star-gradient-:ds49:)"></path></svg><svg fill="none" xmlns="http://www.w3.org/2000/svg" viewBox="0 0 24 24" role="img" aria-hidden="true"><defs><linearGradient id="star-gradient-:ds50:" x1="0" y1="0" x2="1" y2="0"><stop offset="100%"></stop><stop offset="0%"></stop></linearGradient></defs><path d="M11.613 18.413 7.473 20.7a.8.8 0 0 1-1.177-.828l.802-4.987a.801.801 0 0 0-.215-.685l-3.457-3.57a.802.802 0 0 1 .452-1.348l4.711-.732a.8.8 0 0 0 .602-.45l2.084-4.44a.8.8 0 0 1 1.45 0l2.084 4.44a.8.8 0 0 0 .602.45l4.711.732a.801.801 0 0 1 .452 1.349l-3.457 3.57a.8.8 0 0 0-.215.684l.801 4.987a.8.8 0 0 1-1.177.828l-4.14-2.287a.8.8 0 0 0-.773 0Z" fill="url(#star-gradient-:ds50:)"></path></svg><svg fill="none" xmlns="http://www.w3.org/2000/svg" viewBox="0 0 24 24" role="img" aria-hidden="true"><defs><linearGradient id="star-gradient-:ds51:" x1="0" y1="0" x2="1" y2="0"><stop offset="23.4%"></stop><stop offset="0%"></stop></linearGradient></defs><path d="M11.613 18.413 7.473 20.7a.8.8 0 0 1-1.177-.828l.802-4.987a.801.801 0 0 0-.215-.685l-3.457-3.57a.802.802 0 0 1 .452-1.348l4.711-.732a.8.8 0 0 0 .602-.45l2.084-4.44a.8.8 0 0 1 1.45 0l2.084 4.44a.8.8 0 0 0 .602.45l4.711.732a.801.801 0 0 1 .452 1.349l-3.457 3.57a.8.8 0 0 0-.215.684l.801 4.987a.8.8 0 0 1-1.177.828l-4.14-2.287a.8.8 0 0 0-.773 0Z" fill="url(#star-gradient-:ds51:)"></path></svg></div><div class="ds-c-rating__body"><span class="ds-c-rating__rating-content" aria-hidden="true">(94)</span></div></span></a></div></div></div></div><div class="pt__wrapper__bottom"><div class="pt__data-entry"></div><div class="pt__cost"><div class="pt__cost__contextual--wrapper" data-testid="whole-contextual-price"><span data-testid="contextual-price" class="pt__cost__contextual pt__cost__contextual--with-nectar-not-associated"><span class="pt__cost--price" data-testid="contextual-price-text">£12.00</span></span><span data-testid="text-with-nectar" class="pt__with-or-without-nectar">with Nectar</span></div><div data-testid="pt-retail-price-and-unit" class="pt__cost__retail-price__wrapper"><span class="pt__cost__retail-price pt__cost__retail-price--with-nectar-not-associated" data-testid="pt-retail-price">£15.00</span><span data-testid="pt-unit-price" class="pt__cost__unit-price-per-measure">£1.89 / ltr</span></div></div></div></div><div class="pt__controls" data-testid="pt-control-buttons"><div class="pt-button"><button data-testid="add-button" aria-label="Add Foster's Lager Beer Cans 18x440ml to trolley" class="ln-c-button ln-c-button--filled ln-c-button--full pt__add-button" type="button">Add</button></div></div></div></div><div class="pt__icons__fav"><div data-testid="fav_heart-tooltip" class="ln-c-tooltip"><div><button class="pt__icons__fav--cta" data-testid="favourite-icon-empty" aria-label="Add to favourites"><svg role="presentation" class="pt__icons__fav--icon-empty ln-c-icon" viewBox="0 0 24 24" xmlns="http://www.w3.org/2000/svg"><title>Favourites</title><path d="M12 9.04l-1.992-2.002a3.502 3.502 0 0 0-4.975-.003 3.579 3.579 0 0 0 .003 5.034l6.842 6.88a.17.17 0 0 0 .243 0l6.842-6.88a3.576 3.576 0 0 0 .003-5.034 3.505 3.505 0 0 0-4.975.003l-1.992 2.003zm0-2.836l.759-.755a5.505 5.505 0 0 1 7.625.176 5.576 5.576 0 0 1-.003 7.855l-6.842 6.88a2.17 2.17 0 0 1-3.08 0l-6.841-6.88a5.579 5.579 0 0 1-.003-7.855 5.502 5.502 0 0 1 7.625-.176l.76.755z" fill="currentColor"></path></svg></button></div><div aria-live="polite" aria-atomic="true" role="tooltip"></div></div></div></article></li><li class="pt-grid-item ln-o-grid__item ln-u-6/12@xs ln-u-1/3@sm ln-u-3/12@md ln-u-2/12@xl"><article data-testid="product-tile-7376852" class="ln-c-card pt pt-card"><div aria-hidden="true"></div><div class="pt__content"><div class="pt__image-wrapper"><div><div class="pt-image__ribbon-wrapper"><a href="https://www.sainsburys.co.uk/gol-ui/product/stella-artois-premium-lager-beer-cans-18x440ml" class="pt-image pt-image__link" tabindex="-1" aria-hidden="true"><picture><source srcset="https://assets.sainsburys-groceries.co.uk/gol/7376852/image.webp" type="image/webp"><source srcset="https://assets.sainsburys-groceries.co.uk/gol/7376852/image.jpg" type="image/jpeg"><img title="Stella Artois Premium Lager Beer Cans 18x440ml" src="https://assets.sainsburys-groceries.co.uk/gol/7376852/image.jpg" alt="Stella Artois Premium Lager Beer Cans 18x440ml" aria-hidden="true" data-testid="pt-image"></picture></a></div></div><div class="product-header product-header--citrus">&nbsp;</div></div><div class="pt__wrapper"><div class="pt__wrapper-inner"><div class="pt__wrapper__top"><div class="pt__info"><div class="product-description-box"><div><h2 class="pt__info__description" data-testid="product-tile-description"><a href="https://www.sainsburys.co.uk/gol-ui/product/stella-artois-premium-lager-beer-cans-18x440ml" class="pt__link" title="Stella Artois Premium Lager Beer Cans 18x440ml" aria-label="Stella Artois Premium Lager Beer Cans 18x440ml">Stella Artois Premium Lager Beer Cans 18x440ml</a></h2></div></div><div class="star-rating-container"><div><a href="https://www.sainsburys.co.uk/gol-ui/product/stella-artois-premium-lager-beer-cans-18x440ml" class="star-rating-link" data-testid="star-rating" aria-label="3.2 out of 5, 95 reviews"><span class="ds-c-rating ds-c-rating--primary ds-c-rating--md" data-testid="review-count" data-pkgid="@sainsburys-tech/fable-3.53.0-rating"><div class="ds-c-rating__stars" role="img" title="Rating 3.2 out of 5" aria-label="Rating 3.2 out of 5, from 95 reviews"><svg fill="none" xmlns="http://www.w3.org/2000/svg" viewBox="0 0 24 24" role="img" aria-hidden="true"><defs><linearGradient id="star-gradient-:ds52:" x1="0" y1="0" x2="1" y2="0"><stop offset="100%"></stop><stop offset="0%"></stop></linearGradient></defs><path d="M11.613 18.413 7.473 20.7a.8.8 0 0 1-1.177-.828l.802-4.987a.801.801 0 0 0-.215-.685l-3.457-3.57a.802.802 0 0 1 .452-1.348l4.711-.732a.8.8 0 0 0 .602-.45l2.084-4.44a.8.8 0 0 1 1.45 0l2.084 4.44a.8.8 0 0 0 .602.45l4.711.732a.801.801 0 0 1 .452 1.349l-3.457 3.57a.8.8 0 0 0-.215.684l.801 4.987a.8.8 0 0 1-1.177.828l-4.14-2.287a.8.8 0 0 0-.773 0Z" fill="url(#star-gradient-:ds52:)"></path></svg><svg fill="none" xmlns="http://www.w3.org/2000/svg" viewBox="0 0 24 24" role="img" aria-hidden="true"><defs><linearGradient id="star-gradient-:ds53:" x1="0" y1="0" x2="1" y2="0"><stop offset="100%"></stop><stop offset="0%"></stop></linearGradient></defs><path d="M11.613 18.413 7.473 20.7a.8.8 0 0 1-1.177-.828l.802-4.987a.801.801 0 0 0-.215-.685l-3.457-3.57a.802.802 0 0 1 .452-1.348l4.711-.732a.8.8 0 0 0 .602-.45l2.084-4.44a.8.8 0 0 1 1.45 0l2.084 4.44a.8.8 0 0 0 .602.45l4.711.732a.801.801 0 0 1 .452 1.349l-3.457 3.57a.8.8 0 0 0-.215.684l.801 4.987a.8.8 0 0 1-1.177.828l-4.14-2.287a.8.8 0 0 0-.773 0Z" fill="url(#star-gradient-:ds53:)"></path></svg><svg fill="none" xmlns="http://www.w3.org/2000/svg" viewBox="0 0 24 24" role="img" aria-hidden="true"><defs><linearGradient id="star-gradient-:ds54:" x1="0" y1="0" x2="1" y2="0"><stop offset="100%"></stop><stop offset="0%"></stop></linearGradient></defs><path d="M11.613 18.413 7.473 20.7a.8.8 0 0 1-1.177-.828l.802-4.987a.801.801 0 0 0-.215-.685l-3.457-3.57a.802.802 0 0 1 .452-1.348l4.711-.732a.8.8 0 0 0 .602-.45l2.084-4.44a.8.8 0 0 1 1.45 0l2.084 4.44a.8.8 0 0 0 .602.45l4.711.732a.801.801 0 0 1 .452 1.349l-3.457 3.57a.8.8 0 0 0-.215.684l.801 4.987a.8.8 0 0 1-1.177.828l-4.14-2.287a.8.8 0 0 0-.773 0Z" fill="url(#star-gradient-:ds54:)"></path></svg><svg fill="none" xmlns="http://www.w3.org/2000/svg" viewBox="0 0 24 24" role="img" aria-hidden="true"><defs><linearGradient id="star-gradient-:ds55:" x1="0" y1="0" x2="1" y2="0"><stop offset="16.84000000000001%"></stop><stop offset="0%"></stop></linearGradient></defs><path d="M11.613 18.413 7.473 20.7a.8.8 0 0 1-1.177-.828l.802-4.987a.801.801 0 0 0-.215-.685l-3.457-3.57a.802.802 0 0 1 .452-1.348l4.711-.732a.8.8 0 0 0 .602-.45l2.084-4.44a.8.8 0 0 1 1.45 0l2.084 4.44a.8.8 0 0 0 .602.45l4.711.732a.801.801 0 0 1 .452 1.349l-3.457 3.57a.8.8 0 0 0-.215.684l.801 4.987a.8.8 0 0 1-1.177.828l-4.14-2.287a.8.8 0 0 0-.773 0Z" fill="url(#star-gradient-:ds55:)"></path></svg><svg fill="none" xmlns="http://www.w3.org/2000/svg" viewBox="0 0 24 24" role="img" aria-hidden="true"><defs><linearGradient id="star-gradient-:ds56:" x1="0" y1="0" x2="1" y2="0"><stop offset="0%"></stop><stop offset="0%"></stop></linearGradient></defs><path d="M11.613 18.413 7.473 20.7a.8.8 0 0 1-1.177-.828l.802-4.987a.801.801 0 0 0-.215-.685l-3.457-3.57a.802.802 0 0 1 .452-1.348l4.711-.732a.8.8 0 0 0 .602-.45l2.084-4.44a.8.8 0 0 1 1.45 0l2.084 4.44a.8.8 0 0 0 .602.45l4.711.732a.801.801 0 0 1 .452 1.349l-3.457 3.57a.8.8 0 0 0-.215.684l.801 4.987a.8.8 0 0 1-1.177.828l-4.14-2.287a.8.8 0 0 0-.773 0Z" fill="url(#star-gradient-:ds56:)"></path></svg></div><div class="ds-c-rating__body"><span class="ds-c-rating__rating-content" aria-hidden="true">(95)</span></div></span></a></div></div></div></div><div class="pt__wrapper__bottom"><div class="pt__data-entry"></div><div class="pt__cost"><div data-testid="pt-retail-price-and-unit" class="pt__cost__retail-price__wrapper pt__cost__retail-price__wrapper--no-promo"><span class="pt__cost__retail-price" data-testid="pt-retail-price">£18.00</span><span data-testid="pt-unit-price" class="pt__cost__unit-price-per-measure">£2.27 / ltr</span></div></div></div></div><div class="pt__controls" data-testid="pt-control-buttons"><div class="pt-button"><button data-testid="add-button" aria-label="Add Stella Artois Premium Lager Beer Cans 18x440ml to trolley" class="ln-c-button ln-c-button--filled ln-c-button--full pt__add-button" type="button">Add</button></div></div></div></div><div class="pt__icons__fav"><div data-testid="fav_heart-tooltip" class="ln-c-tooltip"><div><button class="pt__icons__fav--cta" data-testid="favourite-icon-empty" aria-label="Add to favourites"><svg role="presentation" class="pt__icons__fav--icon-empty ln-c-icon" viewBox="0 0 24 24" xmlns="http://www.w3.org/2000/svg"><title>Favourites</title><path d="M12 9.04l-1.992-2.002a3.502 3.502 0 0 0-4.975-.003 3.579 3.579 0 0 0 .003 5.034l6.842 6.88a.17.17 0 0 0 .243 0l6.842-6.88a3.576 3.576 0 0 0 .003-5.034 3.505 3.505 0 0 0-4.975.003l-1.992 2.003zm0-2.836l.759-.755a5.505 5.505 0 0 1 7.625.176 5.576 5.576 0 0 1-.003 7.855l-6.842 6.88a2.17 2.17 0 0 1-3.08 0l-6.841-6.88a5.579 5.579 0 0 1-.003-7.855 5.502 5.502 0 0 1 7.625-.176l.76.755z" fill="currentColor"></path></svg></button></div><div aria-live="polite" aria-atomic="true" role="tooltip"></div></div></div></article></li><li class="pt-grid-item ln-o-grid__item ln-u-6/12@xs ln-u-1/3@sm ln-u-3/12@md ln-u-2/12@xl"><article data-testid="product-tile-7982242" class="ln-c-card pt pt-card"><div aria-hidden="true"></div><div class="pt__content"><div class="pt__image-wrapper"><div><div class="pt-image__ribbon-wrapper"><a href="https://www.sainsburys.co.uk/gol-ui/product/budweiser-beer-limited-edition-15x440ml" class="pt-image pt-image__link" tabindex="-1" aria-hidden="true"><picture><source srcset="https://assets.sainsburys-groceries.co.uk/gol/7982242/image.webp" type="image/webp"><source srcset="https://assets.sainsburys-groceries.co.uk/gol/7982242/image.jpg" type="image/jpeg"><img title="Budweiser Lager Beer Cans 15x440ml" src="https://assets.sainsburys-groceries.co.uk/gol/7982242/image.jpg" alt="Budweiser Lager Beer Cans 15x440ml" aria-hidden="true" data-testid="pt-image"></picture></a></div></div><div class="product-header product-header--citrus">&nbsp;</div></div><div class="pt__wrapper"><div class="pt__wrapper-inner"><div class="pt__wrapper__top"><div class="pt__info"><div class="product-description-box"><div><h2 class="pt__info__description" data-testid="product-tile-description"><a href="https://www.sainsburys.co.uk/gol-ui/product/budweiser-beer-limited-edition-15x440ml" class="pt__link" title="Budweiser Lager Beer Cans 15x440ml" aria-label="Budweiser Lager Beer Cans 15x440ml">Budweiser Lager Beer Cans 15x440ml</a></h2></div></div><div class="star-rating-container"><div><a href="https://www.sainsburys.co.uk/gol-ui/product/budweiser-beer-limited-edition-15x440ml" class="star-rating-link" data-testid="star-rating" aria-label="4.4 out of 5, 48 reviews"><span class="ds-c-rating ds-c-rating--primary ds-c-rating--md" data-testid="review-count" data-pkgid="@sainsburys-tech/fable-3.53.0-rating"><div class="ds-c-rating__stars" role="img" title="Rating 4.4 out of 5" aria-label="Rating 4.4 out of 5, from 48 reviews"><svg fill="none" xmlns="http://www.w3.org/2000/svg" viewBox="0 0 24 24" role="img" aria-hidden="true"><defs><linearGradient id="star-gradient-:ds57:" x1="0" y1="0" x2="1" y2="0"><stop offset="100%"></stop><stop offset="0%"></stop></linearGradient></defs><path d="M11.613 18.413 7.473 20.7a.8.8 0 0 1-1.177-.828l.802-4.987a.801.801 0 0 0-.215-.685l-3.457-3.57a.802.802 0 0 1 .452-1.348l4.711-.732a.8.8 0 0 0 .602-.45l2.084-4.44a.8.8 0 0 1 1.45 0l2.084 4.44a.8.8 0 0 0 .602.45l4.711.732a.801.801 0 0 1 .452 1.349l-3.457 3.57a.8.8 0 0 0-.215.684l.801 4.987a.8.8 0 0 1-1.177.828l-4.14-2.287a.8.8 0 0 0-.773 0Z" fill="url(#star-gradient-:ds57:)"></path></svg><svg fill="none" xmlns="http://www.w3.org/2000/svg" viewBox="0 0 24 24" role="img" aria-hidden="true"><defs><linearGradient id="star-gradient-:ds58:" x1="0" y1="0" x2="1" y2="0"><stop offset="100%"></stop><stop offset="0%"></stop></linearGradient></defs><path d="M11.613 18.413 7.473 20.7a.8.8 0 0 1-1.177-.828l.802-4.987a.801.801 0 0 0-.215-.685l-3.457-3.57a.802.802 0 0 1 .452-1.348l4.711-.732a.8.8 0 0 0 .602-.45l2.084-4.44a.8.8 0 0 1 1.45 0l2.084 4.44a.8.8 0 0 0 .602.45l4.711.732a.801.801 0 0 1 .452 1.349l-3.457 3.57a.8.8 0 0 0-.215.684l.801 4.987a.8.8 0 0 1-1.177.828l-4.14-2.287a.8.8 0 0 0-.773 0Z" fill="url(#star-gradient-:ds58:)"></path></svg><svg fill="none" xmlns="http://www.w3.org/2000/svg" viewBox="0 0 24 24" role="img" aria-hidden="true"><defs><linearGradient id="star-gradient-:ds59:" x1="0" y1="0" x2="1" y2="0"><stop offset="100%"></stop><stop offset="0%"></stop></linearGradient></defs><path d="M11.613 18.413 7.473 20.7a.8.8 0 0 1-1.177-.828l.802-4.987a.801.801 0 0 0-.215-.685l-3.457-3.57a.802.802 0 0 1 .452-1.348l4.711-.732a.8.8 0 0 0 .602-.45l2.084-4.44a.8.8 0 0 1 1.45 0l2.084 4.44a.8.8 0 0 0 .602.45l4.711.732a.801.801 0 0 1 .452 1.349l-3.457 3.57a.8.8 0 0 0-.215.684l.801 4.987a.8.8 0 0 1-1.177.828l-4.14-2.287a.8.8 0 0 0-.773 0Z" fill="url(#star-gradient-:ds59:)"></path></svg><svg fill="none" xmlns="http://www.w3.org/2000/svg" viewBox="0 0 24 24" role="img" aria-hidden="true"><defs><linearGradient id="star-gradient-:ds60:" x1="0" y1="0" x2="1" y2="0"><stop offset="100%"></stop><stop offset="0%"></stop></linearGradient></defs><path d="M11.613 18.413 7.473 20.7a.8.8 0 0 1-1.177-.828l.802-4.987a.801.801 0 0 0-.215-.685l-3.457-3.57a.802.802 0 0 1 .452-1.348l4.711-.732a.8.8 0 0 0 .602-.45l2.084-4.44a.8.8 0 0 1 1.45 0l2.084 4.44a.8.8 0 0 0 .602.45l4.711.732a.801.801 0 0 1 .452 1.349l-3.457 3.57a.8.8 0 0 0-.215.684l.801 4.987a.8.8 0 0 1-1.177.828l-4.14-2.287a.8.8 0 0 0-.773 0Z" fill="url(#star-gradient-:ds60:)"></path></svg><svg fill="none" xmlns="http://www.w3.org/2000/svg" viewBox="0 0 24 24" role="img" aria-hidden="true"><defs><linearGradient id="star-gradient-:ds61:" x1="0" y1="0" x2="1" y2="0"><stop offset="39.58000000000004%"></stop><stop offset="0%"></stop></linearGradient></defs><path d="M11.613 18.413 7.473 20.7a.8.8 0 0 1-1.177-.828l.802-4.987a.801.801 0 0 0-.215-.685l-3.457-3.57a.802.802 0 0 1 .452-1.348l4.711-.732a.8.8 0 0 0 .602-.45l2.084-4.44a.8.8 0 0 1 1.45 0l2.084 4.44a.8.8 0 0 0 .602.45l4.711.732a.801.801 0 0 1 .452 1.349l-3.457 3.57a.8.8 0 0 0-.215.684l.801 4.987a.8.8 0 0 1-1.177.828l-4.14-2.287a.8.8 0 0 0-.773 0Z" fill="url(#star-gradient-:ds61:)"></path></svg></div><div class="ds-c-rating__body"><span class="ds-c-rating__rating-content" aria-hidden="true">(48)</span></div></span></a></div></div></div></div><div class="pt__wrapper__bottom"><div class="pt__data-entry"></div><div class="pt__cost"><div data-testid="pt-retail-price-and-unit" class="pt__cost__retail-price__wrapper pt__cost__retail-price__wrapper--no-promo"><span class="pt__cost__retail-price" data-testid="pt-retail-price">£16.00</span><span data-testid="pt-unit-price" class="pt__cost__unit-price-per-measure">£2.42 / ltr</span></div></div></div></div><div class="pt__controls" data-testid="pt-control-buttons"><div class="pt-button"><button data-testid="add-button" aria-label="Add Budweiser Lager Beer Cans 15x440ml to trolley" class="ln-c-button ln-c-button--filled ln-c-button--full pt__add-button" type="button">Add</button></div></div></div></div><div class="pt__icons__fav"><div data-testid="fav_heart-tooltip" class="ln-c-tooltip"><div><button class="pt__icons__fav--cta" data-testid="favourite-icon-empty" aria-label="Add to favourites"><svg role="presentation" class="pt__icons__fav--icon-empty ln-c-icon" viewBox="0 0 24 24" xmlns="http://www.w3.org/2000/svg"><title>Favourites</title><path d="M12 9.04l-1.992-2.002a3.502 3.502 0 0 0-4.975-.003 3.579 3.579 0 0 0 .003 5.034l6.842 6.88a.17.17 0 0 0 .243 0l6.842-6.88a3.576 3.576 0 0 0 .003-5.034 3.505 3.505 0 0 0-4.975.003l-1.992 2.003zm0-2.836l.759-.755a5.505 5.505 0 0 1 7.625.176 5.576 5.576 0 0 1-.003 7.855l-6.842 6.88a2.17 2.17 0 0 1-3.08 0l-6.841-6.88a5.579 5.579 0 0 1-.003-7.855 5.502 5.502 0 0 1 7.625-.176l.76.755z" fill="currentColor"></path></svg></button></div><div aria-live="polite" aria-atomic="true" role="tooltip"></div></div></div></article></li><li class="pt-grid-item ln-o-grid__item ln-u-6/12@xs ln-u-1/3@sm ln-u-3/12@md ln-u-2/12@xl"><article data-testid="product-tile-7455480" class="ln-c-card pt pt-card"><div aria-hidden="true"></div><div class="pt__content"><div class="pt__image-wrapper"><div><div class="pt-image__ribbon-wrapper"><a href="https://www.sainsburys.co.uk/gol-ui/product/erdinger-low-alc-500ml" class="pt-image pt-image__link" tabindex="-1" aria-hidden="true"><picture><source srcset="https://assets.sainsburys-groceries.co.uk/gol/7455480/image.webp" type="image/webp"><source srcset="https://assets.sainsburys-groceries.co.uk/gol/7455480/image.jpg" type="image/jpeg"><img title="Erdinger Alkoholfrei Alcohol Free Wheat Beer 500ml" src="https://assets.sainsburys-groceries.co.uk/gol/7455480/image.jpg" alt="Erdinger Alkoholfrei Alcohol Free Wheat Beer 500ml" aria-hidden="true" data-testid="pt-image"></picture></a></div></div><div class="product-header product-header--citrus">&nbsp;</div></div><div class="pt__wrapper"><div class="pt__wrapper-inner"><div class="pt__wrapper__top"><div class="pt__info"><div class="product-description-box"><div><h2 class="pt__info__description" data-testid="product-tile-description"><a href="https://www.sainsburys.co.uk/gol-ui/product/erdinger-low-alc-500ml" class="pt__link" title="Erdinger Alkoholfrei Alcohol Free Wheat Beer 500ml" aria-label="Erdinger Alkoholfrei Alcohol Free Wheat Beer 500ml">Erdinger Alkoholfrei Alcohol Free Wheat Beer 500ml</a></h2></div></div><div class="star-rating-container"><div><a href="https://www.sainsburys.co.uk/gol-ui/product/erdinger-low-alc-500ml" class="star-rating-link" data-testid="star-rating" aria-label="4.2 out of 5, 19 reviews"><span class="ds-c-rating ds-c-rating--primary ds-c-rating--md" data-testid="review-count" data-pkgid="@sainsburys-tech/fable-3.53.0-rating"><div class="ds-c-rating__stars" role="img" title="Rating 4.2 out of 5" aria-label="Rating 4.2 out of 5, from 19 reviews"><svg fill="none" xmlns="http://www.w3.org/2000/svg" viewBox="0 0 24 24" role="img" aria-hidden="true"><defs><linearGradient id="star-gradient-:ds62:" x1="0" y1="0" x2="1" y2="0"><stop offset="100%"></stop><stop offset="0%"></stop></linearGradient></defs><path d="M11.613 18.413 7.473 20.7a.8.8 0 0 1-1.177-.828l.802-4.987a.801.801 0 0 0-.215-.685l-3.457-3.57a.802.802 0 0 1 .452-1.348l4.711-.732a.8.8 0 0 0 .602-.45l2.084-4.44a.8.8 0 0 1 1.45 0l2.084 4.44a.8.8 0 0 0 .602.45l4.711.732a.801.801 0 0 1 .452 1.349l-3.457 3.57a.8.8 0 0 0-.215.684l.801 4.987a.8.8 0 0 1-1.177.828l-4.14-2.287a.8.8 0 0 0-.773 0Z" fill="url(#star-gradient-:ds62:)"></path></svg><svg fill="none" xmlns="http://www.w3.org/2000/svg" viewBox="0 0 24 24" role="img" aria-hidden="true"><defs><linearGradient id="star-gradient-:ds63:" x1="0" y1="0" x2="1" y2="0"><stop offset="100%"></stop><stop offset="0%"></stop></linearGradient></defs><path d="M11.613 18.413 7.473 20.7a.8.8 0 0 1-1.177-.828l.802-4.987a.801.801 0 0 0-.215-.685l-3.457-3.57a.802.802 0 0 1 .452-1.348l4.711-.732a.8.8 0 0 0 .602-.45l2.084-4.44a.8.8 0 0 1 1.45 0l2.084 4.44a.8.8 0 0 0 .602.45l4.711.732a.801.801 0 0 1 .452 1.349l-3.457 3.57a.8.8 0 0 0-.215.684l.801 4.987a.8.8 0 0 1-1.177.828l-4.14-2.287a.8.8 0 0 0-.773 0Z" fill="url(#star-gradient-:ds63:)"></path></svg><svg fill="none" xmlns="http://www.w3.org/2000/svg" viewBox="0 0 24 24" role="img" aria-hidden="true"><defs><linearGradient id="star-gradient-:ds64:" x1="0" y1="0" x2="1" y2="0"><stop offset="100%"></stop><stop offset="0%"></stop></linearGradient></defs><path d="M11.613 18.413 7.473 20.7a.8.8 0 0 1-1.177-.828l.802-4.987a.801.801 0 0 0-.215-.685l-3.457-3.57a.802.802 0 0 1 .452-1.348l4.711-.732a.8.8 0 0 0 .602-.45l2.084-4.44a.8.8 0 0 1 1.45 0l2.084 4.44a.8.8 0 0 0 .602.45l4.711.732a.801.801 0 0 1 .452 1.349l-3.457 3.57a.8.8 0 0 0-.215.684l.801 4.987a.8.8 0 0 1-1.177.828l-4.14-2.287a.8.8 0 0 0-.773 0Z" fill="url(#star-gradient-:ds64:)"></path></svg><svg fill="none" xmlns="http://www.w3.org/2000/svg" viewBox="0 0 24 24" role="img" aria-hidden="true"><defs><linearGradient id="star-gradient-:ds65:" x1="0" y1="0" x2="1" y2="0"><stop offset="100%"></stop><stop offset="0%"></stop></linearGradient></defs><path d="M11.613 18.413 7.473 20.7a.8.8 0 0 1-1.177-.828l.802-4.987a.801.801 0 0 0-.215-.685l-3.457-3.57a.802.802 0 0 1 .452-1.348l4.711-.732a.8.8 0 0 0 .602-.45l2.084-4.44a.8.8 0 0 1 1.45 0l2.084 4.44a.8.8 0 0 0 .602.45l4.711.732a.801.801 0 0 1 .452 1.349l-3.457 3.57a.8.8 0 0 0-.215.684l.801 4.987a.8.8 0 0 1-1.177.828l-4.14-2.287a.8.8 0 0 0-.773 0Z" fill="url(#star-gradient-:ds65:)"></path></svg><svg fill="none" xmlns="http://www.w3.org/2000/svg" viewBox="0 0 24 24" role="img" aria-hidden="true"><defs><linearGradient id="star-gradient-:ds66:" x1="0" y1="0" x2="1" y2="0"><stop offset="21.04999999999997%"></stop><stop offset="0%"></stop></linearGradient></defs><path d="M11.613 18.413 7.473 20.7a.8.8 0 0 1-1.177-.828l.802-4.987a.801.801 0 0 0-.215-.685l-3.457-3.57a.802.802 0 0 1 .452-1.348l4.711-.732a.8.8 0 0 0 .602-.45l2.084-4.44a.8.8 0 0 1 1.45 0l2.084 4.44a.8.8 0 0 0 .602.45l4.711.732a.801.801 0 0 1 .452 1.349l-3.457 3.57a.8.8 0 0 0-.215.684l.801 4.987a.8.8 0 0 1-1.177.828l-4.14-2.287a.8.8 0 0 0-.773 0Z" fill="url(#star-gradient-:ds66:)"></path></svg></div><div class="ds-c-rating__body"><span class="ds-c-rating__rating-content" aria-hidden="true">(19)</span></div></span></a></div></div></div></div><div class="pt__wrapper__bottom"><div class="pt__data-entry"></div><div class="pt__cost"><div data-testid="pt-retail-price-and-unit" class="pt__cost__retail-price__wrapper pt__cost__retail-price__wrapper--no-promo"><span class="pt__cost__retail-price" data-testid="pt-retail-price">£1.75</span><span data-testid="pt-unit-price" class="pt__cost__unit-price-per-measure">£3.50 / ltr</span></div></div></div></div><div class="pt__controls" data-testid="pt-control-buttons"><div class="pt-button"><button data-testid="add-button" aria-label="Add Erdinger Alkoholfrei Alcohol Free Wheat Beer 500ml to trolley" class="ln-c-button ln-c-button--filled ln-c-button--full pt__add-button" type="button">Add</button></div></div></div></div><div class="pt__icons__fav"><div data-testid="fav_heart-tooltip" class="ln-c-tooltip"><div><button class="pt__icons__fav--cta" data-testid="favourite-icon-empty" aria-label="Add to favourites"><svg role="presentation" class="pt__icons__fav--icon-empty ln-c-icon" viewBox="0 0 24 24" xmlns="http://www.w3.org/2000/svg"><title>Favourites</title><path d="M12 9.04l-1.992-2.002a3.502 3.502 0 0 0-4.975-.003 3.579 3.579 0 0 0 .003 5.034l6.842 6.88a.17.17 0 0 0 .243 0l6.842-6.88a3.576 3.576 0 0 0 .003-5.034 3.505 3.505 0 0 0-4.975.003l-1.992 2.003zm0-2.836l.759-.755a5.505 5.505 0 0 1 7.625.176 5.576 5.576 0 0 1-.003 7.855l-6.842 6.88a2.17 2.17 0 0 1-3.08 0l-6.841-6.88a5.579 5.579 0 0 1-.003-7.855 5.502 5.502 0 0 1 7.625-.176l.76.755z" fill="currentColor"></path></svg></button></div><div aria-live="polite" aria-atomic="true" role="tooltip"></div></div></div></article></li><li class="pt-grid-item ln-o-grid__item ln-u-6/12@xs ln-u-1/3@sm ln-u-3/12@md ln-u-2/12@xl"><article data-testid="product-tile-7862208" class="ln-c-card pt pt-card"><div aria-hidden="true"></div><div class="pt__content"><div class="pt__image-wrapper"><div><div class="pt-image__ribbon-wrapper"><a href="https://www.sainsburys.co.uk/gol-ui/product/stella-artois-lager-10x440ml" class="pt-image pt-image__link" tabindex="-1" aria-hidden="true"><picture><source srcset="https://assets.sainsburys-groceries.co.uk/gol/7862208/image.webp" type="image/webp"><source srcset="https://assets.sainsburys-groceries.co.uk/gol/7862208/image.jpg" type="image/jpeg"><img title="Stella Artois Premium Lager Beer Cans 10x440ml" src="https://assets.sainsburys-groceries.co.uk/gol/7862208/image.jpg" alt="Stella Artois Premium Lager Beer Cans 10x440ml" aria-hidden="true" data-testid="pt-image"></picture></a></div></div><div class="product-header product-header--citrus">&nbsp;</div></div><div class="pt__wrapper"><div class="pt__wrapper-inner"><div class="pt__wrapper__top"><div class="pt__info"><div class="product-description-box"><div><h2 class="pt__info__description" data-testid="product-tile-description"><a href="https://www.sainsburys.co.uk/gol-ui/product/stella-artois-lager-10x440ml" class="pt__link" title="Stella Artois Premium Lager Beer Cans 10x440ml" aria-label="Stella Artois Premium Lager Beer Cans 10x440ml">Stella Artois Premium Lager Beer Cans 10x440ml</a></h2></div></div><div class="star-rating-container"><div><a href="https://www.sainsburys.co.uk/gol-ui/product/stella-artois-lager-10x440ml" class="star-rating-link" data-testid="star-rating" aria-label="3.2 out of 5, 95 reviews"><span class="ds-c-rating ds-c-rating--primary ds-c-rating--md" data-testid="review-count" data-pkgid="@sainsburys-tech/fable-3.53.0-rating"><div class="ds-c-rating__stars" role="img" title="Rating 3.2 out of 5" aria-label="Rating 3.2 out of 5, from 95 reviews"><svg fill="none" xmlns="http://www.w3.org/2000/svg" viewBox="0 0 24 24" role="img" aria-hidden="true"><defs><linearGradient id="star-gradient-:ds67:" x1="0" y1="0" x2="1" y2="0"><stop offset="100%"></stop><stop offset="0%"></stop></linearGradient></defs><path d="M11.613 18.413 7.473 20.7a.8.8 0 0 1-1.177-.828l.802-4.987a.801.801 0 0 0-.215-.685l-3.457-3.57a.802.802 0 0 1 .452-1.348l4.711-.732a.8.8 0 0 0 .602-.45l2.084-4.44a.8.8 0 0 1 1.45 0l2.084 4.44a.8.8 0 0 0 .602.45l4.711.732a.801.801 0 0 1 .452 1.349l-3.457 3.57a.8.8 0 0 0-.215.684l.801 4.987a.8.8 0 0 1-1.177.828l-4.14-2.287a.8.8 0 0 0-.773 0Z" fill="url(#star-gradient-:ds67:)"></path></svg><svg fill="none" xmlns="http://www.w3.org/2000/svg" viewBox="0 0 24 24" role="img" aria-hidden="true"><defs><linearGradient id="star-gradient-:ds68:" x1="0" y1="0" x2="1" y2="0"><stop offset="100%"></stop><stop offset="0%"></stop></linearGradient></defs><path d="M11.613 18.413 7.473 20.7a.8.8 0 0 1-1.177-.828l.802-4.987a.801.801 0 0 0-.215-.685l-3.457-3.57a.802.802 0 0 1 .452-1.348l4.711-.732a.8.8 0 0 0 .602-.45l2.084-4.44a.8.8 0 0 1 1.45 0l2.084 4.44a.8.8 0 0 0 .602.45l4.711.732a.801.801 0 0 1 .452 1.349l-3.457 3.57a.8.8 0 0 0-.215.684l.801 4.987a.8.8 0 0 1-1.177.828l-4.14-2.287a.8.8 0 0 0-.773 0Z" fill="url(#star-gradient-:ds68:)"></path></svg><svg fill="none" xmlns="http://www.w3.org/2000/svg" viewBox="0 0 24 24" role="img" aria-hidden="true"><defs><linearGradient id="star-gradient-:ds69:" x1="0" y1="0" x2="1" y2="0"><stop offset="100%"></stop><stop offset="0%"></stop></linearGradient></defs><path d="M11.613 18.413 7.473 20.7a.8.8 0 0 1-1.177-.828l.802-4.987a.801.801 0 0 0-.215-.685l-3.457-3.57a.802.802 0 0 1 .452-1.348l4.711-.732a.8.8 0 0 0 .602-.45l2.084-4.44a.8.8 0 0 1 1.45 0l2.084 4.44a.8.8 0 0 0 .602.45l4.711.732a.801.801 0 0 1 .452 1.349l-3.457 3.57a.8.8 0 0 0-.215.684l.801 4.987a.8.8 0 0 1-1.177.828l-4.14-2.287a.8.8 0 0 0-.773 0Z" fill="url(#star-gradient-:ds69:)"></path></svg><svg fill="none" xmlns="http://www.w3.org/2000/svg" viewBox="0 0 24 24" role="img" aria-hidden="true"><defs><linearGradient id="star-gradient-:ds70:" x1="0" y1="0" x2="1" y2="0"><stop offset="16.84000000000001%"></stop><stop offset="0%"></stop></linearGradient></defs><path d="M11.613 18.413 7.473 20.7a.8.8 0 0 1-1.177-.828l.802-4.987a.801.801 0 0 0-.215-.685l-3.457-3.57a.802.802 0 0 1 .452-1.348l4.711-.732a.8.8 0 0 0 .602-.45l2.084-4.44a.8.8 0 0 1 1.45 0l2.084 4.44a.8.8 0 0 0 .602.45l4.711.732a.801.801 0 0 1 .452 1.349l-3.457 3.57a.8.8 0 0 0-.215.684l.801 4.987a.8.8 0 0 1-1.177.828l-4.14-2.287a.8.8 0 0 0-.773 0Z" fill="url(#star-gradient-:ds70:)"></path></svg><svg fill="none" xmlns="http://www.w3.org/2000/svg" viewBox="0 0 24 24" role="img" aria-hidden="true"><defs><linearGradient id="star-gradient-:ds71:" x1="0" y1="0" x2="1" y2="0"><stop offset="0%"></stop><stop offset="0%"></stop></linearGradient></defs><path d="M11.613 18.413 7.473 20.7a.8.8 0 0 1-1.177-.828l.802-4.987a.801.801 0 0 0-.215-.685l-3.457-3.57a.802.802 0 0 1 .452-1.348l4.711-.732a.8.8 0 0 0 .602-.45l2.084-4.44a.8.8 0 0 1 1.45 0l2.084 4.44a.8.8 0 0 0 .602.45l4.711.732a.801.801 0 0 1 .452 1.349l-3.457 3.57a.8.8 0 0 0-.215.684l.801 4.987a.8.8 0 0 1-1.177.828l-4.14-2.287a.8.8 0 0 0-.773 0Z" fill="url(#star-gradient-:ds71:)"></path></svg></div><div class="ds-c-rating__body"><span class="ds-c-rating__rating-content" aria-hidden="true">(95)</span></div></span></a></div></div></div></div><div class="pt__wrapper__bottom"><div class="pt__data-entry"></div><div class="pt__cost"><div data-testid="pt-retail-price-and-unit" class="pt__cost__retail-price__wrapper pt__cost__retail-price__wrapper--no-promo"><span class="pt__cost__retail-price" data-testid="pt-retail-price">£12.00</span><span data-testid="pt-unit-price" class="pt__cost__unit-price-per-measure">£2.73 / ltr</span></div></div></div></div><div class="pt__controls" data-testid="pt-control-buttons"><div class="pt-button"><button data-testid="add-button" aria-label="Add Stella Artois Premium Lager Beer Cans 10x440ml to trolley" class="ln-c-button ln-c-button--filled ln-c-button--full pt__add-button" type="button">Add</button></div></div></div></div><div class="pt__icons__fav"><div data-testid="fav_heart-tooltip" class="ln-c-tooltip"><div><button class="pt__icons__fav--cta" data-testid="favourite-icon-empty" aria-label="Add to favourites"><svg role="presentation" class="pt__icons__fav--icon-empty ln-c-icon" viewBox="0 0 24 24" xmlns="http://www.w3.org/2000/svg"><title>Favourites</title><path d="M12 9.04l-1.992-2.002a3.502 3.502 0 0 0-4.975-.003 3.579 3.579 0 0 0 .003 5.034l6.842 6.88a.17.17 0 0 0 .243 0l6.842-6.88a3.576 3.576 0 0 0 .003-5.034 3.505 3.505 0 0 0-4.975.003l-1.992 2.003zm0-2.836l.759-.755a5.505 5.505 0 0 1 7.625.176 5.576 5.576 0 0 1-.003 7.855l-6.842 6.88a2.17 2.17 0 0 1-3.08 0l-6.841-6.88a5.579 5.579 0 0 1-.003-7.855 5.502 5.502 0 0 1 7.625-.176l.76.755z" fill="currentColor"></path></svg></button></div><div aria-live="polite" aria-atomic="true" role="tooltip"></div></div></div></article></li><li class="pt-grid-item ln-o-grid__item ln-u-6/12@xs ln-u-1/3@sm ln-u-3/12@md ln-u-2/12@xl"><article data-testid="product-tile-8160472" class="ln-c-card pt pt-card"><div aria-hidden="true"></div><div class="pt__content"><div class="pt__image-wrapper"><div><div class="pt-image__ribbon-wrapper"><a href="https://www.sainsburys.co.uk/gol-ui/product/guinness-draught-00-non-alcoholic-beer-10x440ml" class="pt-image pt-image__link" tabindex="-1" aria-hidden="true"><picture><source srcset="https://assets.sainsburys-groceries.co.uk/gol/8160472/image.webp" type="image/webp"><source srcset="https://assets.sainsburys-groceries.co.uk/gol/8160472/image.jpg" type="image/jpeg"><img title="Guinness Draught 0.0% Non Alcoholic Beer 10x440ml" src="https://assets.sainsburys-groceries.co.uk/gol/8160472/image.jpg" alt="Guinness Draught 0.0% Non Alcoholic Beer 10x440ml" aria-hidden="true" data-testid="pt-image"></picture></a></div></div><div class="product-header product-header--citrus">&nbsp;</div></div><div class="pt__wrapper"><div class="pt__wrapper-inner"><div class="pt__wrapper__top"><div class="pt__info"><div class="product-description-box"><div><h2 class="pt__info__description" data-testid="product-tile-description"><a href="https://www.sainsburys.co.uk/gol-ui/product/guinness-draught-00-non-alcoholic-beer-10x440ml" class="pt__link" title="Guinness Draught 0.0% Non Alcoholic Beer 10x440ml" aria-label="Guinness Draught 0.0% Non Alcoholic Beer 10x440ml">Guinness Draught 0.0% Non Alcoholic Beer 10x440ml</a></h2></div></div><div class="star-rating-container"><div><a href="https://www.sainsburys.co.uk/gol-ui/product/guinness-draught-00-non-alcoholic-beer-10x440ml" class="star-rating-link" data-testid="star-rating" aria-label="4.6 out of 5, 34 reviews"><span class="ds-c-rating ds-c-rating--primary ds-c-rating--md" data-testid="review-count" data-pkgid="@sainsburys-tech/fable-3.53.0-rating"><div class="ds-c-rating__stars" role="img" title="Rating 4.6 out of 5" aria-label="Rating 4.6 out of 5, from 34 reviews"><svg fill="none" xmlns="http://www.w3.org/2000/svg" viewBox="0 0 24 24" role="img" aria-hidden="true"><defs><linearGradient id="star-gradient-:ds72:" x1="0" y1="0" x2="1" y2="0"><stop offset="100%"></stop><stop offset="0%"></stop></linearGradient></defs><path d="M11.613 18.413 7.473 20.7a.8.8 0 0 1-1.177-.828l.802-4.987a.801.801 0 0 0-.215-.685l-3.457-3.57a.802.802 0 0 1 .452-1.348l4.711-.732a.8.8 0 0 0 .602-.45l2.084-4.44a.8.8 0 0 1 1.45 0l2.084 4.44a.8.8 0 0 0 .602.45l4.711.732a.801.801 0 0 1 .452 1.349l-3.457 3.57a.8.8 0 0 0-.215.684l.801 4.987a.8.8 0 0 1-1.177.828l-4.14-2.287a.8.8 0 0 0-.773 0Z" fill="url(#star-gradient-:ds72:)"></path></svg><svg fill="none" xmlns="http://www.w3.org/2000/svg" viewBox="0 0 24 24" role="img" aria-hidden="true"><defs><linearGradient id="star-gradient-:ds73:" x1="0" y1="0" x2="1" y2="0"><stop offset="100%"></stop><stop offset="0%"></stop></linearGradient></defs><path d="M11.613 18.413 7.473 20.7a.8.8 0 0 1-1.177-.828l.802-4.987a.801.801 0 0 0-.215-.685l-3.457-3.57a.802.802 0 0 1 .452-1.348l4.711-.732a.8.8 0 0 0 .602-.45l2.084-4.44a.8.8 0 0 1 1.45 0l2.084 4.44a.8.8 0 0 0 .602.45l4.711.732a.801.801 0 0 1 .452 1.349l-3.457 3.57a.8.8 0 0 0-.215.684l.801 4.987a.8.8 0 0 1-1.177.828l-4.14-2.287a.8.8 0 0 0-.773 0Z" fill="url(#star-gradient-:ds73:)"></path></svg><svg fill="none" xmlns="http://www.w3.org/2000/svg" viewBox="0 0 24 24" role="img" aria-hidden="true"><defs><linearGradient id="star-gradient-:ds74:" x1="0" y1="0" x2="1" y2="0"><stop offset="100%"></stop><stop offset="0%"></stop></linearGradient></defs><path d="M11.613 18.413 7.473 20.7a.8.8 0 0 1-1.177-.828l.802-4.987a.801.801 0 0 0-.215-.685l-3.457-3.57a.802.802 0 0 1 .452-1.348l4.711-.732a.8.8 0 0 0 .602-.45l2.084-4.44a.8.8 0 0 1 1.45 0l2.084 4.44a.8.8 0 0 0 .602.45l4.711.732a.801.801 0 0 1 .452 1.349l-3.457 3.57a.8.8 0 0 0-.215.684l.801 4.987a.8.8 0 0 1-1.177.828l-4.14-2.287a.8.8 0 0 0-.773 0Z" fill="url(#star-gradient-:ds74:)"></path></svg><svg fill="none" xmlns="http://www.w3.org/2000/svg" viewBox="0 0 24 24" role="img" aria-hidden="true"><defs><linearGradient id="star-gradient-:ds75:" x1="0" y1="0" x2="1" y2="0"><stop offset="100%"></stop><stop offset="0%"></stop></linearGradient></defs><path d="M11.613 18.413 7.473 20.7a.8.8 0 0 1-1.177-.828l.802-4.987a.801.801 0 0 0-.215-.685l-3.457-3.57a.802.802 0 0 1 .452-1.348l4.711-.732a.8.8 0 0 0 .602-.45l2.084-4.44a.8.8 0 0 1 1.45 0l2.084 4.44a.8.8 0 0 0 .602.45l4.711.732a.801.801 0 0 1 .452 1.349l-3.457 3.57a.8.8 0 0 0-.215.684l.801 4.987a.8.8 0 0 1-1.177.828l-4.14-2.287a.8.8 0 0 0-.773 0Z" fill="url(#star-gradient-:ds75:)"></path></svg><svg fill="none" xmlns="http://www.w3.org/2000/svg" viewBox="0 0 24 24" role="img" aria-hidden="true"><defs><linearGradient id="star-gradient-:ds76:" x1="0" y1="0" x2="1" y2="0"><stop offset="64.71000000000001%"></stop><stop offset="0%"></stop></linearGradient></defs><path d="M11.613 18.413 7.473 20.7a.8.8 0 0 1-1.177-.828l.802-4.987a.801.801 0 0 0-.215-.685l-3.457-3.57a.802.802 0 0 1 .452-1.348l4.711-.732a.8.8 0 0 0 .602-.45l2.084-4.44a.8.8 0 0 1 1.45 0l2.084 4.44a.8.8 0 0 0 .602.45l4.711.732a.801.801 0 0 1 .452 1.349l-3.457 3.57a.8.8 0 0 0-.215.684l.801 4.987a.8.8 0 0 1-1.177.828l-4.14-2.287a.8.8 0 0 0-.773 0Z" fill="url(#star-gradient-:ds76:)"></path></svg></div><div class="ds-c-rating__body"><span class="ds-c-rating__rating-content" aria-hidden="true">(34)</span></div></span></a></div></div></div></div><div class="pt__wrapper__bottom"><div class="pt__data-entry"></div><div class="pt__cost"><div data-testid="pt-retail-price-and-unit" class="pt__cost__retail-price__wrapper pt__cost__retail-price__wrapper--no-promo"><span class="pt__cost__retail-price" data-testid="pt-retail-price">£12.00</span><span data-testid="pt-unit-price" class="pt__cost__unit-price-per-measure">£2.73 / ltr</span></div></div></div></div><div class="pt__controls" data-testid="pt-control-buttons"><div class="pt-button"><button data-testid="add-button" aria-label="Add Guinness Draught 0.0% Non Alcoholic Beer 10x440ml to trolley" class="ln-c-button ln-c-button--filled ln-c-button--full pt__add-button" type="button">Add</button></div></div></div></div><div class="pt__icons__fav"><div data-testid="fav_heart-tooltip" class="ln-c-tooltip"><div><button class="pt__icons__fav--cta" data-testid="favourite-icon-empty" aria-label="Add to favourites"><svg role="presentation" class="pt__icons__fav--icon-empty ln-c-icon" viewBox="0 0 24 24" xmlns="http://www.w3.org/2000/svg"><title>Favourites</title><path d="M12 9.04l-1.992-2.002a3.502 3.502 0 0 0-4.975-.003 3.579 3.579 0 0 0 .003 5.034l6.842 6.88a.17.17 0 0 0 .243 0l6.842-6.88a3.576 3.576 0 0 0 .003-5.034 3.505 3.505 0 0 0-4.975.003l-1.992 2.003zm0-2.836l.759-.755a5.505 5.505 0 0 1 7.625.176 5.576 5.576 0 0 1-.003 7.855l-6.842 6.88a2.17 2.17 0 0 1-3.08 0l-6.841-6.88a5.579 5.579 0 0 1-.003-7.855 5.502 5.502 0 0 1 7.625-.176l.76.755z" fill="currentColor"></path></svg></button></div><div aria-live="polite" aria-atomic="true" role="tooltip"></div></div></div></article></li><li class="pt-grid-item ln-o-grid__item ln-u-6/12@xs ln-u-1/3@sm ln-u-3/12@md ln-u-2/12@xl"><article data-testid="product-tile-7985395" class="ln-c-card pt pt-card"><div aria-hidden="true"></div><div class="pt__content"><div class="pt__image-wrapper"><div><div class="pt-image__ribbon-wrapper"><a href="https://www.sainsburys.co.uk/gol-ui/product/heineken-00-alcohol-free-beer-12x330ml" class="pt-image pt-image__link" tabindex="-1" aria-hidden="true"><picture><source srcset="https://assets.sainsburys-groceries.co.uk/gol/7985395/image.webp" type="image/webp"><source srcset="https://assets.sainsburys-groceries.co.uk/gol/7985395/image.jpg" type="image/jpeg"><img title="Heineken 0.0 Alcohol Free Lager Beer 12x330ml" src="https://assets.sainsburys-groceries.co.uk/gol/7985395/image.jpg" alt="Heineken 0.0 Alcohol Free Lager Beer 12x330ml" aria-hidden="true" data-testid="pt-image"></picture></a></div></div><div class="product-header product-header--citrus">&nbsp;</div></div><div class="pt__wrapper"><div class="pt__wrapper-inner"><div class="pt__wrapper__top"><div class="pt__info"><div class="product-description-box"><div><h2 class="pt__info__description" data-testid="product-tile-description"><a href="https://www.sainsburys.co.uk/gol-ui/product/heineken-00-alcohol-free-beer-12x330ml" class="pt__link" title="Heineken 0.0 Alcohol Free Lager Beer 12x330ml" aria-label="Heineken 0.0 Alcohol Free Lager Beer 12x330ml">Heineken 0.0 Alcohol Free Lager Beer 12x330ml</a></h2></div></div><div class="star-rating-container"><div><a href="https://www.sainsburys.co.uk/gol-ui/product/heineken-00-alcohol-free-beer-12x330ml" class="star-rating-link" data-testid="star-rating" aria-label="4.4 out of 5, 120 reviews"><span class="ds-c-rating ds-c-rating--primary ds-c-rating--md" data-testid="review-count" data-pkgid="@sainsburys-tech/fable-3.53.0-rating"><div class="ds-c-rating__stars" role="img" title="Rating 4.4 out of 5" aria-label="Rating 4.4 out of 5, from 120 reviews"><svg fill="none" xmlns="http://www.w3.org/2000/svg" viewBox="0 0 24 24" role="img" aria-hidden="true"><defs><linearGradient id="star-gradient-:ds77:" x1="0" y1="0" x2="1" y2="0"><stop offset="100%"></stop><stop offset="0%"></stop></linearGradient></defs><path d="M11.613 18.413 7.473 20.7a.8.8 0 0 1-1.177-.828l.802-4.987a.801.801 0 0 0-.215-.685l-3.457-3.57a.802.802 0 0 1 .452-1.348l4.711-.732a.8.8 0 0 0 .602-.45l2.084-4.44a.8.8 0 0 1 1.45 0l2.084 4.44a.8.8 0 0 0 .602.45l4.711.732a.801.801 0 0 1 .452 1.349l-3.457 3.57a.8.8 0 0 0-.215.684l.801 4.987a.8.8 0 0 1-1.177.828l-4.14-2.287a.8.8 0 0 0-.773 0Z" fill="url(#star-gradient-:ds77:)"></path></svg><svg fill="none" xmlns="http://www.w3.org/2000/svg" viewBox="0 0 24 24" role="img" aria-hidden="true"><defs><linearGradient id="star-gradient-:ds78:" x1="0" y1="0" x2="1" y2="0"><stop offset="100%"></stop><stop offset="0%"></stop></linearGradient></defs><path d="M11.613 18.413 7.473 20.7a.8.8 0 0 1-1.177-.828l.802-4.987a.801.801 0 0 0-.215-.685l-3.457-3.57a.802.802 0 0 1 .452-1.348l4.711-.732a.8.8 0 0 0 .602-.45l2.084-4.44a.8.8 0 0 1 1.45 0l2.084 4.44a.8.8 0 0 0 .602.45l4.711.732a.801.801 0 0 1 .452 1.349l-3.457 3.57a.8.8 0 0 0-.215.684l.801 4.987a.8.8 0 0 1-1.177.828l-4.14-2.287a.8.8 0 0 0-.773 0Z" fill="url(#star-gradient-:ds78:)"></path></svg><svg fill="none" xmlns="http://www.w3.org/2000/svg" viewBox="0 0 24 24" role="img" aria-hidden="true"><defs><linearGradient id="star-gradient-:ds79:" x1="0" y1="0" x2="1" y2="0"><stop offset="100%"></stop><stop offset="0%"></stop></linearGradient></defs><path d="M11.613 18.413 7.473 20.7a.8.8 0 0 1-1.177-.828l.802-4.987a.801.801 0 0 0-.215-.685l-3.457-3.57a.802.802 0 0 1 .452-1.348l4.711-.732a.8.8 0 0 0 .602-.45l2.084-4.44a.8.8 0 0 1 1.45 0l2.084 4.44a.8.8 0 0 0 .602.45l4.711.732a.801.801 0 0 1 .452 1.349l-3.457 3.57a.8.8 0 0 0-.215.684l.801 4.987a.8.8 0 0 1-1.177.828l-4.14-2.287a.8.8 0 0 0-.773 0Z" fill="url(#star-gradient-:ds79:)"></path></svg><svg fill="none" xmlns="http://www.w3.org/2000/svg" viewBox="0 0 24 24" role="img" aria-hidden="true"><defs><linearGradient id="star-gradient-:ds80:" x1="0" y1="0" x2="1" y2="0"><stop offset="100%"></stop><stop offset="0%"></stop></linearGradient></defs><path d="M11.613 18.413 7.473 20.7a.8.8 0 0 1-1.177-.828l.802-4.987a.801.801 0 0 0-.215-.685l-3.457-3.57a.802.802 0 0 1 .452-1.348l4.711-.732a.8.8 0 0 0 .602-.45l2.084-4.44a.8.8 0 0 1 1.45 0l2.084 4.44a.8.8 0 0 0 .602.45l4.711.732a.801.801 0 0 1 .452 1.349l-3.457 3.57a.8.8 0 0 0-.215.684l.801 4.987a.8.8 0 0 1-1.177.828l-4.14-2.287a.8.8 0 0 0-.773 0Z" fill="url(#star-gradient-:ds80:)"></path></svg><svg fill="none" xmlns="http://www.w3.org/2000/svg" viewBox="0 0 24 24" role="img" aria-hidden="true"><defs><linearGradient id="star-gradient-:ds81:" x1="0" y1="0" x2="1" y2="0"><stop offset="42.499999999999986%"></stop><stop offset="0%"></stop></linearGradient></defs><path d="M11.613 18.413 7.473 20.7a.8.8 0 0 1-1.177-.828l.802-4.987a.801.801 0 0 0-.215-.685l-3.457-3.57a.802.802 0 0 1 .452-1.348l4.711-.732a.8.8 0 0 0 .602-.45l2.084-4.44a.8.8 0 0 1 1.45 0l2.084 4.44a.8.8 0 0 0 .602.45l4.711.732a.801.801 0 0 1 .452 1.349l-3.457 3.57a.8.8 0 0 0-.215.684l.801 4.987a.8.8 0 0 1-1.177.828l-4.14-2.287a.8.8 0 0 0-.773 0Z" fill="url(#star-gradient-:ds81:)"></path></svg></div><div class="ds-c-rating__body"><span class="ds-c-rating__rating-content" aria-hidden="true">(120)</span></div></span></a></div></div></div></div><div class="pt__wrapper__bottom"><div class="pt__data-entry"></div><div class="pt__cost"><div data-testid="pt-retail-price-and-unit" class="pt__cost__retail-price__wrapper pt__cost__retail-price__wrapper--no-promo"><span class="pt__cost__retail-price" data-testid="pt-retail-price">£10.00</span><span data-testid="pt-unit-price" class="pt__cost__unit-price-per-measure">£2.53 / ltr</span></div></div></div></div><div class="pt__controls" data-testid="pt-control-buttons"><div class="pt-button"><button data-testid="add-button" aria-label="Add Heineken 0.0 Alcohol Free Lager Beer 12x330ml to trolley" class="ln-c-button ln-c-button--filled ln-c-button--full pt__add-button" type="button">Add</button></div></div></div></div><div class="pt__icons__fav"><div data-testid="fav_heart-tooltip" class="ln-c-tooltip"><div><button class="pt__icons__fav--cta" data-testid="favourite-icon-empty" aria-label="Add to favourites"><svg role="presentation" class="pt__icons__fav--icon-empty ln-c-icon" viewBox="0 0 24 24" xmlns="http://www.w3.org/2000/svg"><title>Favourites</title><path d="M12 9.04l-1.992-2.002a3.502 3.502 0 0 0-4.975-.003 3.579 3.579 0 0 0 .003 5.034l6.842 6.88a.17.17 0 0 0 .243 0l6.842-6.88a3.576 3.576 0 0 0 .003-5.034 3.505 3.505 0 0 0-4.975.003l-1.992 2.003zm0-2.836l.759-.755a5.505 5.505 0 0 1 7.625.176 5.576 5.576 0 0 1-.003 7.855l-6.842 6.88a2.17 2.17 0 0 1-3.08 0l-6.841-6.88a5.579 5.579 0 0 1-.003-7.855 5.502 5.502 0 0 1 7.625-.176l.76.755z" fill="currentColor"></path></svg></button></div><div aria-live="polite" aria-atomic="true" role="tooltip"></div></div></div></article></li><li class="pt-grid-item ln-o-grid__item ln-u-6/12@xs ln-u-1/3@sm ln-u-3/12@md ln-u-2/12@xl"><article data-testid="product-tile-8156445" class="ln-c-card pt pt-card"><div aria-hidden="true"></div><div class="pt__content"><div class="pt__image-wrapper"><div><div class="pt-image__ribbon-wrapper"><a href="https://www.sainsburys.co.uk/gol-ui/product/guinness-draught-stout-beer-can-8x440ml-8156445-p-44" class="pt-image pt-image__link" tabindex="-1" aria-hidden="true"><picture><source srcset="https://assets.sainsburys-groceries.co.uk/gol/8156445/image.webp" type="image/webp"><source srcset="https://assets.sainsburys-groceries.co.uk/gol/8156445/image.jpg" type="image/jpeg"><img title="Guinness Draught Stout Beer Can 8x440ml" src="https://assets.sainsburys-groceries.co.uk/gol/8156445/image.jpg" alt="Guinness Draught Stout Beer Can 8x440ml" aria-hidden="true" data-testid="pt-image"></picture></a></div></div><div class="product-header product-header--citrus">&nbsp;</div></div><div class="pt__wrapper"><div class="pt__wrapper-inner"><div class="pt__wrapper__top"><div class="pt__info"><div class="product-description-box"><div><h2 class="pt__info__description" data-testid="product-tile-description"><a href="https://www.sainsburys.co.uk/gol-ui/product/guinness-draught-stout-beer-can-8x440ml-8156445-p-44" class="pt__link" title="Guinness Draught Stout Beer Can 8x440ml" aria-label="Guinness Draught Stout Beer Can 8x440ml">Guinness Draught Stout Beer Can 8x440ml</a></h2></div></div><div class="star-rating-container"><div><a href="https://www.sainsburys.co.uk/gol-ui/product/guinness-draught-stout-beer-can-8x440ml-8156445-p-44" class="star-rating-link" data-testid="star-rating" aria-label="4.6 out of 5, 30 reviews"><span class="ds-c-rating ds-c-rating--primary ds-c-rating--md" data-testid="review-count" data-pkgid="@sainsburys-tech/fable-3.53.0-rating"><div class="ds-c-rating__stars" role="img" title="Rating 4.6 out of 5" aria-label="Rating 4.6 out of 5, from 30 reviews"><svg fill="none" xmlns="http://www.w3.org/2000/svg" viewBox="0 0 24 24" role="img" aria-hidden="true"><defs><linearGradient id="star-gradient-:ds82:" x1="0" y1="0" x2="1" y2="0"><stop offset="100%"></stop><stop offset="0%"></stop></linearGradient></defs><path d="M11.613 18.413 7.473 20.7a.8.8 0 0 1-1.177-.828l.802-4.987a.801.801 0 0 0-.215-.685l-3.457-3.57a.802.802 0 0 1 .452-1.348l4.711-.732a.8.8 0 0 0 .602-.45l2.084-4.44a.8.8 0 0 1 1.45 0l2.084 4.44a.8.8 0 0 0 .602.45l4.711.732a.801.801 0 0 1 .452 1.349l-3.457 3.57a.8.8 0 0 0-.215.684l.801 4.987a.8.8 0 0 1-1.177.828l-4.14-2.287a.8.8 0 0 0-.773 0Z" fill="url(#star-gradient-:ds82:)"></path></svg><svg fill="none" xmlns="http://www.w3.org/2000/svg" viewBox="0 0 24 24" role="img" aria-hidden="true"><defs><linearGradient id="star-gradient-:ds83:" x1="0" y1="0" x2="1" y2="0"><stop offset="100%"></stop><stop offset="0%"></stop></linearGradient></defs><path d="M11.613 18.413 7.473 20.7a.8.8 0 0 1-1.177-.828l.802-4.987a.801.801 0 0 0-.215-.685l-3.457-3.57a.802.802 0 0 1 .452-1.348l4.711-.732a.8.8 0 0 0 .602-.45l2.084-4.44a.8.8 0 0 1 1.45 0l2.084 4.44a.8.8 0 0 0 .602.45l4.711.732a.801.801 0 0 1 .452 1.349l-3.457 3.57a.8.8 0 0 0-.215.684l.801 4.987a.8.8 0 0 1-1.177.828l-4.14-2.287a.8.8 0 0 0-.773 0Z" fill="url(#star-gradient-:ds83:)"></path></svg><svg fill="none" xmlns="http://www.w3.org/2000/svg" viewBox="0 0 24 24" role="img" aria-hidden="true"><defs><linearGradient id="star-gradient-:ds84:" x1="0" y1="0" x2="1" y2="0"><stop offset="100%"></stop><stop offset="0%"></stop></linearGradient></defs><path d="M11.613 18.413 7.473 20.7a.8.8 0 0 1-1.177-.828l.802-4.987a.801.801 0 0 0-.215-.685l-3.457-3.57a.802.802 0 0 1 .452-1.348l4.711-.732a.8.8 0 0 0 .602-.45l2.084-4.44a.8.8 0 0 1 1.45 0l2.084 4.44a.8.8 0 0 0 .602.45l4.711.732a.801.801 0 0 1 .452 1.349l-3.457 3.57a.8.8 0 0 0-.215.684l.801 4.987a.8.8 0 0 1-1.177.828l-4.14-2.287a.8.8 0 0 0-.773 0Z" fill="url(#star-gradient-:ds84:)"></path></svg><svg fill="none" xmlns="http://www.w3.org/2000/svg" viewBox="0 0 24 24" role="img" aria-hidden="true"><defs><linearGradient id="star-gradient-:ds85:" x1="0" y1="0" x2="1" y2="0"><stop offset="100%"></stop><stop offset="0%"></stop></linearGradient></defs><path d="M11.613 18.413 7.473 20.7a.8.8 0 0 1-1.177-.828l.802-4.987a.801.801 0 0 0-.215-.685l-3.457-3.57a.802.802 0 0 1 .452-1.348l4.711-.732a.8.8 0 0 0 .602-.45l2.084-4.44a.8.8 0 0 1 1.45 0l2.084 4.44a.8.8 0 0 0 .602.45l4.711.732a.801.801 0 0 1 .452 1.349l-3.457 3.57a.8.8 0 0 0-.215.684l.801 4.987a.8.8 0 0 1-1.177.828l-4.14-2.287a.8.8 0 0 0-.773 0Z" fill="url(#star-gradient-:ds85:)"></path></svg><svg fill="none" xmlns="http://www.w3.org/2000/svg" viewBox="0 0 24 24" role="img" aria-hidden="true"><defs><linearGradient id="star-gradient-:ds86:" x1="0" y1="0" x2="1" y2="0"><stop offset="63.33000000000002%"></stop><stop offset="0%"></stop></linearGradient></defs><path d="M11.613 18.413 7.473 20.7a.8.8 0 0 1-1.177-.828l.802-4.987a.801.801 0 0 0-.215-.685l-3.457-3.57a.802.802 0 0 1 .452-1.348l4.711-.732a.8.8 0 0 0 .602-.45l2.084-4.44a.8.8 0 0 1 1.45 0l2.084 4.44a.8.8 0 0 0 .602.45l4.711.732a.801.801 0 0 1 .452 1.349l-3.457 3.57a.8.8 0 0 0-.215.684l.801 4.987a.8.8 0 0 1-1.177.828l-4.14-2.287a.8.8 0 0 0-.773 0Z" fill="url(#star-gradient-:ds86:)"></path></svg></div><div class="ds-c-rating__body"><span class="ds-c-rating__rating-content" aria-hidden="true">(30)</span></div></span></a></div></div></div></div><div class="pt__wrapper__bottom"><div class="pt__data-entry"></div><div class="pt__cost"><div data-testid="pt-retail-price-and-unit" class="pt__cost__retail-price__wrapper pt__cost__retail-price__wrapper--no-promo"><span class="pt__cost__retail-price" data-testid="pt-retail-price">£11.50</span><span data-testid="pt-unit-price" class="pt__cost__unit-price-per-measure">£3.27 / ltr</span></div></div></div></div><div class="pt__controls" data-testid="pt-control-buttons"><div class="pt-button"><button data-testid="add-button" aria-label="Add Guinness Draught Stout Beer Can 8x440ml to trolley" class="ln-c-button ln-c-button--filled ln-c-button--full pt__add-button" type="button">Add</button></div></div></div></div><div class="pt__icons__fav"><div data-testid="fav_heart-tooltip" class="ln-c-tooltip"><div><button class="pt__icons__fav--cta" data-testid="favourite-icon-empty" aria-label="Add to favourites"><svg role="presentation" class="pt__icons__fav--icon-empty ln-c-icon" viewBox="0 0 24 24" xmlns="http://www.w3.org/2000/svg"><title>Favourites</title><path d="M12 9.04l-1.992-2.002a3.502 3.502 0 0 0-4.975-.003 3.579 3.579 0 0 0 .003 5.034l6.842 6.88a.17.17 0 0 0 .243 0l6.842-6.88a3.576 3.576 0 0 0 .003-5.034 3.505 3.505 0 0 0-4.975.003l-1.992 2.003zm0-2.836l.759-.755a5.505 5.505 0 0 1 7.625.176 5.576 5.576 0 0 1-.003 7.855l-6.842 6.88a2.17 2.17 0 0 1-3.08 0l-6.841-6.88a5.579 5.579 0 0 1-.003-7.855 5.502 5.502 0 0 1 7.625-.176l.76.755z" fill="currentColor"></path></svg></button></div><div aria-live="polite" aria-atomic="true" role="tooltip"></div></div></div></article></li><li class="pt-grid-item ln-o-grid__item ln-u-6/12@xs ln-u-1/3@sm ln-u-3/12@md ln-u-2/12@xl"><article data-testid="product-tile-7911803" class="ln-c-card pt pt-card"><div aria-hidden="true"></div><div class="pt__content"><div class="pt__image-wrapper"><div><div class="pt-image__ribbon-wrapper"><a href="https://www.sainsburys.co.uk/gol-ui/product/san-miguel-lager-10x440ml" class="pt-image pt-image__link" tabindex="-1" aria-hidden="true"><picture><source srcset="https://assets.sainsburys-groceries.co.uk/gol/7911803/image.webp" type="image/webp"><source srcset="https://assets.sainsburys-groceries.co.uk/gol/7911803/image.jpg" type="image/jpeg"><img title="San Miguel Premium Lager Beer 10x440ml" src="https://assets.sainsburys-groceries.co.uk/gol/7911803/image.jpg" alt="San Miguel Premium Lager Beer 10x440ml" aria-hidden="true" data-testid="pt-image"></picture></a></div></div><div class="product-header product-header--citrus">&nbsp;</div></div><div class="pt__wrapper"><div class="pt__wrapper-inner"><div class="pt__wrapper__top"><div class="pt__info"><div class="product-description-box"><div><h2 class="pt__info__description" data-testid="product-tile-description"><a href="https://www.sainsburys.co.uk/gol-ui/product/san-miguel-lager-10x440ml" class="pt__link" title="San Miguel Premium Lager Beer 10x440ml" aria-label="San Miguel Premium Lager Beer 10x440ml">San Miguel Premium Lager Beer 10x440ml</a></h2></div></div><div class="star-rating-container"><div><a href="https://www.sainsburys.co.uk/gol-ui/product/san-miguel-lager-10x440ml" class="star-rating-link" data-testid="star-rating" aria-label="4.6 out of 5, 77 reviews"><span class="ds-c-rating ds-c-rating--primary ds-c-rating--md" data-testid="review-count" data-pkgid="@sainsburys-tech/fable-3.53.0-rating"><div class="ds-c-rating__stars" role="img" title="Rating 4.6 out of 5" aria-label="Rating 4.6 out of 5, from 77 reviews"><svg fill="none" xmlns="http://www.w3.org/2000/svg" viewBox="0 0 24 24" role="img" aria-hidden="true"><defs><linearGradient id="star-gradient-:ds87:" x1="0" y1="0" x2="1" y2="0"><stop offset="100%"></stop><stop offset="0%"></stop></linearGradient></defs><path d="M11.613 18.413 7.473 20.7a.8.8 0 0 1-1.177-.828l.802-4.987a.801.801 0 0 0-.215-.685l-3.457-3.57a.802.802 0 0 1 .452-1.348l4.711-.732a.8.8 0 0 0 .602-.45l2.084-4.44a.8.8 0 0 1 1.45 0l2.084 4.44a.8.8 0 0 0 .602.45l4.711.732a.801.801 0 0 1 .452 1.349l-3.457 3.57a.8.8 0 0 0-.215.684l.801 4.987a.8.8 0 0 1-1.177.828l-4.14-2.287a.8.8 0 0 0-.773 0Z" fill="url(#star-gradient-:ds87:)"></path></svg><svg fill="none" xmlns="http://www.w3.org/2000/svg" viewBox="0 0 24 24" role="img" aria-hidden="true"><defs><linearGradient id="star-gradient-:ds88:" x1="0" y1="0" x2="1" y2="0"><stop offset="100%"></stop><stop offset="0%"></stop></linearGradient></defs><path d="M11.613 18.413 7.473 20.7a.8.8 0 0 1-1.177-.828l.802-4.987a.801.801 0 0 0-.215-.685l-3.457-3.57a.802.802 0 0 1 .452-1.348l4.711-.732a.8.8 0 0 0 .602-.45l2.084-4.44a.8.8 0 0 1 1.45 0l2.084 4.44a.8.8 0 0 0 .602.45l4.711.732a.801.801 0 0 1 .452 1.349l-3.457 3.57a.8.8 0 0 0-.215.684l.801 4.987a.8.8 0 0 1-1.177.828l-4.14-2.287a.8.8 0 0 0-.773 0Z" fill="url(#star-gradient-:ds88:)"></path></svg><svg fill="none" xmlns="http://www.w3.org/2000/svg" viewBox="0 0 24 24" role="img" aria-hidden="true"><defs><linearGradient id="star-gradient-:ds89:" x1="0" y1="0" x2="1" y2="0"><stop offset="100%"></stop><stop offset="0%"></stop></linearGradient></defs><path d="M11.613 18.413 7.473 20.7a.8.8 0 0 1-1.177-.828l.802-4.987a.801.801 0 0 0-.215-.685l-3.457-3.57a.802.802 0 0 1 .452-1.348l4.711-.732a.8.8 0 0 0 .602-.45l2.084-4.44a.8.8 0 0 1 1.45 0l2.084 4.44a.8.8 0 0 0 .602.45l4.711.732a.801.801 0 0 1 .452 1.349l-3.457 3.57a.8.8 0 0 0-.215.684l.801 4.987a.8.8 0 0 1-1.177.828l-4.14-2.287a.8.8 0 0 0-.773 0Z" fill="url(#star-gradient-:ds89:)"></path></svg><svg fill="none" xmlns="http://www.w3.org/2000/svg" viewBox="0 0 24 24" role="img" aria-hidden="true"><defs><linearGradient id="star-gradient-:ds90:" x1="0" y1="0" x2="1" y2="0"><stop offset="100%"></stop><stop offset="0%"></stop></linearGradient></defs><path d="M11.613 18.413 7.473 20.7a.8.8 0 0 1-1.177-.828l.802-4.987a.801.801 0 0 0-.215-.685l-3.457-3.57a.802.802 0 0 1 .452-1.348l4.711-.732a.8.8 0 0 0 .602-.45l2.084-4.44a.8.8 0 0 1 1.45 0l2.084 4.44a.8.8 0 0 0 .602.45l4.711.732a.801.801 0 0 1 .452 1.349l-3.457 3.57a.8.8 0 0 0-.215.684l.801 4.987a.8.8 0 0 1-1.177.828l-4.14-2.287a.8.8 0 0 0-.773 0Z" fill="url(#star-gradient-:ds90:)"></path></svg><svg fill="none" xmlns="http://www.w3.org/2000/svg" viewBox="0 0 24 24" role="img" aria-hidden="true"><defs><linearGradient id="star-gradient-:ds91:" x1="0" y1="0" x2="1" y2="0"><stop offset="64.93000000000002%"></stop><stop offset="0%"></stop></linearGradient></defs><path d="M11.613 18.413 7.473 20.7a.8.8 0 0 1-1.177-.828l.802-4.987a.801.801 0 0 0-.215-.685l-3.457-3.57a.802.802 0 0 1 .452-1.348l4.711-.732a.8.8 0 0 0 .602-.45l2.084-4.44a.8.8 0 0 1 1.45 0l2.084 4.44a.8.8 0 0 0 .602.45l4.711.732a.801.801 0 0 1 .452 1.349l-3.457 3.57a.8.8 0 0 0-.215.684l.801 4.987a.8.8 0 0 1-1.177.828l-4.14-2.287a.8.8 0 0 0-.773 0Z" fill="url(#star-gradient-:ds91:)"></path></svg></div><div class="ds-c-rating__body"><span class="ds-c-rating__rating-content" aria-hidden="true">(77)</span></div></span></a></div></div></div></div><div class="pt__wrapper__bottom"><div class="pt__data-entry"></div><div class="pt__cost"><div data-testid="pt-retail-price-and-unit" class="pt__cost__retail-price__wrapper pt__cost__retail-price__wrapper--no-promo"><span class="pt__cost__retail-price" data-testid="pt-retail-price">£12.75</span><span data-testid="pt-unit-price" class="pt__cost__unit-price-per-measure">£2.90 / ltr</span></div></div></div></div><div class="pt__controls" data-testid="pt-control-buttons"><div class="pt-button"><button data-testid="add-button" aria-label="Add San Miguel Premium Lager Beer 10x440ml to trolley" class="ln-c-button ln-c-button--filled ln-c-button--full pt__add-button" type="button">Add</button></div></div></div></div><div class="pt__icons__fav"><div data-testid="fav_heart-tooltip" class="ln-c-tooltip"><div><button class="pt__icons__fav--cta" data-testid="favourite-icon-empty" aria-label="Add to favourites"><svg role="presentation" class="pt__icons__fav--icon-empty ln-c-icon" viewBox="0 0 24 24" xmlns="http://www.w3.org/2000/svg"><title>Favourites</title><path d="M12 9.04l-1.992-2.002a3.502 3.502 0 0 0-4.975-.003 3.579 3.579 0 0 0 .003 5.034l6.842 6.88a.17.17 0 0 0 .243 0l6.842-6.88a3.576 3.576 0 0 0 .003-5.034 3.505 3.505 0 0 0-4.975.003l-1.992 2.003zm0-2.836l.759-.755a5.505 5.505 0 0 1 7.625.176 5.576 5.576 0 0 1-.003 7.855l-6.842 6.88a2.17 2.17 0 0 1-3.08 0l-6.841-6.88a5.579 5.579 0 0 1-.003-7.855 5.502 5.502 0 0 1 7.625-.176l.76.755z" fill="currentColor"></path></svg></button></div><div aria-live="polite" aria-atomic="true" role="tooltip"></div></div></div></article></li><li class="pt-grid-item ln-o-grid__item ln-u-6/12@xs ln-u-1/3@sm ln-u-3/12@md ln-u-2/12@xl"><article data-testid="product-tile-3765449" class="ln-c-card pt pt-card"><div aria-hidden="true"></div><div class="pt__content"><div class="pt__image-wrapper"><div><div class="pt-image__ribbon-wrapper"><a href="https://www.sainsburys.co.uk/gol-ui/product/becks-blue-alcohol-free-beer-bottles-x6-275ml" class="pt-image pt-image__link" tabindex="-1" aria-hidden="true"><picture><source srcset="https://assets.sainsburys-groceries.co.uk/gol/3765449/image.webp" type="image/webp"><source srcset="https://assets.sainsburys-groceries.co.uk/gol/3765449/image.jpg" type="image/jpeg"><img title="Beck's Blue Alcohol Free Beer Bottles x6 275ml" src="https://assets.sainsburys-groceries.co.uk/gol/3765449/image.jpg" alt="Beck's Blue Alcohol Free Beer Bottles x6 275ml" aria-hidden="true" data-testid="pt-image"></picture></a></div></div><div class="product-header product-header--citrus">&nbsp;</div></div><div class="pt__wrapper"><div class="pt__wrapper-inner"><div class="pt__wrapper__top"><div class="pt__info"><div class="product-description-box"><div><h2 class="pt__info__description" data-testid="product-tile-description"><a href="https://www.sainsburys.co.uk/gol-ui/product/becks-blue-alcohol-free-beer-bottles-x6-275ml" class="pt__link" title="Beck's Blue Alcohol Free Beer Bottles x6 275ml" aria-label="Beck's Blue Alcohol Free Beer Bottles x6 275ml">Beck's Blue Alcohol Free Beer Bottles x6 275ml</a></h2></div></div><div class="star-rating-container"><div><a href="https://www.sainsburys.co.uk/gol-ui/product/becks-blue-alcohol-free-beer-bottles-x6-275ml" class="star-rating-link" data-testid="star-rating" aria-label="4.2 out of 5, 12 reviews"><span class="ds-c-rating ds-c-rating--primary ds-c-rating--md" data-testid="review-count" data-pkgid="@sainsburys-tech/fable-3.53.0-rating"><div class="ds-c-rating__stars" role="img" title="Rating 4.2 out of 5" aria-label="Rating 4.2 out of 5, from 12 reviews"><svg fill="none" xmlns="http://www.w3.org/2000/svg" viewBox="0 0 24 24" role="img" aria-hidden="true"><defs><linearGradient id="star-gradient-:ds92:" x1="0" y1="0" x2="1" y2="0"><stop offset="100%"></stop><stop offset="0%"></stop></linearGradient></defs><path d="M11.613 18.413 7.473 20.7a.8.8 0 0 1-1.177-.828l.802-4.987a.801.801 0 0 0-.215-.685l-3.457-3.57a.802.802 0 0 1 .452-1.348l4.711-.732a.8.8 0 0 0 .602-.45l2.084-4.44a.8.8 0 0 1 1.45 0l2.084 4.44a.8.8 0 0 0 .602.45l4.711.732a.801.801 0 0 1 .452 1.349l-3.457 3.57a.8.8 0 0 0-.215.684l.801 4.987a.8.8 0 0 1-1.177.828l-4.14-2.287a.8.8 0 0 0-.773 0Z" fill="url(#star-gradient-:ds92:)"></path></svg><svg fill="none" xmlns="http://www.w3.org/2000/svg" viewBox="0 0 24 24" role="img" aria-hidden="true"><defs><linearGradient id="star-gradient-:ds93:" x1="0" y1="0" x2="1" y2="0"><stop offset="100%"></stop><stop offset="0%"></stop></linearGradient></defs><path d="M11.613 18.413 7.473 20.7a.8.8 0 0 1-1.177-.828l.802-4.987a.801.801 0 0 0-.215-.685l-3.457-3.57a.802.802 0 0 1 .452-1.348l4.711-.732a.8.8 0 0 0 .602-.45l2.084-4.44a.8.8 0 0 1 1.45 0l2.084 4.44a.8.8 0 0 0 .602.45l4.711.732a.801.801 0 0 1 .452 1.349l-3.457 3.57a.8.8 0 0 0-.215.684l.801 4.987a.8.8 0 0 1-1.177.828l-4.14-2.287a.8.8 0 0 0-.773 0Z" fill="url(#star-gradient-:ds93:)"></path></svg><svg fill="none" xmlns="http://www.w3.org/2000/svg" viewBox="0 0 24 24" role="img" aria-hidden="true"><defs><linearGradient id="star-gradient-:ds94:" x1="0" y1="0" x2="1" y2="0"><stop offset="100%"></stop><stop offset="0%"></stop></linearGradient></defs><path d="M11.613 18.413 7.473 20.7a.8.8 0 0 1-1.177-.828l.802-4.987a.801.801 0 0 0-.215-.685l-3.457-3.57a.802.802 0 0 1 .452-1.348l4.711-.732a.8.8 0 0 0 .602-.45l2.084-4.44a.8.8 0 0 1 1.45 0l2.084 4.44a.8.8 0 0 0 .602.45l4.711.732a.801.801 0 0 1 .452 1.349l-3.457 3.57a.8.8 0 0 0-.215.684l.801 4.987a.8.8 0 0 1-1.177.828l-4.14-2.287a.8.8 0 0 0-.773 0Z" fill="url(#star-gradient-:ds94:)"></path></svg><svg fill="none" xmlns="http://www.w3.org/2000/svg" viewBox="0 0 24 24" role="img" aria-hidden="true"><defs><linearGradient id="star-gradient-:ds95:" x1="0" y1="0" x2="1" y2="0"><stop offset="100%"></stop><stop offset="0%"></stop></linearGradient></defs><path d="M11.613 18.413 7.473 20.7a.8.8 0 0 1-1.177-.828l.802-4.987a.801.801 0 0 0-.215-.685l-3.457-3.57a.802.802 0 0 1 .452-1.348l4.711-.732a.8.8 0 0 0 .602-.45l2.084-4.44a.8.8 0 0 1 1.45 0l2.084 4.44a.8.8 0 0 0 .602.45l4.711.732a.801.801 0 0 1 .452 1.349l-3.457 3.57a.8.8 0 0 0-.215.684l.801 4.987a.8.8 0 0 1-1.177.828l-4.14-2.287a.8.8 0 0 0-.773 0Z" fill="url(#star-gradient-:ds95:)"></path></svg><svg fill="none" xmlns="http://www.w3.org/2000/svg" viewBox="0 0 24 24" role="img" aria-hidden="true"><defs><linearGradient id="star-gradient-:ds96:" x1="0" y1="0" x2="1" y2="0"><stop offset="16.669999999999963%"></stop><stop offset="0%"></stop></linearGradient></defs><path d="M11.613 18.413 7.473 20.7a.8.8 0 0 1-1.177-.828l.802-4.987a.801.801 0 0 0-.215-.685l-3.457-3.57a.802.802 0 0 1 .452-1.348l4.711-.732a.8.8 0 0 0 .602-.45l2.084-4.44a.8.8 0 0 1 1.45 0l2.084 4.44a.8.8 0 0 0 .602.45l4.711.732a.801.801 0 0 1 .452 1.349l-3.457 3.57a.8.8 0 0 0-.215.684l.801 4.987a.8.8 0 0 1-1.177.828l-4.14-2.287a.8.8 0 0 0-.773 0Z" fill="url(#star-gradient-:ds96:)"></path></svg></div><div class="ds-c-rating__body"><span class="ds-c-rating__rating-content" aria-hidden="true">(12)</span></div></span></a></div></div></div></div><div class="pt__wrapper__bottom"><div class="pt__data-entry"></div><div class="pt__cost"><div data-testid="pt-retail-price-and-unit" class="pt__cost__retail-price__wrapper pt__cost__retail-price__wrapper--no-promo"><span class="pt__cost__retail-price" data-testid="pt-retail-price">£4.00</span><span data-testid="pt-unit-price" class="pt__cost__unit-price-per-measure">£2.42 / ltr</span></div></div></div></div><div class="pt__controls" data-testid="pt-control-buttons"><div class="pt-button"><button data-testid="add-button" aria-label="Add Beck's Blue Alcohol Free Beer Bottles x6 275ml to trolley" class="ln-c-button ln-c-button--filled ln-c-button--full pt__add-button" type="button">Add</button></div></div></div></div><div class="pt__icons__fav"><div data-testid="fav_heart-tooltip" class="ln-c-tooltip"><div><button class="pt__icons__fav--cta" data-testid="favourite-icon-empty" aria-label="Add to favourites"><svg role="presentation" class="pt__icons__fav--icon-empty ln-c-icon" viewBox="0 0 24 24" xmlns="http://www.w3.org/2000/svg"><title>Favourites</title><path d="M12 9.04l-1.992-2.002a3.502 3.502 0 0 0-4.975-.003 3.579 3.579 0 0 0 .003 5.034l6.842 6.88a.17.17 0 0 0 .243 0l6.842-6.88a3.576 3.576 0 0 0 .003-5.034 3.505 3.505 0 0 0-4.975.003l-1.992 2.003zm0-2.836l.759-.755a5.505 5.505 0 0 1 7.625.176 5.576 5.576 0 0 1-.003 7.855l-6.842 6.88a2.17 2.17 0 0 1-3.08 0l-6.841-6.88a5.579 5.579 0 0 1-.003-7.855 5.502 5.502 0 0 1 7.625-.176l.76.755z" fill="currentColor"></path></svg></button></div><div aria-live="polite" aria-atomic="true" role="tooltip"></div></div></div></article></li><li class="pt-grid-item ln-o-grid__item ln-u-6/12@xs ln-u-1/3@sm ln-u-3/12@md ln-u-2/12@xl"><article data-testid="product-tile-7962162" class="ln-c-card pt pt-card"><div aria-hidden="true"><div class="product-details-title__tag"><span data-testid="nectar-price-label" class="promotional-tag--nectar">Nectar Price</span></div></div><div class="pt__content"><div class="pt__image-wrapper"><div><div class="pt-image__ribbon-wrapper"><a href="https://www.sainsburys.co.uk/gol-ui/product/peroni-libera-4x330ml" class="pt-image pt-image__link" tabindex="-1" aria-hidden="true"><picture><source srcset="https://assets.sainsburys-groceries.co.uk/gol/7962162/image.webp" type="image/webp"><source srcset="https://assets.sainsburys-groceries.co.uk/gol/7962162/image.jpg" type="image/jpeg"><img title="Peroni Nastro Azzurro 0.0% Alcohol Free Beer Lager Bottles 4x330ml" src="https://assets.sainsburys-groceries.co.uk/gol/7962162/image.jpg" alt="Peroni Nastro Azzurro 0.0% Alcohol Free Beer Lager Bottles 4x330ml" aria-hidden="true" data-testid="pt-image"></picture></a></div></div><div class="product-header product-header--citrus">&nbsp;</div></div><div class="pt__wrapper"><div class="pt__wrapper-inner"><div class="pt__wrapper__top"><div class="pt__info"><div class="product-description-box"><div><h2 class="pt__info__description" data-testid="product-tile-description"><a href="https://www.sainsburys.co.uk/gol-ui/product/peroni-libera-4x330ml" class="pt__link" title="Peroni Nastro Azzurro 0.0% Alcohol Free Beer Lager Bottles 4x330ml" aria-label="Nectar Price, Peroni Nastro Azzurro 0.0% Alcohol Free Beer Lager Bottles 4...">Peroni Nastro Azzurro 0.0% Alcohol Free Beer Lager Bottles 4...</a></h2></div></div><div class="star-rating-container"><div><a href="https://www.sainsburys.co.uk/gol-ui/product/peroni-libera-4x330ml" class="star-rating-link" data-testid="star-rating" aria-label="4.8 out of 5, 88 reviews"><span class="ds-c-rating ds-c-rating--primary ds-c-rating--md" data-testid="review-count" data-pkgid="@sainsburys-tech/fable-3.53.0-rating"><div class="ds-c-rating__stars" role="img" title="Rating 4.8 out of 5" aria-label="Rating 4.8 out of 5, from 88 reviews"><svg fill="none" xmlns="http://www.w3.org/2000/svg" viewBox="0 0 24 24" role="img" aria-hidden="true"><defs><linearGradient id="star-gradient-:ds97:" x1="0" y1="0" x2="1" y2="0"><stop offset="100%"></stop><stop offset="0%"></stop></linearGradient></defs><path d="M11.613 18.413 7.473 20.7a.8.8 0 0 1-1.177-.828l.802-4.987a.801.801 0 0 0-.215-.685l-3.457-3.57a.802.802 0 0 1 .452-1.348l4.711-.732a.8.8 0 0 0 .602-.45l2.084-4.44a.8.8 0 0 1 1.45 0l2.084 4.44a.8.8 0 0 0 .602.45l4.711.732a.801.801 0 0 1 .452 1.349l-3.457 3.57a.8.8 0 0 0-.215.684l.801 4.987a.8.8 0 0 1-1.177.828l-4.14-2.287a.8.8 0 0 0-.773 0Z" fill="url(#star-gradient-:ds97:)"></path></svg><svg fill="none" xmlns="http://www.w3.org/2000/svg" viewBox="0 0 24 24" role="img" aria-hidden="true"><defs><linearGradient id="star-gradient-:ds98:" x1="0" y1="0" x2="1" y2="0"><stop offset="100%"></stop><stop offset="0%"></stop></linearGradient></defs><path d="M11.613 18.413 7.473 20.7a.8.8 0 0 1-1.177-.828l.802-4.987a.801.801 0 0 0-.215-.685l-3.457-3.57a.802.802 0 0 1 .452-1.348l4.711-.732a.8.8 0 0 0 .602-.45l2.084-4.44a.8.8 0 0 1 1.45 0l2.084 4.44a.8.8 0 0 0 .602.45l4.711.732a.801.801 0 0 1 .452 1.349l-3.457 3.57a.8.8 0 0 0-.215.684l.801 4.987a.8.8 0 0 1-1.177.828l-4.14-2.287a.8.8 0 0 0-.773 0Z" fill="url(#star-gradient-:ds98:)"></path></svg><svg fill="none" xmlns="http://www.w3.org/2000/svg" viewBox="0 0 24 24" role="img" aria-hidden="true"><defs><linearGradient id="star-gradient-:ds99:" x1="0" y1="0" x2="1" y2="0"><stop offset="100%"></stop><stop offset="0%"></stop></linearGradient></defs><path d="M11.613 18.413 7.473 20.7a.8.8 0 0 1-1.177-.828l.802-4.987a.801.801 0 0 0-.215-.685l-3.457-3.57a.802.802 0 0 1 .452-1.348l4.711-.732a.8.8 0 0 0 .602-.45l2.084-4.44a.8.8 0 0 1 1.45 0l2.084 4.44a.8.8 0 0 0 .602.45l4.711.732a.801.801 0 0 1 .452 1.349l-3.457 3.57a.8.8 0 0 0-.215.684l.801 4.987a.8.8 0 0 1-1.177.828l-4.14-2.287a.8.8 0 0 0-.773 0Z" fill="url(#star-gradient-:ds99:)"></path></svg><svg fill="none" xmlns="http://www.w3.org/2000/svg" viewBox="0 0 24 24" role="img" aria-hidden="true"><defs><linearGradient id="star-gradient-:ds100:" x1="0" y1="0" x2="1" y2="0"><stop offset="100%"></stop><stop offset="0%"></stop></linearGradient></defs><path d="M11.613 18.413 7.473 20.7a.8.8 0 0 1-1.177-.828l.802-4.987a.801.801 0 0 0-.215-.685l-3.457-3.57a.802.802 0 0 1 .452-1.348l4.711-.732a.8.8 0 0 0 .602-.45l2.084-4.44a.8.8 0 0 1 1.45 0l2.084 4.44a.8.8 0 0 0 .602.45l4.711.732a.801.801 0 0 1 .452 1.349l-3.457 3.57a.8.8 0 0 0-.215.684l.801 4.987a.8.8 0 0 1-1.177.828l-4.14-2.287a.8.8 0 0 0-.773 0Z" fill="url(#star-gradient-:ds100:)"></path></svg><svg fill="none" xmlns="http://www.w3.org/2000/svg" viewBox="0 0 24 24" role="img" aria-hidden="true"><defs><linearGradient id="star-gradient-:ds101:" x1="0" y1="0" x2="1" y2="0"><stop offset="82.95000000000003%"></stop><stop offset="0%"></stop></linearGradient></defs><path d="M11.613 18.413 7.473 20.7a.8.8 0 0 1-1.177-.828l.802-4.987a.801.801 0 0 0-.215-.685l-3.457-3.57a.802.802 0 0 1 .452-1.348l4.711-.732a.8.8 0 0 0 .602-.45l2.084-4.44a.8.8 0 0 1 1.45 0l2.084 4.44a.8.8 0 0 0 .602.45l4.711.732a.801.801 0 0 1 .452 1.349l-3.457 3.57a.8.8 0 0 0-.215.684l.801 4.987a.8.8 0 0 1-1.177.828l-4.14-2.287a.8.8 0 0 0-.773 0Z" fill="url(#star-gradient-:ds101:)"></path></svg></div><div class="ds-c-rating__body"><span class="ds-c-rating__rating-content" aria-hidden="true">(88)</span></div></span></a></div></div></div></div><div class="pt__wrapper__bottom"><div class="pt__data-entry"></div><div class="pt__cost"><div class="pt__cost__contextual--wrapper" data-testid="whole-contextual-price"><span data-testid="contextual-price" class="pt__cost__contextual pt__cost__contextual--with-nectar-not-associated"><span class="pt__cost--price" data-testid="contextual-price-text">£4.25</span></span><span data-testid="text-with-nectar" class="pt__with-or-without-nectar">with Nectar</span></div><div data-testid="pt-retail-price-and-unit" class="pt__cost__retail-price__wrapper"><span class="pt__cost__retail-price pt__cost__retail-price--with-nectar-not-associated" data-testid="pt-retail-price">£5.50</span><span data-testid="pt-unit-price" class="pt__cost__unit-price-per-measure">£4.17 / ltr</span></div></div></div></div><div class="pt__controls" data-testid="pt-control-buttons"><div class="pt-button"><button data-testid="add-button" aria-label="Add Peroni Nastro Azzurro 0.0% Alcohol Free Beer Lager Bottles 4x330ml to trolley" class="ln-c-button ln-c-button--filled ln-c-button--full pt__add-button" type="button">Add</button></div></div></div></div><div class="pt__icons__fav"><div data-testid="fav_heart-tooltip" class="ln-c-tooltip"><div><button class="pt__icons__fav--cta" data-testid="favourite-icon-empty" aria-label="Add to favourites"><svg role="presentation" class="pt__icons__fav--icon-empty ln-c-icon" viewBox="0 0 24 24" xmlns="http://www.w3.org/2000/svg"><title>Favourites</title><path d="M12 9.04l-1.992-2.002a3.502 3.502 0 0 0-4.975-.003 3.579 3.579 0 0 0 .003 5.034l6.842 6.88a.17.17 0 0 0 .243 0l6.842-6.88a3.576 3.576 0 0 0 .003-5.034 3.505 3.505 0 0 0-4.975.003l-1.992 2.003zm0-2.836l.759-.755a5.505 5.505 0 0 1 7.625.176 5.576 5.576 0 0 1-.003 7.855l-6.842 6.88a2.17 2.17 0 0 1-3.08 0l-6.841-6.88a5.579 5.579 0 0 1-.003-7.855 5.502 5.502 0 0 1 7.625-.176l.76.755z" fill="currentColor"></path></svg></button></div><div aria-live="polite" aria-atomic="true" role="tooltip"></div></div></div></article></li><li class="pt-grid-item ln-o-grid__item ln-u-6/12@xs ln-u-1/3@sm ln-u-3/12@md ln-u-2/12@xl"><article data-testid="product-tile-6546431" class="ln-c-card pt pt-card"><div aria-hidden="true"></div><div class="pt__content"><div class="pt__image-wrapper"><div><div class="pt-image__ribbon-wrapper"><a href="https://www.sainsburys.co.uk/gol-ui/product/birra-moretti-lager-660ml" class="pt-image pt-image__link" tabindex="-1" aria-hidden="true"><picture><source srcset="https://assets.sainsburys-groceries.co.uk/gol/6546431/image.webp" type="image/webp"><source srcset="https://assets.sainsburys-groceries.co.uk/gol/6546431/image.jpg" type="image/jpeg"><img title="Birra Moretti Lager Beer Bottle 660ml" src="https://assets.sainsburys-groceries.co.uk/gol/6546431/image.jpg" alt="Birra Moretti Lager Beer Bottle 660ml" aria-hidden="true" data-testid="pt-image"></picture></a></div></div><div class="product-header product-header--citrus">&nbsp;</div></div><div class="pt__wrapper"><div class="pt__wrapper-inner"><div class="pt__wrapper__top"><div class="pt__info"><div class="product-description-box"><div><h2 class="pt__info__description" data-testid="product-tile-description"><a href="https://www.sainsburys.co.uk/gol-ui/product/birra-moretti-lager-660ml" class="pt__link" title="Birra Moretti Lager Beer Bottle 660ml" aria-label="Birra Moretti Lager Beer Bottle 660ml">Birra Moretti Lager Beer Bottle 660ml</a></h2></div></div><div class="star-rating-container"><div><a href="https://www.sainsburys.co.uk/gol-ui/product/birra-moretti-lager-660ml" class="star-rating-link" data-testid="star-rating" aria-label="4.1 out of 5, 73 reviews"><span class="ds-c-rating ds-c-rating--primary ds-c-rating--md" data-testid="review-count" data-pkgid="@sainsburys-tech/fable-3.53.0-rating"><div class="ds-c-rating__stars" role="img" title="Rating 4.1 out of 5" aria-label="Rating 4.1 out of 5, from 73 reviews"><svg fill="none" xmlns="http://www.w3.org/2000/svg" viewBox="0 0 24 24" role="img" aria-hidden="true"><defs><linearGradient id="star-gradient-:ds102:" x1="0" y1="0" x2="1" y2="0"><stop offset="100%"></stop><stop offset="0%"></stop></linearGradient></defs><path d="M11.613 18.413 7.473 20.7a.8.8 0 0 1-1.177-.828l.802-4.987a.801.801 0 0 0-.215-.685l-3.457-3.57a.802.802 0 0 1 .452-1.348l4.711-.732a.8.8 0 0 0 .602-.45l2.084-4.44a.8.8 0 0 1 1.45 0l2.084 4.44a.8.8 0 0 0 .602.45l4.711.732a.801.801 0 0 1 .452 1.349l-3.457 3.57a.8.8 0 0 0-.215.684l.801 4.987a.8.8 0 0 1-1.177.828l-4.14-2.287a.8.8 0 0 0-.773 0Z" fill="url(#star-gradient-:ds102:)"></path></svg><svg fill="none" xmlns="http://www.w3.org/2000/svg" viewBox="0 0 24 24" role="img" aria-hidden="true"><defs><linearGradient id="star-gradient-:ds103:" x1="0" y1="0" x2="1" y2="0"><stop offset="100%"></stop><stop offset="0%"></stop></linearGradient></defs><path d="M11.613 18.413 7.473 20.7a.8.8 0 0 1-1.177-.828l.802-4.987a.801.801 0 0 0-.215-.685l-3.457-3.57a.802.802 0 0 1 .452-1.348l4.711-.732a.8.8 0 0 0 .602-.45l2.084-4.44a.8.8 0 0 1 1.45 0l2.084 4.44a.8.8 0 0 0 .602.45l4.711.732a.801.801 0 0 1 .452 1.349l-3.457 3.57a.8.8 0 0 0-.215.684l.801 4.987a.8.8 0 0 1-1.177.828l-4.14-2.287a.8.8 0 0 0-.773 0Z" fill="url(#star-gradient-:ds103:)"></path></svg><svg fill="none" xmlns="http://www.w3.org/2000/svg" viewBox="0 0 24 24" role="img" aria-hidden="true"><defs><linearGradient id="star-gradient-:ds104:" x1="0" y1="0" x2="1" y2="0"><stop offset="100%"></stop><stop offset="0%"></stop></linearGradient></defs><path d="M11.613 18.413 7.473 20.7a.8.8 0 0 1-1.177-.828l.802-4.987a.801.801 0 0 0-.215-.685l-3.457-3.57a.802.802 0 0 1 .452-1.348l4.711-.732a.8.8 0 0 0 .602-.45l2.084-4.44a.8.8 0 0 1 1.45 0l2.084 4.44a.8.8 0 0 0 .602.45l4.711.732a.801.801 0 0 1 .452 1.349l-3.457 3.57a.8.8 0 0 0-.215.684l.801 4.987a.8.8 0 0 1-1.177.828l-4.14-2.287a.8.8 0 0 0-.773 0Z" fill="url(#star-gradient-:ds104:)"></path></svg><svg fill="none" xmlns="http://www.w3.org/2000/svg" viewBox="0 0 24 24" role="img" aria-hidden="true"><defs><linearGradient id="star-gradient-:ds105:" x1="0" y1="0" x2="1" y2="0"><stop offset="100%"></stop><stop offset="0%"></stop></linearGradient></defs><path d="M11.613 18.413 7.473 20.7a.8.8 0 0 1-1.177-.828l.802-4.987a.801.801 0 0 0-.215-.685l-3.457-3.57a.802.802 0 0 1 .452-1.348l4.711-.732a.8.8 0 0 0 .602-.45l2.084-4.44a.8.8 0 0 1 1.45 0l2.084 4.44a.8.8 0 0 0 .602.45l4.711.732a.801.801 0 0 1 .452 1.349l-3.457 3.57a.8.8 0 0 0-.215.684l.801 4.987a.8.8 0 0 1-1.177.828l-4.14-2.287a.8.8 0 0 0-.773 0Z" fill="url(#star-gradient-:ds105:)"></path></svg><svg fill="none" xmlns="http://www.w3.org/2000/svg" viewBox="0 0 24 24" role="img" aria-hidden="true"><defs><linearGradient id="star-gradient-:ds106:" x1="0" y1="0" x2="1" y2="0"><stop offset="10.960000000000036%"></stop><stop offset="0%"></stop></linearGradient></defs><path d="M11.613 18.413 7.473 20.7a.8.8 0 0 1-1.177-.828l.802-4.987a.801.801 0 0 0-.215-.685l-3.457-3.57a.802.802 0 0 1 .452-1.348l4.711-.732a.8.8 0 0 0 .602-.45l2.084-4.44a.8.8 0 0 1 1.45 0l2.084 4.44a.8.8 0 0 0 .602.45l4.711.732a.801.801 0 0 1 .452 1.349l-3.457 3.57a.8.8 0 0 0-.215.684l.801 4.987a.8.8 0 0 1-1.177.828l-4.14-2.287a.8.8 0 0 0-.773 0Z" fill="url(#star-gradient-:ds106:)"></path></svg></div><div class="ds-c-rating__body"><span class="ds-c-rating__rating-content" aria-hidden="true">(73)</span></div></span></a></div></div></div></div><div class="pt__wrapper__bottom"><div class="pt__data-entry"></div><ul class="pt__promotions" data-testid="pt-promotions"><li class="pt__promotion"><div><div class="promotion-message"><a href="/gol-ui/promo-lister/10650156" target="_self" class="promotion-message__link promotion-message__link--purple" data-testid="pt-promotions-10650156" aria-label="Birra Moretti Lager Beer Bottle 660ml, Buy any 3 for £6.00 with Nectar">Buy any 3 for £6.00 with Nectar</a></div></div></li></ul><div class="pt__cost"><div data-testid="pt-retail-price-and-unit" class="pt__cost__retail-price__wrapper pt__cost__retail-price__wrapper--no-promo"><span class="pt__cost__retail-price" data-testid="pt-retail-price">£2.75</span><span data-testid="pt-unit-price" class="pt__cost__unit-price-per-measure">£4.17 / ltr</span></div></div></div></div><div class="pt__controls" data-testid="pt-control-buttons"><div class="pt-button"><button data-testid="add-button" aria-label="Add Birra Moretti Lager Beer Bottle 660ml to trolley" class="ln-c-button ln-c-button--filled ln-c-button--full pt__add-button" type="button">Add</button></div></div></div></div><div class="pt__icons__fav"><div data-testid="fav_heart-tooltip" class="ln-c-tooltip"><div><button class="pt__icons__fav--cta" data-testid="favourite-icon-empty" aria-label="Add to favourites"><svg role="presentation" class="pt__icons__fav--icon-empty ln-c-icon" viewBox="0 0 24 24" xmlns="http://www.w3.org/2000/svg"><title>Favourites</title><path d="M12 9.04l-1.992-2.002a3.502 3.502 0 0 0-4.975-.003 3.579 3.579 0 0 0 .003 5.034l6.842 6.88a.17.17 0 0 0 .243 0l6.842-6.88a3.576 3.576 0 0 0 .003-5.034 3.505 3.505 0 0 0-4.975.003l-1.992 2.003zm0-2.836l.759-.755a5.505 5.505 0 0 1 7.625.176 5.576 5.576 0 0 1-.003 7.855l-6.842 6.88a2.17 2.17 0 0 1-3.08 0l-6.841-6.88a5.579 5.579 0 0 1-.003-7.855 5.502 5.502 0 0 1 7.625-.176l.76.755z" fill="currentColor"></path></svg></button></div><div aria-live="polite" aria-atomic="true" role="tooltip"></div></div></div></article></li><li class="pt-grid-item ln-o-grid__item ln-u-6/12@xs ln-u-1/3@sm ln-u-3/12@md ln-u-2/12@xl"><article data-testid="product-tile-8151500" class="ln-c-card pt pt-card"><div aria-hidden="true"></div><div class="pt__content"><div class="pt__image-wrapper"><div><div class="pt-image__ribbon-wrapper"><a href="https://www.sainsburys.co.uk/gol-ui/product/old-speckled-hen-english-pale-ale-4x500ml" class="pt-image pt-image__link" tabindex="-1" aria-hidden="true"><picture><source srcset="https://assets.sainsburys-groceries.co.uk/gol/8151500/image.webp" type="image/webp"><source srcset="https://assets.sainsburys-groceries.co.uk/gol/8151500/image.jpg" type="image/jpeg"><img title="Old Speckled Hen Pale Ale Beer Cans 4x500ml" src="https://assets.sainsburys-groceries.co.uk/gol/8151500/image.jpg" alt="Old Speckled Hen Pale Ale Beer Cans 4x500ml" aria-hidden="true" data-testid="pt-image"></picture></a></div></div><div class="product-header product-header--citrus">&nbsp;</div></div><div class="pt__wrapper"><div class="pt__wrapper-inner"><div class="pt__wrapper__top"><div class="pt__info"><div class="product-description-box"><div><h2 class="pt__info__description" data-testid="product-tile-description"><a href="https://www.sainsburys.co.uk/gol-ui/product/old-speckled-hen-english-pale-ale-4x500ml" class="pt__link" title="Old Speckled Hen Pale Ale Beer Cans 4x500ml" aria-label="Old Speckled Hen Pale Ale Beer Cans 4x500ml">Old Speckled Hen Pale Ale Beer Cans 4x500ml</a></h2></div></div><div class="star-rating-container"><div><a href="https://www.sainsburys.co.uk/gol-ui/product/old-speckled-hen-english-pale-ale-4x500ml" class="star-rating-link" data-testid="star-rating" aria-label="4.4 out of 5, 14 reviews"><span class="ds-c-rating ds-c-rating--primary ds-c-rating--md" data-testid="review-count" data-pkgid="@sainsburys-tech/fable-3.53.0-rating"><div class="ds-c-rating__stars" role="img" title="Rating 4.4 out of 5" aria-label="Rating 4.4 out of 5, from 14 reviews"><svg fill="none" xmlns="http://www.w3.org/2000/svg" viewBox="0 0 24 24" role="img" aria-hidden="true"><defs><linearGradient id="star-gradient-:ds107:" x1="0" y1="0" x2="1" y2="0"><stop offset="100%"></stop><stop offset="0%"></stop></linearGradient></defs><path d="M11.613 18.413 7.473 20.7a.8.8 0 0 1-1.177-.828l.802-4.987a.801.801 0 0 0-.215-.685l-3.457-3.57a.802.802 0 0 1 .452-1.348l4.711-.732a.8.8 0 0 0 .602-.45l2.084-4.44a.8.8 0 0 1 1.45 0l2.084 4.44a.8.8 0 0 0 .602.45l4.711.732a.801.801 0 0 1 .452 1.349l-3.457 3.57a.8.8 0 0 0-.215.684l.801 4.987a.8.8 0 0 1-1.177.828l-4.14-2.287a.8.8 0 0 0-.773 0Z" fill="url(#star-gradient-:ds107:)"></path></svg><svg fill="none" xmlns="http://www.w3.org/2000/svg" viewBox="0 0 24 24" role="img" aria-hidden="true"><defs><linearGradient id="star-gradient-:ds108:" x1="0" y1="0" x2="1" y2="0"><stop offset="100%"></stop><stop offset="0%"></stop></linearGradient></defs><path d="M11.613 18.413 7.473 20.7a.8.8 0 0 1-1.177-.828l.802-4.987a.801.801 0 0 0-.215-.685l-3.457-3.57a.802.802 0 0 1 .452-1.348l4.711-.732a.8.8 0 0 0 .602-.45l2.084-4.44a.8.8 0 0 1 1.45 0l2.084 4.44a.8.8 0 0 0 .602.45l4.711.732a.801.801 0 0 1 .452 1.349l-3.457 3.57a.8.8 0 0 0-.215.684l.801 4.987a.8.8 0 0 1-1.177.828l-4.14-2.287a.8.8 0 0 0-.773 0Z" fill="url(#star-gradient-:ds108:)"></path></svg><svg fill="none" xmlns="http://www.w3.org/2000/svg" viewBox="0 0 24 24" role="img" aria-hidden="true"><defs><linearGradient id="star-gradient-:ds109:" x1="0" y1="0" x2="1" y2="0"><stop offset="100%"></stop><stop offset="0%"></stop></linearGradient></defs><path d="M11.613 18.413 7.473 20.7a.8.8 0 0 1-1.177-.828l.802-4.987a.801.801 0 0 0-.215-.685l-3.457-3.57a.802.802 0 0 1 .452-1.348l4.711-.732a.8.8 0 0 0 .602-.45l2.084-4.44a.8.8 0 0 1 1.45 0l2.084 4.44a.8.8 0 0 0 .602.45l4.711.732a.801.801 0 0 1 .452 1.349l-3.457 3.57a.8.8 0 0 0-.215.684l.801 4.987a.8.8 0 0 1-1.177.828l-4.14-2.287a.8.8 0 0 0-.773 0Z" fill="url(#star-gradient-:ds109:)"></path></svg><svg fill="none" xmlns="http://www.w3.org/2000/svg" viewBox="0 0 24 24" role="img" aria-hidden="true"><defs><linearGradient id="star-gradient-:ds110:" x1="0" y1="0" x2="1" y2="0"><stop offset="100%"></stop><stop offset="0%"></stop></linearGradient></defs><path d="M11.613 18.413 7.473 20.7a.8.8 0 0 1-1.177-.828l.802-4.987a.801.801 0 0 0-.215-.685l-3.457-3.57a.802.802 0 0 1 .452-1.348l4.711-.732a.8.8 0 0 0 .602-.45l2.084-4.44a.8.8 0 0 1 1.45 0l2.084 4.44a.8.8 0 0 0 .602.45l4.711.732a.801.801 0 0 1 .452 1.349l-3.457 3.57a.8.8 0 0 0-.215.684l.801 4.987a.8.8 0 0 1-1.177.828l-4.14-2.287a.8.8 0 0 0-.773 0Z" fill="url(#star-gradient-:ds110:)"></path></svg><svg fill="none" xmlns="http://www.w3.org/2000/svg" viewBox="0 0 24 24" role="img" aria-hidden="true"><defs><linearGradient id="star-gradient-:ds111:" x1="0" y1="0" x2="1" y2="0"><stop offset="42.86000000000003%"></stop><stop offset="0%"></stop></linearGradient></defs><path d="M11.613 18.413 7.473 20.7a.8.8 0 0 1-1.177-.828l.802-4.987a.801.801 0 0 0-.215-.685l-3.457-3.57a.802.802 0 0 1 .452-1.348l4.711-.732a.8.8 0 0 0 .602-.45l2.084-4.44a.8.8 0 0 1 1.45 0l2.084 4.44a.8.8 0 0 0 .602.45l4.711.732a.801.801 0 0 1 .452 1.349l-3.457 3.57a.8.8 0 0 0-.215.684l.801 4.987a.8.8 0 0 1-1.177.828l-4.14-2.287a.8.8 0 0 0-.773 0Z" fill="url(#star-gradient-:ds111:)"></path></svg></div><div class="ds-c-rating__body"><span class="ds-c-rating__rating-content" aria-hidden="true">(14)</span></div></span></a></div></div></div></div><div class="pt__wrapper__bottom"><div class="pt__data-entry"></div><div class="pt__cost"><div data-testid="pt-retail-price-and-unit" class="pt__cost__retail-price__wrapper pt__cost__retail-price__wrapper--no-promo"><span class="pt__cost__retail-price" data-testid="pt-retail-price">£5.75</span><span data-testid="pt-unit-price" class="pt__cost__unit-price-per-measure">£2.88 / ltr</span></div></div></div></div><div class="pt__controls" data-testid="pt-control-buttons"><div class="pt-button"><button data-testid="add-button" aria-label="Add Old Speckled Hen Pale Ale Beer Cans 4x500ml to trolley" class="ln-c-button ln-c-button--filled ln-c-button--full pt__add-button" type="button">Add</button></div></div></div></div><div class="pt__icons__fav"><div data-testid="fav_heart-tooltip" class="ln-c-tooltip"><div><button class="pt__icons__fav--cta" data-testid="favourite-icon-empty" aria-label="Add to favourites"><svg role="presentation" class="pt__icons__fav--icon-empty ln-c-icon" viewBox="0 0 24 24" xmlns="http://www.w3.org/2000/svg"><title>Favourites</title><path d="M12 9.04l-1.992-2.002a3.502 3.502 0 0 0-4.975-.003 3.579 3.579 0 0 0 .003 5.034l6.842 6.88a.17.17 0 0 0 .243 0l6.842-6.88a3.576 3.576 0 0 0 .003-5.034 3.505 3.505 0 0 0-4.975.003l-1.992 2.003zm0-2.836l.759-.755a5.505 5.505 0 0 1 7.625.176 5.576 5.576 0 0 1-.003 7.855l-6.842 6.88a2.17 2.17 0 0 1-3.08 0l-6.841-6.88a5.579 5.579 0 0 1-.003-7.855 5.502 5.502 0 0 1 7.625-.176l.76.755z" fill="currentColor"></path></svg></button></div><div aria-live="polite" aria-atomic="true" role="tooltip"></div></div></div></article></li><li class="pt-grid-item ln-o-grid__item ln-u-6/12@xs ln-u-1/3@sm ln-u-3/12@md ln-u-2/12@xl"><article data-testid="product-tile-3944790" class="ln-c-card pt pt-card"><div aria-hidden="true"><div class="product-details-title__tag"><span data-testid="nectar-price-label" class="promotional-tag--nectar">Nectar Price</span></div></div><div class="pt__content"><div class="pt__image-wrapper"><div><div class="pt-image__ribbon-wrapper"><a href="https://www.sainsburys.co.uk/gol-ui/product/greene-king-abbot-ale-4x500ml" class="pt-image pt-image__link" tabindex="-1" aria-hidden="true"><picture><source srcset="https://assets.sainsburys-groceries.co.uk/gol/3944790/image.webp" type="image/webp"><source srcset="https://assets.sainsburys-groceries.co.uk/gol/3944790/image.jpg" type="image/jpeg"><img title="Greene King Abbot Ale Beer Cans 4x500ml" src="https://assets.sainsburys-groceries.co.uk/gol/3944790/image.jpg" alt="Greene King Abbot Ale Beer Cans 4x500ml" aria-hidden="true" data-testid="pt-image"></picture></a></div></div><div class="product-header product-header--citrus">&nbsp;</div></div><div class="pt__wrapper"><div class="pt__wrapper-inner"><div class="pt__wrapper__top"><div class="pt__info"><div class="product-description-box"><div><h2 class="pt__info__description" data-testid="product-tile-description"><a href="https://www.sainsburys.co.uk/gol-ui/product/greene-king-abbot-ale-4x500ml" class="pt__link" title="Greene King Abbot Ale Beer Cans 4x500ml" aria-label="Nectar Price, Greene King Abbot Ale Beer Cans 4x500ml">Greene King Abbot Ale Beer Cans 4x500ml</a></h2></div></div><div class="star-rating-container"><div><a href="https://www.sainsburys.co.uk/gol-ui/product/greene-king-abbot-ale-4x500ml" class="star-rating-link" data-testid="star-rating" aria-label="5 out of 5, 10 reviews"><span class="ds-c-rating ds-c-rating--primary ds-c-rating--md" data-testid="review-count" data-pkgid="@sainsburys-tech/fable-3.53.0-rating"><div class="ds-c-rating__stars" role="img" title="Rating 5 out of 5" aria-label="Rating 5 out of 5, from 10 reviews"><svg fill="none" xmlns="http://www.w3.org/2000/svg" viewBox="0 0 24 24" role="img" aria-hidden="true"><defs><linearGradient id="star-gradient-:ds112:" x1="0" y1="0" x2="1" y2="0"><stop offset="100%"></stop><stop offset="0%"></stop></linearGradient></defs><path d="M11.613 18.413 7.473 20.7a.8.8 0 0 1-1.177-.828l.802-4.987a.801.801 0 0 0-.215-.685l-3.457-3.57a.802.802 0 0 1 .452-1.348l4.711-.732a.8.8 0 0 0 .602-.45l2.084-4.44a.8.8 0 0 1 1.45 0l2.084 4.44a.8.8 0 0 0 .602.45l4.711.732a.801.801 0 0 1 .452 1.349l-3.457 3.57a.8.8 0 0 0-.215.684l.801 4.987a.8.8 0 0 1-1.177.828l-4.14-2.287a.8.8 0 0 0-.773 0Z" fill="url(#star-gradient-:ds112:)"></path></svg><svg fill="none" xmlns="http://www.w3.org/2000/svg" viewBox="0 0 24 24" role="img" aria-hidden="true"><defs><linearGradient id="star-gradient-:ds113:" x1="0" y1="0" x2="1" y2="0"><stop offset="100%"></stop><stop offset="0%"></stop></linearGradient></defs><path d="M11.613 18.413 7.473 20.7a.8.8 0 0 1-1.177-.828l.802-4.987a.801.801 0 0 0-.215-.685l-3.457-3.57a.802.802 0 0 1 .452-1.348l4.711-.732a.8.8 0 0 0 .602-.45l2.084-4.44a.8.8 0 0 1 1.45 0l2.084 4.44a.8.8 0 0 0 .602.45l4.711.732a.801.801 0 0 1 .452 1.349l-3.457 3.57a.8.8 0 0 0-.215.684l.801 4.987a.8.8 0 0 1-1.177.828l-4.14-2.287a.8.8 0 0 0-.773 0Z" fill="url(#star-gradient-:ds113:)"></path></svg><svg fill="none" xmlns="http://www.w3.org/2000/svg" viewBox="0 0 24 24" role="img" aria-hidden="true"><defs><linearGradient id="star-gradient-:ds114:" x1="0" y1="0" x2="1" y2="0"><stop offset="100%"></stop><stop offset="0%"></stop></linearGradient></defs><path d="M11.613 18.413 7.473 20.7a.8.8 0 0 1-1.177-.828l.802-4.987a.801.801 0 0 0-.215-.685l-3.457-3.57a.802.802 0 0 1 .452-1.348l4.711-.732a.8.8 0 0 0 .602-.45l2.084-4.44a.8.8 0 0 1 1.45 0l2.084 4.44a.8.8 0 0 0 .602.45l4.711.732a.801.801 0 0 1 .452 1.349l-3.457 3.57a.8.8 0 0 0-.215.684l.801 4.987a.8.8 0 0 1-1.177.828l-4.14-2.287a.8.8 0 0 0-.773 0Z" fill="url(#star-gradient-:ds114:)"></path></svg><svg fill="none" xmlns="http://www.w3.org/2000/svg" viewBox="0 0 24 24" role="img" aria-hidden="true"><defs><linearGradient id="star-gradient-:ds115:" x1="0" y1="0" x2="1" y2="0"><stop offset="100%"></stop><stop offset="0%"></stop></linearGradient></defs><path d="M11.613 18.413 7.473 20.7a.8.8 0 0 1-1.177-.828l.802-4.987a.801.801 0 0 0-.215-.685l-3.457-3.57a.802.802 0 0 1 .452-1.348l4.711-.732a.8.8 0 0 0 .602-.45l2.084-4.44a.8.8 0 0 1 1.45 0l2.084 4.44a.8.8 0 0 0 .602.45l4.711.732a.801.801 0 0 1 .452 1.349l-3.457 3.57a.8.8 0 0 0-.215.684l.801 4.987a.8.8 0 0 1-1.177.828l-4.14-2.287a.8.8 0 0 0-.773 0Z" fill="url(#star-gradient-:ds115:)"></path></svg><svg fill="none" xmlns="http://www.w3.org/2000/svg" viewBox="0 0 24 24" role="img" aria-hidden="true"><defs><linearGradient id="star-gradient-:ds116:" x1="0" y1="0" x2="1" y2="0"><stop offset="100%"></stop><stop offset="0%"></stop></linearGradient></defs><path d="M11.613 18.413 7.473 20.7a.8.8 0 0 1-1.177-.828l.802-4.987a.801.801 0 0 0-.215-.685l-3.457-3.57a.802.802 0 0 1 .452-1.348l4.711-.732a.8.8 0 0 0 .602-.45l2.084-4.44a.8.8 0 0 1 1.45 0l2.084 4.44a.8.8 0 0 0 .602.45l4.711.732a.801.801 0 0 1 .452 1.349l-3.457 3.57a.8.8 0 0 0-.215.684l.801 4.987a.8.8 0 0 1-1.177.828l-4.14-2.287a.8.8 0 0 0-.773 0Z" fill="url(#star-gradient-:ds116:)"></path></svg></div><div class="ds-c-rating__body"><span class="ds-c-rating__rating-content" aria-hidden="true">(10)</span></div></span></a></div></div></div></div><div class="pt__wrapper__bottom"><div class="pt__data-entry"></div><div class="pt__cost"><div class="pt__cost__contextual--wrapper" data-testid="whole-contextual-price"><span data-testid="contextual-price" class="pt__cost__contextual pt__cost__contextual--with-nectar-not-associated"><span class="pt__cost--price" data-testid="contextual-price-text">£5.25</span></span><span data-testid="text-with-nectar" class="pt__with-or-without-nectar">with Nectar</span></div><div data-testid="pt-retail-price-and-unit" class="pt__cost__retail-price__wrapper"><span class="pt__cost__retail-price pt__cost__retail-price--with-nectar-not-associated" data-testid="pt-retail-price">£5.75</span><span data-testid="pt-unit-price" class="pt__cost__unit-price-per-measure">£2.88 / ltr</span></div></div></div></div><div class="pt__controls" data-testid="pt-control-buttons"><div class="pt-button"><button data-testid="add-button" aria-label="Add Greene King Abbot Ale Beer Cans 4x500ml to trolley" class="ln-c-button ln-c-button--filled ln-c-button--full pt__add-button" type="button">Add</button></div></div></div></div><div class="pt__icons__fav"><div data-testid="fav_heart-tooltip" class="ln-c-tooltip"><div><button class="pt__icons__fav--cta" data-testid="favourite-icon-empty" aria-label="Add to favourites"><svg role="presentation" class="pt__icons__fav--icon-empty ln-c-icon" viewBox="0 0 24 24" xmlns="http://www.w3.org/2000/svg"><title>Favourites</title><path d="M12 9.04l-1.992-2.002a3.502 3.502 0 0 0-4.975-.003 3.579 3.579 0 0 0 .003 5.034l6.842 6.88a.17.17 0 0 0 .243 0l6.842-6.88a3.576 3.576 0 0 0 .003-5.034 3.505 3.505 0 0 0-4.975.003l-1.992 2.003zm0-2.836l.759-.755a5.505 5.505 0 0 1 7.625.176 5.576 5.576 0 0 1-.003 7.855l-6.842 6.88a2.17 2.17 0 0 1-3.08 0l-6.841-6.88a5.579 5.579 0 0 1-.003-7.855 5.502 5.502 0 0 1 7.625-.176l.76.755z" fill="currentColor"></path></svg></button></div><div aria-live="polite" aria-atomic="true" role="tooltip"></div></div></div></article></li><li class="pt-grid-item ln-o-grid__item ln-u-6/12@xs ln-u-1/3@sm ln-u-3/12@md ln-u-2/12@xl"><article data-testid="product-tile-7613831" class="ln-c-card pt pt-card"><div aria-hidden="true"><div class="product-details-title__tag"><span data-testid="nectar-price-label" class="promotional-tag--nectar">Nectar Price</span></div></div><div class="pt__content"><div class="pt__image-wrapper"><div><div class="pt-image__ribbon-wrapper"><a href="https://www.sainsburys.co.uk/gol-ui/product/san-miguel-12x330ml" class="pt-image pt-image__link" tabindex="-1" aria-hidden="true"><picture><source srcset="https://assets.sainsburys-groceries.co.uk/gol/7613831/image.webp" type="image/webp"><source srcset="https://assets.sainsburys-groceries.co.uk/gol/7613831/image.jpg" type="image/jpeg"><img title="San Miguel Premium Lager Beer Bottles 12x330ml" src="https://assets.sainsburys-groceries.co.uk/gol/7613831/image.jpg" alt="San Miguel Premium Lager Beer Bottles 12x330ml" aria-hidden="true" data-testid="pt-image"></picture></a></div></div><div class="product-header product-header--citrus">&nbsp;</div></div><div class="pt__wrapper"><div class="pt__wrapper-inner"><div class="pt__wrapper__top"><div class="pt__info"><div class="product-description-box"><div><h2 class="pt__info__description" data-testid="product-tile-description"><a href="https://www.sainsburys.co.uk/gol-ui/product/san-miguel-12x330ml" class="pt__link" title="San Miguel Premium Lager Beer Bottles 12x330ml" aria-label="Nectar Price, San Miguel Premium Lager Beer Bottles 12x330ml">San Miguel Premium Lager Beer Bottles 12x330ml</a></h2></div></div><div class="star-rating-container"><div><a href="https://www.sainsburys.co.uk/gol-ui/product/san-miguel-12x330ml" class="star-rating-link" data-testid="star-rating" aria-label="4.4 out of 5, 215 reviews"><span class="ds-c-rating ds-c-rating--primary ds-c-rating--md" data-testid="review-count" data-pkgid="@sainsburys-tech/fable-3.53.0-rating"><div class="ds-c-rating__stars" role="img" title="Rating 4.4 out of 5" aria-label="Rating 4.4 out of 5, from 215 reviews"><svg fill="none" xmlns="http://www.w3.org/2000/svg" viewBox="0 0 24 24" role="img" aria-hidden="true"><defs><linearGradient id="star-gradient-:ds117:" x1="0" y1="0" x2="1" y2="0"><stop offset="100%"></stop><stop offset="0%"></stop></linearGradient></defs><path d="M11.613 18.413 7.473 20.7a.8.8 0 0 1-1.177-.828l.802-4.987a.801.801 0 0 0-.215-.685l-3.457-3.57a.802.802 0 0 1 .452-1.348l4.711-.732a.8.8 0 0 0 .602-.45l2.084-4.44a.8.8 0 0 1 1.45 0l2.084 4.44a.8.8 0 0 0 .602.45l4.711.732a.801.801 0 0 1 .452 1.349l-3.457 3.57a.8.8 0 0 0-.215.684l.801 4.987a.8.8 0 0 1-1.177.828l-4.14-2.287a.8.8 0 0 0-.773 0Z" fill="url(#star-gradient-:ds117:)"></path></svg><svg fill="none" xmlns="http://www.w3.org/2000/svg" viewBox="0 0 24 24" role="img" aria-hidden="true"><defs><linearGradient id="star-gradient-:ds118:" x1="0" y1="0" x2="1" y2="0"><stop offset="100%"></stop><stop offset="0%"></stop></linearGradient></defs><path d="M11.613 18.413 7.473 20.7a.8.8 0 0 1-1.177-.828l.802-4.987a.801.801 0 0 0-.215-.685l-3.457-3.57a.802.802 0 0 1 .452-1.348l4.711-.732a.8.8 0 0 0 .602-.45l2.084-4.44a.8.8 0 0 1 1.45 0l2.084 4.44a.8.8 0 0 0 .602.45l4.711.732a.801.801 0 0 1 .452 1.349l-3.457 3.57a.8.8 0 0 0-.215.684l.801 4.987a.8.8 0 0 1-1.177.828l-4.14-2.287a.8.8 0 0 0-.773 0Z" fill="url(#star-gradient-:ds118:)"></path></svg><svg fill="none" xmlns="http://www.w3.org/2000/svg" viewBox="0 0 24 24" role="img" aria-hidden="true"><defs><linearGradient id="star-gradient-:ds119:" x1="0" y1="0" x2="1" y2="0"><stop offset="100%"></stop><stop offset="0%"></stop></linearGradient></defs><path d="M11.613 18.413 7.473 20.7a.8.8 0 0 1-1.177-.828l.802-4.987a.801.801 0 0 0-.215-.685l-3.457-3.57a.802.802 0 0 1 .452-1.348l4.711-.732a.8.8 0 0 0 .602-.45l2.084-4.44a.8.8 0 0 1 1.45 0l2.084 4.44a.8.8 0 0 0 .602.45l4.711.732a.801.801 0 0 1 .452 1.349l-3.457 3.57a.8.8 0 0 0-.215.684l.801 4.987a.8.8 0 0 1-1.177.828l-4.14-2.287a.8.8 0 0 0-.773 0Z" fill="url(#star-gradient-:ds119:)"></path></svg><svg fill="none" xmlns="http://www.w3.org/2000/svg" viewBox="0 0 24 24" role="img" aria-hidden="true"><defs><linearGradient id="star-gradient-:ds120:" x1="0" y1="0" x2="1" y2="0"><stop offset="100%"></stop><stop offset="0%"></stop></linearGradient></defs><path d="M11.613 18.413 7.473 20.7a.8.8 0 0 1-1.177-.828l.802-4.987a.801.801 0 0 0-.215-.685l-3.457-3.57a.802.802 0 0 1 .452-1.348l4.711-.732a.8.8 0 0 0 .602-.45l2.084-4.44a.8.8 0 0 1 1.45 0l2.084 4.44a.8.8 0 0 0 .602.45l4.711.732a.801.801 0 0 1 .452 1.349l-3.457 3.57a.8.8 0 0 0-.215.684l.801 4.987a.8.8 0 0 1-1.177.828l-4.14-2.287a.8.8 0 0 0-.773 0Z" fill="url(#star-gradient-:ds120:)"></path></svg><svg fill="none" xmlns="http://www.w3.org/2000/svg" viewBox="0 0 24 24" role="img" aria-hidden="true"><defs><linearGradient id="star-gradient-:ds121:" x1="0" y1="0" x2="1" y2="0"><stop offset="36.739999999999995%"></stop><stop offset="0%"></stop></linearGradient></defs><path d="M11.613 18.413 7.473 20.7a.8.8 0 0 1-1.177-.828l.802-4.987a.801.801 0 0 0-.215-.685l-3.457-3.57a.802.802 0 0 1 .452-1.348l4.711-.732a.8.8 0 0 0 .602-.45l2.084-4.44a.8.8 0 0 1 1.45 0l2.084 4.44a.8.8 0 0 0 .602.45l4.711.732a.801.801 0 0 1 .452 1.349l-3.457 3.57a.8.8 0 0 0-.215.684l.801 4.987a.8.8 0 0 1-1.177.828l-4.14-2.287a.8.8 0 0 0-.773 0Z" fill="url(#star-gradient-:ds121:)"></path></svg></div><div class="ds-c-rating__body"><span class="ds-c-rating__rating-content" aria-hidden="true">(215)</span></div></span></a></div></div></div></div><div class="pt__wrapper__bottom"><div class="pt__data-entry"></div><div class="pt__cost"><div class="pt__cost__contextual--wrapper" data-testid="whole-contextual-price"><span data-testid="contextual-price" class="pt__cost__contextual pt__cost__contextual--with-nectar-not-associated"><span class="pt__cost--price" data-testid="contextual-price-text">£11.00</span></span><span data-testid="text-with-nectar" class="pt__with-or-without-nectar">with Nectar</span></div><div data-testid="pt-retail-price-and-unit" class="pt__cost__retail-price__wrapper"><span class="pt__cost__retail-price pt__cost__retail-price--with-nectar-not-associated" data-testid="pt-retail-price">£12.50</span><span data-testid="pt-unit-price" class="pt__cost__unit-price-per-measure">£3.16 / ltr</span></div></div></div></div><div class="pt__controls" data-testid="pt-control-buttons"><div class="pt-button"><button data-testid="add-button" aria-label="Add San Miguel Premium Lager Beer Bottles 12x330ml to trolley" class="ln-c-button ln-c-button--filled ln-c-button--full pt__add-button" type="button">Add</button></div></div></div></div><div class="pt__icons__fav"><div data-testid="fav_heart-tooltip" class="ln-c-tooltip"><div><button class="pt__icons__fav--cta" data-testid="favourite-icon-empty" aria-label="Add to favourites"><svg role="presentation" class="pt__icons__fav--icon-empty ln-c-icon" viewBox="0 0 24 24" xmlns="http://www.w3.org/2000/svg"><title>Favourites</title><path d="M12 9.04l-1.992-2.002a3.502 3.502 0 0 0-4.975-.003 3.579 3.579 0 0 0 .003 5.034l6.842 6.88a.17.17 0 0 0 .243 0l6.842-6.88a3.576 3.576 0 0 0 .003-5.034 3.505 3.505 0 0 0-4.975.003l-1.992 2.003zm0-2.836l.759-.755a5.505 5.505 0 0 1 7.625.176 5.576 5.576 0 0 1-.003 7.855l-6.842 6.88a2.17 2.17 0 0 1-3.08 0l-6.841-6.88a5.579 5.579 0 0 1-.003-7.855 5.502 5.502 0 0 1 7.625-.176l.76.755z" fill="currentColor"></path></svg></button></div><div aria-live="polite" aria-atomic="true" role="tooltip"></div></div></div></article></li><li class="pt-grid-item ln-o-grid__item ln-u-6/12@xs ln-u-1/3@sm ln-u-3/12@md ln-u-2/12@xl"><article data-testid="product-tile-8068848" class="ln-c-card pt pt-card"><div aria-hidden="true"><div class="product-details-title__tag"><span data-testid="nectar-price-label" class="promotional-tag--nectar">Nectar Price</span></div></div><div class="pt__content"><div class="pt__image-wrapper"><div><div class="pt-image__ribbon-wrapper"><a href="https://www.sainsburys.co.uk/gol-ui/product/birra-moretti-lager-beer-bottle-18x330ml" class="pt-image pt-image__link" tabindex="-1" aria-hidden="true"><picture><source srcset="https://assets.sainsburys-groceries.co.uk/gol/8068848/image.webp" type="image/webp"><source srcset="https://assets.sainsburys-groceries.co.uk/gol/8068848/image.jpg" type="image/jpeg"><img title="Birra Moretti Lager Beer Bottle 18x330ml" src="https://assets.sainsburys-groceries.co.uk/gol/8068848/image.jpg" alt="Birra Moretti Lager Beer Bottle 18x330ml" aria-hidden="true" data-testid="pt-image"></picture></a></div></div><div class="product-header product-header--citrus">&nbsp;</div></div><div class="pt__wrapper"><div class="pt__wrapper-inner"><div class="pt__wrapper__top"><div class="pt__info"><div class="product-description-box"><div><h2 class="pt__info__description" data-testid="product-tile-description"><a href="https://www.sainsburys.co.uk/gol-ui/product/birra-moretti-lager-beer-bottle-18x330ml" class="pt__link" title="Birra Moretti Lager Beer Bottle 18x330ml" aria-label="Nectar Price, Birra Moretti Lager Beer Bottle 18x330ml">Birra Moretti Lager Beer Bottle 18x330ml</a></h2></div></div><div class="star-rating-container"><div><a href="https://www.sainsburys.co.uk/gol-ui/product/birra-moretti-lager-beer-bottle-18x330ml" class="star-rating-link" data-testid="star-rating" aria-label="4.1 out of 5, 73 reviews"><span class="ds-c-rating ds-c-rating--primary ds-c-rating--md" data-testid="review-count" data-pkgid="@sainsburys-tech/fable-3.53.0-rating"><div class="ds-c-rating__stars" role="img" title="Rating 4.1 out of 5" aria-label="Rating 4.1 out of 5, from 73 reviews"><svg fill="none" xmlns="http://www.w3.org/2000/svg" viewBox="0 0 24 24" role="img" aria-hidden="true"><defs><linearGradient id="star-gradient-:ds122:" x1="0" y1="0" x2="1" y2="0"><stop offset="100%"></stop><stop offset="0%"></stop></linearGradient></defs><path d="M11.613 18.413 7.473 20.7a.8.8 0 0 1-1.177-.828l.802-4.987a.801.801 0 0 0-.215-.685l-3.457-3.57a.802.802 0 0 1 .452-1.348l4.711-.732a.8.8 0 0 0 .602-.45l2.084-4.44a.8.8 0 0 1 1.45 0l2.084 4.44a.8.8 0 0 0 .602.45l4.711.732a.801.801 0 0 1 .452 1.349l-3.457 3.57a.8.8 0 0 0-.215.684l.801 4.987a.8.8 0 0 1-1.177.828l-4.14-2.287a.8.8 0 0 0-.773 0Z" fill="url(#star-gradient-:ds122:)"></path></svg><svg fill="none" xmlns="http://www.w3.org/2000/svg" viewBox="0 0 24 24" role="img" aria-hidden="true"><defs><linearGradient id="star-gradient-:ds123:" x1="0" y1="0" x2="1" y2="0"><stop offset="100%"></stop><stop offset="0%"></stop></linearGradient></defs><path d="M11.613 18.413 7.473 20.7a.8.8 0 0 1-1.177-.828l.802-4.987a.801.801 0 0 0-.215-.685l-3.457-3.57a.802.802 0 0 1 .452-1.348l4.711-.732a.8.8 0 0 0 .602-.45l2.084-4.44a.8.8 0 0 1 1.45 0l2.084 4.44a.8.8 0 0 0 .602.45l4.711.732a.801.801 0 0 1 .452 1.349l-3.457 3.57a.8.8 0 0 0-.215.684l.801 4.987a.8.8 0 0 1-1.177.828l-4.14-2.287a.8.8 0 0 0-.773 0Z" fill="url(#star-gradient-:ds123:)"></path></svg><svg fill="none" xmlns="http://www.w3.org/2000/svg" viewBox="0 0 24 24" role="img" aria-hidden="true"><defs><linearGradient id="star-gradient-:ds124:" x1="0" y1="0" x2="1" y2="0"><stop offset="100%"></stop><stop offset="0%"></stop></linearGradient></defs><path d="M11.613 18.413 7.473 20.7a.8.8 0 0 1-1.177-.828l.802-4.987a.801.801 0 0 0-.215-.685l-3.457-3.57a.802.802 0 0 1 .452-1.348l4.711-.732a.8.8 0 0 0 .602-.45l2.084-4.44a.8.8 0 0 1 1.45 0l2.084 4.44a.8.8 0 0 0 .602.45l4.711.732a.801.801 0 0 1 .452 1.349l-3.457 3.57a.8.8 0 0 0-.215.684l.801 4.987a.8.8 0 0 1-1.177.828l-4.14-2.287a.8.8 0 0 0-.773 0Z" fill="url(#star-gradient-:ds124:)"></path></svg><svg fill="none" xmlns="http://www.w3.org/2000/svg" viewBox="0 0 24 24" role="img" aria-hidden="true"><defs><linearGradient id="star-gradient-:ds125:" x1="0" y1="0" x2="1" y2="0"><stop offset="100%"></stop><stop offset="0%"></stop></linearGradient></defs><path d="M11.613 18.413 7.473 20.7a.8.8 0 0 1-1.177-.828l.802-4.987a.801.801 0 0 0-.215-.685l-3.457-3.57a.802.802 0 0 1 .452-1.348l4.711-.732a.8.8 0 0 0 .602-.45l2.084-4.44a.8.8 0 0 1 1.45 0l2.084 4.44a.8.8 0 0 0 .602.45l4.711.732a.801.801 0 0 1 .452 1.349l-3.457 3.57a.8.8 0 0 0-.215.684l.801 4.987a.8.8 0 0 1-1.177.828l-4.14-2.287a.8.8 0 0 0-.773 0Z" fill="url(#star-gradient-:ds125:)"></path></svg><svg fill="none" xmlns="http://www.w3.org/2000/svg" viewBox="0 0 24 24" role="img" aria-hidden="true"><defs><linearGradient id="star-gradient-:ds126:" x1="0" y1="0" x2="1" y2="0"><stop offset="10.960000000000036%"></stop><stop offset="0%"></stop></linearGradient></defs><path d="M11.613 18.413 7.473 20.7a.8.8 0 0 1-1.177-.828l.802-4.987a.801.801 0 0 0-.215-.685l-3.457-3.57a.802.802 0 0 1 .452-1.348l4.711-.732a.8.8 0 0 0 .602-.45l2.084-4.44a.8.8 0 0 1 1.45 0l2.084 4.44a.8.8 0 0 0 .602.45l4.711.732a.801.801 0 0 1 .452 1.349l-3.457 3.57a.8.8 0 0 0-.215.684l.801 4.987a.8.8 0 0 1-1.177.828l-4.14-2.287a.8.8 0 0 0-.773 0Z" fill="url(#star-gradient-:ds126:)"></path></svg></div><div class="ds-c-rating__body"><span class="ds-c-rating__rating-content" aria-hidden="true">(73)</span></div></span></a></div></div></div></div><div class="pt__wrapper__bottom"><div class="pt__data-entry"></div><div class="pt__cost"><div class="pt__cost__contextual--wrapper" data-testid="whole-contextual-price"><span data-testid="contextual-price" class="pt__cost__contextual pt__cost__contextual--with-nectar-not-associated"><span class="pt__cost--price" data-testid="contextual-price-text">£20.00</span></span><span data-testid="text-with-nectar" class="pt__with-or-without-nectar">with Nectar</span></div><div data-testid="pt-retail-price-and-unit" class="pt__cost__retail-price__wrapper"><span class="pt__cost__retail-price pt__cost__retail-price--with-nectar-not-associated" data-testid="pt-retail-price">£23.00</span><span data-testid="pt-unit-price" class="pt__cost__unit-price-per-measure">£3.87 / ltr</span></div></div></div></div><div class="pt__controls" data-testid="pt-control-buttons"><div class="pt-button"><button data-testid="add-button" aria-label="Add Birra Moretti Lager Beer Bottle 18x330ml to trolley" class="ln-c-button ln-c-button--filled ln-c-button--full pt__add-button" type="button">Add</button></div></div></div></div><div class="pt__icons__fav"><div data-testid="fav_heart-tooltip" class="ln-c-tooltip"><div><button class="pt__icons__fav--cta" data-testid="favourite-icon-empty" aria-label="Add to favourites"><svg role="presentation" class="pt__icons__fav--icon-empty ln-c-icon" viewBox="0 0 24 24" xmlns="http://www.w3.org/2000/svg"><title>Favourites</title><path d="M12 9.04l-1.992-2.002a3.502 3.502 0 0 0-4.975-.003 3.579 3.579 0 0 0 .003 5.034l6.842 6.88a.17.17 0 0 0 .243 0l6.842-6.88a3.576 3.576 0 0 0 .003-5.034 3.505 3.505 0 0 0-4.975.003l-1.992 2.003zm0-2.836l.759-.755a5.505 5.505 0 0 1 7.625.176 5.576 5.576 0 0 1-.003 7.855l-6.842 6.88a2.17 2.17 0 0 1-3.08 0l-6.841-6.88a5.579 5.579 0 0 1-.003-7.855 5.502 5.502 0 0 1 7.625-.176l.76.755z" fill="currentColor"></path></svg></button></div><div aria-live="polite" aria-atomic="true" role="tooltip"></div></div></div></article></li><li class="pt-grid-item ln-o-grid__item ln-u-6/12@xs ln-u-1/3@sm ln-u-3/12@md ln-u-2/12@xl"><article data-testid="product-tile-7961376" class="ln-c-card pt pt-card"><div aria-hidden="true"><div class="product-details-title__tag"><span data-testid="nectar-price-label" class="promotional-tag--nectar">Nectar Price</span></div></div><div class="pt__content"><div class="pt__image-wrapper"><div><div class="pt-image__ribbon-wrapper"><a href="https://www.sainsburys.co.uk/gol-ui/product/kronenbourg-1664-premium-beer-15-x-440ml-7961376-p" class="pt-image pt-image__link" tabindex="-1" aria-hidden="true"><picture><source srcset="https://assets.sainsburys-groceries.co.uk/gol/7961376/image.webp" type="image/webp"><source srcset="https://assets.sainsburys-groceries.co.uk/gol/7961376/image.jpg" type="image/jpeg"><img title="Kronenbourg 1664 Lager Beer Cans 15 x 440ml" src="https://assets.sainsburys-groceries.co.uk/gol/7961376/image.jpg" alt="Kronenbourg 1664 Lager Beer Cans 15 x 440ml" aria-hidden="true" data-testid="pt-image"></picture></a></div></div><div class="product-header product-header--citrus">&nbsp;</div></div><div class="pt__wrapper"><div class="pt__wrapper-inner"><div class="pt__wrapper__top"><div class="pt__info"><div class="product-description-box"><div><h2 class="pt__info__description" data-testid="product-tile-description"><a href="https://www.sainsburys.co.uk/gol-ui/product/kronenbourg-1664-premium-beer-15-x-440ml-7961376-p" class="pt__link" title="Kronenbourg 1664 Lager Beer Cans 15 x 440ml" aria-label="Nectar Price, Kronenbourg 1664 Lager Beer Cans 15 x 440ml">Kronenbourg 1664 Lager Beer Cans 15 x 440ml</a></h2></div></div><div class="star-rating-container"><div><a href="https://www.sainsburys.co.uk/gol-ui/product/kronenbourg-1664-premium-beer-15-x-440ml-7961376-p" class="star-rating-link" data-testid="star-rating" aria-label="3.5 out of 5, 166 reviews"><span class="ds-c-rating ds-c-rating--primary ds-c-rating--md" data-testid="review-count" data-pkgid="@sainsburys-tech/fable-3.53.0-rating"><div class="ds-c-rating__stars" role="img" title="Rating 3.5 out of 5" aria-label="Rating 3.5 out of 5, from 166 reviews"><svg fill="none" xmlns="http://www.w3.org/2000/svg" viewBox="0 0 24 24" role="img" aria-hidden="true"><defs><linearGradient id="star-gradient-:ds127:" x1="0" y1="0" x2="1" y2="0"><stop offset="100%"></stop><stop offset="0%"></stop></linearGradient></defs><path d="M11.613 18.413 7.473 20.7a.8.8 0 0 1-1.177-.828l.802-4.987a.801.801 0 0 0-.215-.685l-3.457-3.57a.802.802 0 0 1 .452-1.348l4.711-.732a.8.8 0 0 0 .602-.45l2.084-4.44a.8.8 0 0 1 1.45 0l2.084 4.44a.8.8 0 0 0 .602.45l4.711.732a.801.801 0 0 1 .452 1.349l-3.457 3.57a.8.8 0 0 0-.215.684l.801 4.987a.8.8 0 0 1-1.177.828l-4.14-2.287a.8.8 0 0 0-.773 0Z" fill="url(#star-gradient-:ds127:)"></path></svg><svg fill="none" xmlns="http://www.w3.org/2000/svg" viewBox="0 0 24 24" role="img" aria-hidden="true"><defs><linearGradient id="star-gradient-:ds128:" x1="0" y1="0" x2="1" y2="0"><stop offset="100%"></stop><stop offset="0%"></stop></linearGradient></defs><path d="M11.613 18.413 7.473 20.7a.8.8 0 0 1-1.177-.828l.802-4.987a.801.801 0 0 0-.215-.685l-3.457-3.57a.802.802 0 0 1 .452-1.348l4.711-.732a.8.8 0 0 0 .602-.45l2.084-4.44a.8.8 0 0 1 1.45 0l2.084 4.44a.8.8 0 0 0 .602.45l4.711.732a.801.801 0 0 1 .452 1.349l-3.457 3.57a.8.8 0 0 0-.215.684l.801 4.987a.8.8 0 0 1-1.177.828l-4.14-2.287a.8.8 0 0 0-.773 0Z" fill="url(#star-gradient-:ds128:)"></path></svg><svg fill="none" xmlns="http://www.w3.org/2000/svg" viewBox="0 0 24 24" role="img" aria-hidden="true"><defs><linearGradient id="star-gradient-:ds129:" x1="0" y1="0" x2="1" y2="0"><stop offset="100%"></stop><stop offset="0%"></stop></linearGradient></defs><path d="M11.613 18.413 7.473 20.7a.8.8 0 0 1-1.177-.828l.802-4.987a.801.801 0 0 0-.215-.685l-3.457-3.57a.802.802 0 0 1 .452-1.348l4.711-.732a.8.8 0 0 0 .602-.45l2.084-4.44a.8.8 0 0 1 1.45 0l2.084 4.44a.8.8 0 0 0 .602.45l4.711.732a.801.801 0 0 1 .452 1.349l-3.457 3.57a.8.8 0 0 0-.215.684l.801 4.987a.8.8 0 0 1-1.177.828l-4.14-2.287a.8.8 0 0 0-.773 0Z" fill="url(#star-gradient-:ds129:)"></path></svg><svg fill="none" xmlns="http://www.w3.org/2000/svg" viewBox="0 0 24 24" role="img" aria-hidden="true"><defs><linearGradient id="star-gradient-:ds130:" x1="0" y1="0" x2="1" y2="0"><stop offset="50%"></stop><stop offset="0%"></stop></linearGradient></defs><path d="M11.613 18.413 7.473 20.7a.8.8 0 0 1-1.177-.828l.802-4.987a.801.801 0 0 0-.215-.685l-3.457-3.57a.802.802 0 0 1 .452-1.348l4.711-.732a.8.8 0 0 0 .602-.45l2.084-4.44a.8.8 0 0 1 1.45 0l2.084 4.44a.8.8 0 0 0 .602.45l4.711.732a.801.801 0 0 1 .452 1.349l-3.457 3.57a.8.8 0 0 0-.215.684l.801 4.987a.8.8 0 0 1-1.177.828l-4.14-2.287a.8.8 0 0 0-.773 0Z" fill="url(#star-gradient-:ds130:)"></path></svg><svg fill="none" xmlns="http://www.w3.org/2000/svg" viewBox="0 0 24 24" role="img" aria-hidden="true"><defs><linearGradient id="star-gradient-:ds131:" x1="0" y1="0" x2="1" y2="0"><stop offset="0%"></stop><stop offset="0%"></stop></linearGradient></defs><path d="M11.613 18.413 7.473 20.7a.8.8 0 0 1-1.177-.828l.802-4.987a.801.801 0 0 0-.215-.685l-3.457-3.57a.802.802 0 0 1 .452-1.348l4.711-.732a.8.8 0 0 0 .602-.45l2.084-4.44a.8.8 0 0 1 1.45 0l2.084 4.44a.8.8 0 0 0 .602.45l4.711.732a.801.801 0 0 1 .452 1.349l-3.457 3.57a.8.8 0 0 0-.215.684l.801 4.987a.8.8 0 0 1-1.177.828l-4.14-2.287a.8.8 0 0 0-.773 0Z" fill="url(#star-gradient-:ds131:)"></path></svg></div><div class="ds-c-rating__body"><span class="ds-c-rating__rating-content" aria-hidden="true">(166)</span></div></span></a></div></div></div></div><div class="pt__wrapper__bottom"><div class="pt__data-entry"></div><div class="pt__cost"><div class="pt__cost__contextual--wrapper" data-testid="whole-contextual-price"><span data-testid="contextual-price" class="pt__cost__contextual pt__cost__contextual--with-nectar-not-associated"><span class="pt__cost--price" data-testid="contextual-price-text">£12.00</span></span><span data-testid="text-with-nectar" class="pt__with-or-without-nectar">with Nectar</span></div><div data-testid="pt-retail-price-and-unit" class="pt__cost__retail-price__wrapper"><span class="pt__cost__retail-price pt__cost__retail-price--with-nectar-not-associated" data-testid="pt-retail-price">£17.00</span><span data-testid="pt-unit-price" class="pt__cost__unit-price-per-measure">£2.58 / ltr</span></div></div></div></div><div class="pt__controls" data-testid="pt-control-buttons"><div class="pt-button"><button data-testid="add-button" aria-label="Add Kronenbourg 1664 Lager Beer Cans 15 x 440ml to trolley" class="ln-c-button ln-c-button--filled ln-c-button--full pt__add-button" type="button">Add</button></div></div></div></div><div class="pt__icons__fav"><div data-testid="fav_heart-tooltip" class="ln-c-tooltip"><div><button class="pt__icons__fav--cta" data-testid="favourite-icon-empty" aria-label="Add to favourites"><svg role="presentation" class="pt__icons__fav--icon-empty ln-c-icon" viewBox="0 0 24 24" xmlns="http://www.w3.org/2000/svg"><title>Favourites</title><path d="M12 9.04l-1.992-2.002a3.502 3.502 0 0 0-4.975-.003 3.579 3.579 0 0 0 .003 5.034l6.842 6.88a.17.17 0 0 0 .243 0l6.842-6.88a3.576 3.576 0 0 0 .003-5.034 3.505 3.505 0 0 0-4.975.003l-1.992 2.003zm0-2.836l.759-.755a5.505 5.505 0 0 1 7.625.176 5.576 5.576 0 0 1-.003 7.855l-6.842 6.88a2.17 2.17 0 0 1-3.08 0l-6.841-6.88a5.579 5.579 0 0 1-.003-7.855 5.502 5.502 0 0 1 7.625-.176l.76.755z" fill="currentColor"></path></svg></button></div><div aria-live="polite" aria-atomic="true" role="tooltip"></div></div></div></article></li><li class="pt-grid-item ln-o-grid__item ln-u-6/12@xs ln-u-1/3@sm ln-u-3/12@md ln-u-2/12@xl"><article data-testid="product-tile-7855717" class="ln-c-card pt pt-card"><div aria-hidden="true"></div><div class="pt__content"><div class="pt__image-wrapper"><div><div class="pt-image__ribbon-wrapper"><a href="https://www.sainsburys.co.uk/gol-ui/product/carling-lager-18x440ml" class="pt-image pt-image__link" tabindex="-1" aria-hidden="true"><picture><source srcset="https://assets.sainsburys-groceries.co.uk/gol/7855717/image.webp" type="image/webp"><source srcset="https://assets.sainsburys-groceries.co.uk/gol/7855717/image.jpg" type="image/jpeg"><img title="Carling Original Lager Beer Cans x18 440ml" src="https://assets.sainsburys-groceries.co.uk/gol/7855717/image.jpg" alt="Carling Original Lager Beer Cans x18 440ml" aria-hidden="true" data-testid="pt-image"></picture></a></div></div><div class="product-header product-header--citrus">&nbsp;</div></div><div class="pt__wrapper"><div class="pt__wrapper-inner"><div class="pt__wrapper__top"><div class="pt__info"><div class="product-description-box"><div><h2 class="pt__info__description" data-testid="product-tile-description"><a href="https://www.sainsburys.co.uk/gol-ui/product/carling-lager-18x440ml" class="pt__link" title="Carling Original Lager Beer Cans x18 440ml" aria-label="Carling Original Lager Beer Cans x18 440ml">Carling Original Lager Beer Cans x18 440ml</a></h2></div></div><div class="star-rating-container"><div><a href="https://www.sainsburys.co.uk/gol-ui/product/carling-lager-18x440ml" class="star-rating-link" data-testid="star-rating" aria-label="4.1 out of 5, 23 reviews"><span class="ds-c-rating ds-c-rating--primary ds-c-rating--md" data-testid="review-count" data-pkgid="@sainsburys-tech/fable-3.53.0-rating"><div class="ds-c-rating__stars" role="img" title="Rating 4.1 out of 5" aria-label="Rating 4.1 out of 5, from 23 reviews"><svg fill="none" xmlns="http://www.w3.org/2000/svg" viewBox="0 0 24 24" role="img" aria-hidden="true"><defs><linearGradient id="star-gradient-:ds132:" x1="0" y1="0" x2="1" y2="0"><stop offset="100%"></stop><stop offset="0%"></stop></linearGradient></defs><path d="M11.613 18.413 7.473 20.7a.8.8 0 0 1-1.177-.828l.802-4.987a.801.801 0 0 0-.215-.685l-3.457-3.57a.802.802 0 0 1 .452-1.348l4.711-.732a.8.8 0 0 0 .602-.45l2.084-4.44a.8.8 0 0 1 1.45 0l2.084 4.44a.8.8 0 0 0 .602.45l4.711.732a.801.801 0 0 1 .452 1.349l-3.457 3.57a.8.8 0 0 0-.215.684l.801 4.987a.8.8 0 0 1-1.177.828l-4.14-2.287a.8.8 0 0 0-.773 0Z" fill="url(#star-gradient-:ds132:)"></path></svg><svg fill="none" xmlns="http://www.w3.org/2000/svg" viewBox="0 0 24 24" role="img" aria-hidden="true"><defs><linearGradient id="star-gradient-:ds133:" x1="0" y1="0" x2="1" y2="0"><stop offset="100%"></stop><stop offset="0%"></stop></linearGradient></defs><path d="M11.613 18.413 7.473 20.7a.8.8 0 0 1-1.177-.828l.802-4.987a.801.801 0 0 0-.215-.685l-3.457-3.57a.802.802 0 0 1 .452-1.348l4.711-.732a.8.8 0 0 0 .602-.45l2.084-4.44a.8.8 0 0 1 1.45 0l2.084 4.44a.8.8 0 0 0 .602.45l4.711.732a.801.801 0 0 1 .452 1.349l-3.457 3.57a.8.8 0 0 0-.215.684l.801 4.987a.8.8 0 0 1-1.177.828l-4.14-2.287a.8.8 0 0 0-.773 0Z" fill="url(#star-gradient-:ds133:)"></path></svg><svg fill="none" xmlns="http://www.w3.org/2000/svg" viewBox="0 0 24 24" role="img" aria-hidden="true"><defs><linearGradient id="star-gradient-:ds134:" x1="0" y1="0" x2="1" y2="0"><stop offset="100%"></stop><stop offset="0%"></stop></linearGradient></defs><path d="M11.613 18.413 7.473 20.7a.8.8 0 0 1-1.177-.828l.802-4.987a.801.801 0 0 0-.215-.685l-3.457-3.57a.802.802 0 0 1 .452-1.348l4.711-.732a.8.8 0 0 0 .602-.45l2.084-4.44a.8.8 0 0 1 1.45 0l2.084 4.44a.8.8 0 0 0 .602.45l4.711.732a.801.801 0 0 1 .452 1.349l-3.457 3.57a.8.8 0 0 0-.215.684l.801 4.987a.8.8 0 0 1-1.177.828l-4.14-2.287a.8.8 0 0 0-.773 0Z" fill="url(#star-gradient-:ds134:)"></path></svg><svg fill="none" xmlns="http://www.w3.org/2000/svg" viewBox="0 0 24 24" role="img" aria-hidden="true"><defs><linearGradient id="star-gradient-:ds135:" x1="0" y1="0" x2="1" y2="0"><stop offset="100%"></stop><stop offset="0%"></stop></linearGradient></defs><path d="M11.613 18.413 7.473 20.7a.8.8 0 0 1-1.177-.828l.802-4.987a.801.801 0 0 0-.215-.685l-3.457-3.57a.802.802 0 0 1 .452-1.348l4.711-.732a.8.8 0 0 0 .602-.45l2.084-4.44a.8.8 0 0 1 1.45 0l2.084 4.44a.8.8 0 0 0 .602.45l4.711.732a.801.801 0 0 1 .452 1.349l-3.457 3.57a.8.8 0 0 0-.215.684l.801 4.987a.8.8 0 0 1-1.177.828l-4.14-2.287a.8.8 0 0 0-.773 0Z" fill="url(#star-gradient-:ds135:)"></path></svg><svg fill="none" xmlns="http://www.w3.org/2000/svg" viewBox="0 0 24 24" role="img" aria-hidden="true"><defs><linearGradient id="star-gradient-:ds136:" x1="0" y1="0" x2="1" y2="0"><stop offset="13.039999999999985%"></stop><stop offset="0%"></stop></linearGradient></defs><path d="M11.613 18.413 7.473 20.7a.8.8 0 0 1-1.177-.828l.802-4.987a.801.801 0 0 0-.215-.685l-3.457-3.57a.802.802 0 0 1 .452-1.348l4.711-.732a.8.8 0 0 0 .602-.45l2.084-4.44a.8.8 0 0 1 1.45 0l2.084 4.44a.8.8 0 0 0 .602.45l4.711.732a.801.801 0 0 1 .452 1.349l-3.457 3.57a.8.8 0 0 0-.215.684l.801 4.987a.8.8 0 0 1-1.177.828l-4.14-2.287a.8.8 0 0 0-.773 0Z" fill="url(#star-gradient-:ds136:)"></path></svg></div><div class="ds-c-rating__body"><span class="ds-c-rating__rating-content" aria-hidden="true">(23)</span></div></span></a></div></div></div></div><div class="pt__wrapper__bottom"><div class="pt__data-entry"></div><div class="pt__cost"><div data-testid="pt-retail-price-and-unit" class="pt__cost__retail-price__wrapper pt__cost__retail-price__wrapper--no-promo"><span class="pt__cost__retail-price" data-testid="pt-retail-price">£16.00</span><span data-testid="pt-unit-price" class="pt__cost__unit-price-per-measure">£2.02 / ltr</span></div></div></div></div><div class="pt__controls" data-testid="pt-control-buttons"><div class="pt-button"><button data-testid="add-button" aria-label="Add Carling Original Lager Beer Cans x18 440ml to trolley" class="ln-c-button ln-c-button--filled ln-c-button--full pt__add-button" type="button">Add</button></div></div></div></div><div class="pt__icons__fav"><div data-testid="fav_heart-tooltip" class="ln-c-tooltip"><div><button class="pt__icons__fav--cta" data-testid="favourite-icon-empty" aria-label="Add to favourites"><svg role="presentation" class="pt__icons__fav--icon-empty ln-c-icon" viewBox="0 0 24 24" xmlns="http://www.w3.org/2000/svg"><title>Favourites</title><path d="M12 9.04l-1.992-2.002a3.502 3.502 0 0 0-4.975-.003 3.579 3.579 0 0 0 .003 5.034l6.842 6.88a.17.17 0 0 0 .243 0l6.842-6.88a3.576 3.576 0 0 0 .003-5.034 3.505 3.505 0 0 0-4.975.003l-1.992 2.003zm0-2.836l.759-.755a5.505 5.505 0 0 1 7.625.176 5.576 5.576 0 0 1-.003 7.855l-6.842 6.88a2.17 2.17 0 0 1-3.08 0l-6.841-6.88a5.579 5.579 0 0 1-.003-7.855 5.502 5.502 0 0 1 7.625-.176l.76.755z" fill="currentColor"></path></svg></button></div><div aria-live="polite" aria-atomic="true" role="tooltip"></div></div></div></article></li><li class="pt-grid-item ln-o-grid__item ln-u-6/12@xs ln-u-1/3@sm ln-u-3/12@md ln-u-2/12@xl"><article data-testid="product-tile-7914356" class="ln-c-card pt pt-card"><div aria-hidden="true"><div class="product-details-title__tag"><span data-testid="nectar-price-label" class="promotional-tag--nectar">Nectar Price</span></div></div><div class="pt__content"><div class="pt__image-wrapper"><div><div class="pt-image__ribbon-wrapper"><a href="https://www.sainsburys.co.uk/gol-ui/product/heineken-lager-15x440ml" class="pt-image pt-image__link" tabindex="-1" aria-hidden="true"><picture><source srcset="https://assets.sainsburys-groceries.co.uk/gol/7914356/image.webp" type="image/webp"><source srcset="https://assets.sainsburys-groceries.co.uk/gol/7914356/image.jpg" type="image/jpeg"><img title="Heineken Premium Lager Beer Cans 15x440ml" src="https://assets.sainsburys-groceries.co.uk/gol/7914356/image.jpg" alt="Heineken Premium Lager Beer Cans 15x440ml" aria-hidden="true" data-testid="pt-image"></picture></a></div></div><div class="product-header product-header--citrus">&nbsp;</div></div><div class="pt__wrapper"><div class="pt__wrapper-inner"><div class="pt__wrapper__top"><div class="pt__info"><div class="product-description-box"><div><h2 class="pt__info__description" data-testid="product-tile-description"><a href="https://www.sainsburys.co.uk/gol-ui/product/heineken-lager-15x440ml" class="pt__link" title="Heineken Premium Lager Beer Cans 15x440ml" aria-label="Nectar Price, Heineken Premium Lager Beer Cans 15x440ml">Heineken Premium Lager Beer Cans 15x440ml</a></h2></div></div><div class="star-rating-container"><div><a href="https://www.sainsburys.co.uk/gol-ui/product/heineken-lager-15x440ml" class="star-rating-link" data-testid="star-rating" aria-label="4.4 out of 5, 129 reviews"><span class="ds-c-rating ds-c-rating--primary ds-c-rating--md" data-testid="review-count" data-pkgid="@sainsburys-tech/fable-3.53.0-rating"><div class="ds-c-rating__stars" role="img" title="Rating 4.4 out of 5" aria-label="Rating 4.4 out of 5, from 129 reviews"><svg fill="none" xmlns="http://www.w3.org/2000/svg" viewBox="0 0 24 24" role="img" aria-hidden="true"><defs><linearGradient id="star-gradient-:ds137:" x1="0" y1="0" x2="1" y2="0"><stop offset="100%"></stop><stop offset="0%"></stop></linearGradient></defs><path d="M11.613 18.413 7.473 20.7a.8.8 0 0 1-1.177-.828l.802-4.987a.801.801 0 0 0-.215-.685l-3.457-3.57a.802.802 0 0 1 .452-1.348l4.711-.732a.8.8 0 0 0 .602-.45l2.084-4.44a.8.8 0 0 1 1.45 0l2.084 4.44a.8.8 0 0 0 .602.45l4.711.732a.801.801 0 0 1 .452 1.349l-3.457 3.57a.8.8 0 0 0-.215.684l.801 4.987a.8.8 0 0 1-1.177.828l-4.14-2.287a.8.8 0 0 0-.773 0Z" fill="url(#star-gradient-:ds137:)"></path></svg><svg fill="none" xmlns="http://www.w3.org/2000/svg" viewBox="0 0 24 24" role="img" aria-hidden="true"><defs><linearGradient id="star-gradient-:ds138:" x1="0" y1="0" x2="1" y2="0"><stop offset="100%"></stop><stop offset="0%"></stop></linearGradient></defs><path d="M11.613 18.413 7.473 20.7a.8.8 0 0 1-1.177-.828l.802-4.987a.801.801 0 0 0-.215-.685l-3.457-3.57a.802.802 0 0 1 .452-1.348l4.711-.732a.8.8 0 0 0 .602-.45l2.084-4.44a.8.8 0 0 1 1.45 0l2.084 4.44a.8.8 0 0 0 .602.45l4.711.732a.801.801 0 0 1 .452 1.349l-3.457 3.57a.8.8 0 0 0-.215.684l.801 4.987a.8.8 0 0 1-1.177.828l-4.14-2.287a.8.8 0 0 0-.773 0Z" fill="url(#star-gradient-:ds138:)"></path></svg><svg fill="none" xmlns="http://www.w3.org/2000/svg" viewBox="0 0 24 24" role="img" aria-hidden="true"><defs><linearGradient id="star-gradient-:ds139:" x1="0" y1="0" x2="1" y2="0"><stop offset="100%"></stop><stop offset="0%"></stop></linearGradient></defs><path d="M11.613 18.413 7.473 20.7a.8.8 0 0 1-1.177-.828l.802-4.987a.801.801 0 0 0-.215-.685l-3.457-3.57a.802.802 0 0 1 .452-1.348l4.711-.732a.8.8 0 0 0 .602-.45l2.084-4.44a.8.8 0 0 1 1.45 0l2.084 4.44a.8.8 0 0 0 .602.45l4.711.732a.801.801 0 0 1 .452 1.349l-3.457 3.57a.8.8 0 0 0-.215.684l.801 4.987a.8.8 0 0 1-1.177.828l-4.14-2.287a.8.8 0 0 0-.773 0Z" fill="url(#star-gradient-:ds139:)"></path></svg><svg fill="none" xmlns="http://www.w3.org/2000/svg" viewBox="0 0 24 24" role="img" aria-hidden="true"><defs><linearGradient id="star-gradient-:ds140:" x1="0" y1="0" x2="1" y2="0"><stop offset="100%"></stop><stop offset="0%"></stop></linearGradient></defs><path d="M11.613 18.413 7.473 20.7a.8.8 0 0 1-1.177-.828l.802-4.987a.801.801 0 0 0-.215-.685l-3.457-3.57a.802.802 0 0 1 .452-1.348l4.711-.732a.8.8 0 0 0 .602-.45l2.084-4.44a.8.8 0 0 1 1.45 0l2.084 4.44a.8.8 0 0 0 .602.45l4.711.732a.801.801 0 0 1 .452 1.349l-3.457 3.57a.8.8 0 0 0-.215.684l.801 4.987a.8.8 0 0 1-1.177.828l-4.14-2.287a.8.8 0 0 0-.773 0Z" fill="url(#star-gradient-:ds140:)"></path></svg><svg fill="none" xmlns="http://www.w3.org/2000/svg" viewBox="0 0 24 24" role="img" aria-hidden="true"><defs><linearGradient id="star-gradient-:ds141:" x1="0" y1="0" x2="1" y2="0"><stop offset="37.209999999999965%"></stop><stop offset="0%"></stop></linearGradient></defs><path d="M11.613 18.413 7.473 20.7a.8.8 0 0 1-1.177-.828l.802-4.987a.801.801 0 0 0-.215-.685l-3.457-3.57a.802.802 0 0 1 .452-1.348l4.711-.732a.8.8 0 0 0 .602-.45l2.084-4.44a.8.8 0 0 1 1.45 0l2.084 4.44a.8.8 0 0 0 .602.45l4.711.732a.801.801 0 0 1 .452 1.349l-3.457 3.57a.8.8 0 0 0-.215.684l.801 4.987a.8.8 0 0 1-1.177.828l-4.14-2.287a.8.8 0 0 0-.773 0Z" fill="url(#star-gradient-:ds141:)"></path></svg></div><div class="ds-c-rating__body"><span class="ds-c-rating__rating-content" aria-hidden="true">(129)</span></div></span></a></div></div></div></div><div class="pt__wrapper__bottom"><div class="pt__data-entry"></div><div class="pt__cost"><div class="pt__cost__contextual--wrapper" data-testid="whole-contextual-price"><span data-testid="contextual-price" class="pt__cost__contextual pt__cost__contextual--with-nectar-not-associated"><span class="pt__cost--price" data-testid="contextual-price-text">£12.00</span></span><span data-testid="text-with-nectar" class="pt__with-or-without-nectar">with Nectar</span></div><div data-testid="pt-retail-price-and-unit" class="pt__cost__retail-price__wrapper"><span class="pt__cost__retail-price pt__cost__retail-price--with-nectar-not-associated" data-testid="pt-retail-price">£15.00</span><span data-testid="pt-unit-price" class="pt__cost__unit-price-per-measure">£2.27 / ltr</span></div></div></div></div><div class="pt__controls" data-testid="pt-control-buttons"><div class="pt-button"><button data-testid="add-button" aria-label="Add Heineken Premium Lager Beer Cans 15x440ml to trolley" class="ln-c-button ln-c-button--filled ln-c-button--full pt__add-button" type="button">Add</button></div></div></div></div><div class="pt__icons__fav"><div data-testid="fav_heart-tooltip" class="ln-c-tooltip"><div><button class="pt__icons__fav--cta" data-testid="favourite-icon-empty" aria-label="Add to favourites"><svg role="presentation" class="pt__icons__fav--icon-empty ln-c-icon" viewBox="0 0 24 24" xmlns="http://www.w3.org/2000/svg"><title>Favourites</title><path d="M12 9.04l-1.992-2.002a3.502 3.502 0 0 0-4.975-.003 3.579 3.579 0 0 0 .003 5.034l6.842 6.88a.17.17 0 0 0 .243 0l6.842-6.88a3.576 3.576 0 0 0 .003-5.034 3.505 3.505 0 0 0-4.975.003l-1.992 2.003zm0-2.836l.759-.755a5.505 5.505 0 0 1 7.625.176 5.576 5.576 0 0 1-.003 7.855l-6.842 6.88a2.17 2.17 0 0 1-3.08 0l-6.841-6.88a5.579 5.579 0 0 1-.003-7.855 5.502 5.502 0 0 1 7.625-.176l.76.755z" fill="currentColor"></path></svg></button></div><div aria-live="polite" aria-atomic="true" role="tooltip"></div></div></div></article></li><li class="pt-grid-item ln-o-grid__item ln-u-6/12@xs ln-u-1/3@sm ln-u-3/12@md ln-u-2/12@xl"><article data-testid="product-tile-6546263" class="ln-c-card pt pt-card"><div aria-hidden="true"><div class="product-details-title__tag"><span data-testid="nectar-price-label" class="promotional-tag--nectar">Nectar Price</span></div></div><div class="pt__content"><div class="pt__image-wrapper"><div><div class="pt-image__ribbon-wrapper"><a href="https://www.sainsburys.co.uk/gol-ui/product/peroni-nastro-azzuro-12x330ml" class="pt-image pt-image__link" tabindex="-1" aria-hidden="true"><picture><source srcset="https://assets.sainsburys-groceries.co.uk/gol/6546263/image.webp" type="image/webp"><source srcset="https://assets.sainsburys-groceries.co.uk/gol/6546263/image.jpg" type="image/jpeg"><img title="Peroni Nastro Azzurro Beer Lager Bottles 12x330ml" src="https://assets.sainsburys-groceries.co.uk/gol/6546263/image.jpg" alt="Peroni Nastro Azzurro Beer Lager Bottles 12x330ml" aria-hidden="true" data-testid="pt-image"></picture></a></div></div><div class="product-header product-header--citrus">&nbsp;</div></div><div class="pt__wrapper"><div class="pt__wrapper-inner"><div class="pt__wrapper__top"><div class="pt__info"><div class="product-description-box"><div><h2 class="pt__info__description" data-testid="product-tile-description"><a href="https://www.sainsburys.co.uk/gol-ui/product/peroni-nastro-azzuro-12x330ml" class="pt__link" title="Peroni Nastro Azzurro Beer Lager Bottles 12x330ml" aria-label="Nectar Price, Peroni Nastro Azzurro Beer Lager Bottles 12x330ml">Peroni Nastro Azzurro Beer Lager Bottles 12x330ml</a></h2></div></div><div class="star-rating-container"><div><a href="https://www.sainsburys.co.uk/gol-ui/product/peroni-nastro-azzuro-12x330ml" class="star-rating-link" data-testid="star-rating" aria-label="4.7 out of 5, 186 reviews"><span class="ds-c-rating ds-c-rating--primary ds-c-rating--md" data-testid="review-count" data-pkgid="@sainsburys-tech/fable-3.53.0-rating"><div class="ds-c-rating__stars" role="img" title="Rating 4.7 out of 5" aria-label="Rating 4.7 out of 5, from 186 reviews"><svg fill="none" xmlns="http://www.w3.org/2000/svg" viewBox="0 0 24 24" role="img" aria-hidden="true"><defs><linearGradient id="star-gradient-:ds142:" x1="0" y1="0" x2="1" y2="0"><stop offset="100%"></stop><stop offset="0%"></stop></linearGradient></defs><path d="M11.613 18.413 7.473 20.7a.8.8 0 0 1-1.177-.828l.802-4.987a.801.801 0 0 0-.215-.685l-3.457-3.57a.802.802 0 0 1 .452-1.348l4.711-.732a.8.8 0 0 0 .602-.45l2.084-4.44a.8.8 0 0 1 1.45 0l2.084 4.44a.8.8 0 0 0 .602.45l4.711.732a.801.801 0 0 1 .452 1.349l-3.457 3.57a.8.8 0 0 0-.215.684l.801 4.987a.8.8 0 0 1-1.177.828l-4.14-2.287a.8.8 0 0 0-.773 0Z" fill="url(#star-gradient-:ds142:)"></path></svg><svg fill="none" xmlns="http://www.w3.org/2000/svg" viewBox="0 0 24 24" role="img" aria-hidden="true"><defs><linearGradient id="star-gradient-:ds143:" x1="0" y1="0" x2="1" y2="0"><stop offset="100%"></stop><stop offset="0%"></stop></linearGradient></defs><path d="M11.613 18.413 7.473 20.7a.8.8 0 0 1-1.177-.828l.802-4.987a.801.801 0 0 0-.215-.685l-3.457-3.57a.802.802 0 0 1 .452-1.348l4.711-.732a.8.8 0 0 0 .602-.45l2.084-4.44a.8.8 0 0 1 1.45 0l2.084 4.44a.8.8 0 0 0 .602.45l4.711.732a.801.801 0 0 1 .452 1.349l-3.457 3.57a.8.8 0 0 0-.215.684l.801 4.987a.8.8 0 0 1-1.177.828l-4.14-2.287a.8.8 0 0 0-.773 0Z" fill="url(#star-gradient-:ds143:)"></path></svg><svg fill="none" xmlns="http://www.w3.org/2000/svg" viewBox="0 0 24 24" role="img" aria-hidden="true"><defs><linearGradient id="star-gradient-:ds144:" x1="0" y1="0" x2="1" y2="0"><stop offset="100%"></stop><stop offset="0%"></stop></linearGradient></defs><path d="M11.613 18.413 7.473 20.7a.8.8 0 0 1-1.177-.828l.802-4.987a.801.801 0 0 0-.215-.685l-3.457-3.57a.802.802 0 0 1 .452-1.348l4.711-.732a.8.8 0 0 0 .602-.45l2.084-4.44a.8.8 0 0 1 1.45 0l2.084 4.44a.8.8 0 0 0 .602.45l4.711.732a.801.801 0 0 1 .452 1.349l-3.457 3.57a.8.8 0 0 0-.215.684l.801 4.987a.8.8 0 0 1-1.177.828l-4.14-2.287a.8.8 0 0 0-.773 0Z" fill="url(#star-gradient-:ds144:)"></path></svg><svg fill="none" xmlns="http://www.w3.org/2000/svg" viewBox="0 0 24 24" role="img" aria-hidden="true"><defs><linearGradient id="star-gradient-:ds145:" x1="0" y1="0" x2="1" y2="0"><stop offset="100%"></stop><stop offset="0%"></stop></linearGradient></defs><path d="M11.613 18.413 7.473 20.7a.8.8 0 0 1-1.177-.828l.802-4.987a.801.801 0 0 0-.215-.685l-3.457-3.57a.802.802 0 0 1 .452-1.348l4.711-.732a.8.8 0 0 0 .602-.45l2.084-4.44a.8.8 0 0 1 1.45 0l2.084 4.44a.8.8 0 0 0 .602.45l4.711.732a.801.801 0 0 1 .452 1.349l-3.457 3.57a.8.8 0 0 0-.215.684l.801 4.987a.8.8 0 0 1-1.177.828l-4.14-2.287a.8.8 0 0 0-.773 0Z" fill="url(#star-gradient-:ds145:)"></path></svg><svg fill="none" xmlns="http://www.w3.org/2000/svg" viewBox="0 0 24 24" role="img" aria-hidden="true"><defs><linearGradient id="star-gradient-:ds146:" x1="0" y1="0" x2="1" y2="0"><stop offset="73.66000000000001%"></stop><stop offset="0%"></stop></linearGradient></defs><path d="M11.613 18.413 7.473 20.7a.8.8 0 0 1-1.177-.828l.802-4.987a.801.801 0 0 0-.215-.685l-3.457-3.57a.802.802 0 0 1 .452-1.348l4.711-.732a.8.8 0 0 0 .602-.45l2.084-4.44a.8.8 0 0 1 1.45 0l2.084 4.44a.8.8 0 0 0 .602.45l4.711.732a.801.801 0 0 1 .452 1.349l-3.457 3.57a.8.8 0 0 0-.215.684l.801 4.987a.8.8 0 0 1-1.177.828l-4.14-2.287a.8.8 0 0 0-.773 0Z" fill="url(#star-gradient-:ds146:)"></path></svg></div><div class="ds-c-rating__body"><span class="ds-c-rating__rating-content" aria-hidden="true">(186)</span></div></span></a></div></div></div></div><div class="pt__wrapper__bottom"><div class="pt__data-entry"></div><div class="pt__cost"><div class="pt__cost__contextual--wrapper" data-testid="whole-contextual-price"><span data-testid="contextual-price" class="pt__cost__contextual pt__cost__contextual--with-nectar-not-associated"><span class="pt__cost--price" data-testid="contextual-price-text">£15.00</span></span><span data-testid="text-with-nectar" class="pt__with-or-without-nectar">with Nectar</span></div><div data-testid="pt-retail-price-and-unit" class="pt__cost__retail-price__wrapper"><span class="pt__cost__retail-price pt__cost__retail-price--with-nectar-not-associated" data-testid="pt-retail-price">£18.00</span><span data-testid="pt-unit-price" class="pt__cost__unit-price-per-measure">£4.55 / ltr</span></div></div></div></div><div class="pt__controls" data-testid="pt-control-buttons"><div class="pt-button"><button data-testid="add-button" aria-label="Add Peroni Nastro Azzurro Beer Lager Bottles 12x330ml to trolley" class="ln-c-button ln-c-button--filled ln-c-button--full pt__add-button" type="button">Add</button></div></div></div></div><div class="pt__icons__fav"><div data-testid="fav_heart-tooltip" class="ln-c-tooltip"><div><button class="pt__icons__fav--cta" data-testid="favourite-icon-empty" aria-label="Add to favourites"><svg role="presentation" class="pt__icons__fav--icon-empty ln-c-icon" viewBox="0 0 24 24" xmlns="http://www.w3.org/2000/svg"><title>Favourites</title><path d="M12 9.04l-1.992-2.002a3.502 3.502 0 0 0-4.975-.003 3.579 3.579 0 0 0 .003 5.034l6.842 6.88a.17.17 0 0 0 .243 0l6.842-6.88a3.576 3.576 0 0 0 .003-5.034 3.505 3.505 0 0 0-4.975.003l-1.992 2.003zm0-2.836l.759-.755a5.505 5.505 0 0 1 7.625.176 5.576 5.576 0 0 1-.003 7.855l-6.842 6.88a2.17 2.17 0 0 1-3.08 0l-6.841-6.88a5.579 5.579 0 0 1-.003-7.855 5.502 5.502 0 0 1 7.625-.176l.76.755z" fill="currentColor"></path></svg></button></div><div aria-live="polite" aria-atomic="true" role="tooltip"></div></div></div></article></li><li class="pt-grid-item ln-o-grid__item ln-u-6/12@xs ln-u-1/3@sm ln-u-3/12@md ln-u-2/12@xl"><article data-testid="product-tile-7754544" class="ln-c-card pt pt-card"><div aria-hidden="true"></div><div class="pt__content"><div class="pt__image-wrapper"><div><div class="pt-image__ribbon-wrapper"><a href="https://www.sainsburys.co.uk/gol-ui/product/peroni-nastro-azzurro-620ml" class="pt-image pt-image__link" tabindex="-1" aria-hidden="true"><picture><source srcset="https://assets.sainsburys-groceries.co.uk/gol/7754544/image.webp" type="image/webp"><source srcset="https://assets.sainsburys-groceries.co.uk/gol/7754544/image.jpg" type="image/jpeg"><img title="Peroni Nastro Azzurro Beer Lager Bottle 620ml" src="https://assets.sainsburys-groceries.co.uk/gol/7754544/image.jpg" alt="Peroni Nastro Azzurro Beer Lager Bottle 620ml" aria-hidden="true" data-testid="pt-image"></picture></a></div></div><div class="product-header product-header--citrus">&nbsp;</div></div><div class="pt__wrapper"><div class="pt__wrapper-inner"><div class="pt__wrapper__top"><div class="pt__info"><div class="product-description-box"><div><h2 class="pt__info__description" data-testid="product-tile-description"><a href="https://www.sainsburys.co.uk/gol-ui/product/peroni-nastro-azzurro-620ml" class="pt__link" title="Peroni Nastro Azzurro Beer Lager Bottle 620ml" aria-label="Peroni Nastro Azzurro Beer Lager Bottle 620ml">Peroni Nastro Azzurro Beer Lager Bottle 620ml</a></h2></div></div><div class="star-rating-container"><div><a href="https://www.sainsburys.co.uk/gol-ui/product/peroni-nastro-azzurro-620ml" class="star-rating-link" data-testid="star-rating" aria-label="4.7 out of 5, 186 reviews"><span class="ds-c-rating ds-c-rating--primary ds-c-rating--md" data-testid="review-count" data-pkgid="@sainsburys-tech/fable-3.53.0-rating"><div class="ds-c-rating__stars" role="img" title="Rating 4.7 out of 5" aria-label="Rating 4.7 out of 5, from 186 reviews"><svg fill="none" xmlns="http://www.w3.org/2000/svg" viewBox="0 0 24 24" role="img" aria-hidden="true"><defs><linearGradient id="star-gradient-:ds147:" x1="0" y1="0" x2="1" y2="0"><stop offset="100%"></stop><stop offset="0%"></stop></linearGradient></defs><path d="M11.613 18.413 7.473 20.7a.8.8 0 0 1-1.177-.828l.802-4.987a.801.801 0 0 0-.215-.685l-3.457-3.57a.802.802 0 0 1 .452-1.348l4.711-.732a.8.8 0 0 0 .602-.45l2.084-4.44a.8.8 0 0 1 1.45 0l2.084 4.44a.8.8 0 0 0 .602.45l4.711.732a.801.801 0 0 1 .452 1.349l-3.457 3.57a.8.8 0 0 0-.215.684l.801 4.987a.8.8 0 0 1-1.177.828l-4.14-2.287a.8.8 0 0 0-.773 0Z" fill="url(#star-gradient-:ds147:)"></path></svg><svg fill="none" xmlns="http://www.w3.org/2000/svg" viewBox="0 0 24 24" role="img" aria-hidden="true"><defs><linearGradient id="star-gradient-:ds148:" x1="0" y1="0" x2="1" y2="0"><stop offset="100%"></stop><stop offset="0%"></stop></linearGradient></defs><path d="M11.613 18.413 7.473 20.7a.8.8 0 0 1-1.177-.828l.802-4.987a.801.801 0 0 0-.215-.685l-3.457-3.57a.802.802 0 0 1 .452-1.348l4.711-.732a.8.8 0 0 0 .602-.45l2.084-4.44a.8.8 0 0 1 1.45 0l2.084 4.44a.8.8 0 0 0 .602.45l4.711.732a.801.801 0 0 1 .452 1.349l-3.457 3.57a.8.8 0 0 0-.215.684l.801 4.987a.8.8 0 0 1-1.177.828l-4.14-2.287a.8.8 0 0 0-.773 0Z" fill="url(#star-gradient-:ds148:)"></path></svg><svg fill="none" xmlns="http://www.w3.org/2000/svg" viewBox="0 0 24 24" role="img" aria-hidden="true"><defs><linearGradient id="star-gradient-:ds149:" x1="0" y1="0" x2="1" y2="0"><stop offset="100%"></stop><stop offset="0%"></stop></linearGradient></defs><path d="M11.613 18.413 7.473 20.7a.8.8 0 0 1-1.177-.828l.802-4.987a.801.801 0 0 0-.215-.685l-3.457-3.57a.802.802 0 0 1 .452-1.348l4.711-.732a.8.8 0 0 0 .602-.45l2.084-4.44a.8.8 0 0 1 1.45 0l2.084 4.44a.8.8 0 0 0 .602.45l4.711.732a.801.801 0 0 1 .452 1.349l-3.457 3.57a.8.8 0 0 0-.215.684l.801 4.987a.8.8 0 0 1-1.177.828l-4.14-2.287a.8.8 0 0 0-.773 0Z" fill="url(#star-gradient-:ds149:)"></path></svg><svg fill="none" xmlns="http://www.w3.org/2000/svg" viewBox="0 0 24 24" role="img" aria-hidden="true"><defs><linearGradient id="star-gradient-:ds150:" x1="0" y1="0" x2="1" y2="0"><stop offset="100%"></stop><stop offset="0%"></stop></linearGradient></defs><path d="M11.613 18.413 7.473 20.7a.8.8 0 0 1-1.177-.828l.802-4.987a.801.801 0 0 0-.215-.685l-3.457-3.57a.802.802 0 0 1 .452-1.348l4.711-.732a.8.8 0 0 0 .602-.45l2.084-4.44a.8.8 0 0 1 1.45 0l2.084 4.44a.8.8 0 0 0 .602.45l4.711.732a.801.801 0 0 1 .452 1.349l-3.457 3.57a.8.8 0 0 0-.215.684l.801 4.987a.8.8 0 0 1-1.177.828l-4.14-2.287a.8.8 0 0 0-.773 0Z" fill="url(#star-gradient-:ds150:)"></path></svg><svg fill="none" xmlns="http://www.w3.org/2000/svg" viewBox="0 0 24 24" role="img" aria-hidden="true"><defs><linearGradient id="star-gradient-:ds151:" x1="0" y1="0" x2="1" y2="0"><stop offset="73.66000000000001%"></stop><stop offset="0%"></stop></linearGradient></defs><path d="M11.613 18.413 7.473 20.7a.8.8 0 0 1-1.177-.828l.802-4.987a.801.801 0 0 0-.215-.685l-3.457-3.57a.802.802 0 0 1 .452-1.348l4.711-.732a.8.8 0 0 0 .602-.45l2.084-4.44a.8.8 0 0 1 1.45 0l2.084 4.44a.8.8 0 0 0 .602.45l4.711.732a.801.801 0 0 1 .452 1.349l-3.457 3.57a.8.8 0 0 0-.215.684l.801 4.987a.8.8 0 0 1-1.177.828l-4.14-2.287a.8.8 0 0 0-.773 0Z" fill="url(#star-gradient-:ds151:)"></path></svg></div><div class="ds-c-rating__body"><span class="ds-c-rating__rating-content" aria-hidden="true">(186)</span></div></span></a></div></div></div></div><div class="pt__wrapper__bottom"><div class="pt__data-entry"></div><ul class="pt__promotions" data-testid="pt-promotions"><li class="pt__promotion"><div><div class="promotion-message"><a href="/gol-ui/promo-lister/10650156" target="_self" class="promotion-message__link promotion-message__link--purple" data-testid="pt-promotions-10650156" aria-label="Peroni Nastro Azzurro Beer Lager Bottle 620ml, Buy any 3 for £6.00 with Nectar">Buy any 3 for £6.00 with Nectar</a></div></div></li></ul><div class="pt__cost"><div data-testid="pt-retail-price-and-unit" class="pt__cost__retail-price__wrapper pt__cost__retail-price__wrapper--no-promo"><span class="pt__cost__retail-price" data-testid="pt-retail-price">£2.75</span><span data-testid="pt-unit-price" class="pt__cost__unit-price-per-measure">£4.44 / ltr</span></div></div></div></div><div class="pt__controls" data-testid="pt-control-buttons"><div class="pt-button"><button data-testid="add-button" aria-label="Add Peroni Nastro Azzurro Beer Lager Bottle 620ml to trolley" class="ln-c-button ln-c-button--filled ln-c-button--full pt__add-button" type="button">Add</button></div></div></div></div><div class="pt__icons__fav"><div data-testid="fav_heart-tooltip" class="ln-c-tooltip"><div><button class="pt__icons__fav--cta" data-testid="favourite-icon-empty" aria-label="Add to favourites"><svg role="presentation" class="pt__icons__fav--icon-empty ln-c-icon" viewBox="0 0 24 24" xmlns="http://www.w3.org/2000/svg"><title>Favourites</title><path d="M12 9.04l-1.992-2.002a3.502 3.502 0 0 0-4.975-.003 3.579 3.579 0 0 0 .003 5.034l6.842 6.88a.17.17 0 0 0 .243 0l6.842-6.88a3.576 3.576 0 0 0 .003-5.034 3.505 3.505 0 0 0-4.975.003l-1.992 2.003zm0-2.836l.759-.755a5.505 5.505 0 0 1 7.625.176 5.576 5.576 0 0 1-.003 7.855l-6.842 6.88a2.17 2.17 0 0 1-3.08 0l-6.841-6.88a5.579 5.579 0 0 1-.003-7.855 5.502 5.502 0 0 1 7.625-.176l.76.755z" fill="currentColor"></path></svg></button></div><div aria-live="polite" aria-atomic="true" role="tooltip"></div></div></div></article></li><li class="pt-grid-item ln-o-grid__item ln-u-6/12@xs ln-u-1/3@sm ln-u-3/12@md ln-u-2/12@xl"><article data-testid="product-tile-8116016" class="ln-c-card pt pt-card"><div aria-hidden="true"></div><div class="pt__content"><div class="pt__image-wrapper"><div><div class="pt-image__ribbon-wrapper"><a href="https://www.sainsburys.co.uk/gol-ui/product/stella-artois-unfiltered-bottles-4x330ml" class="pt-image pt-image__link" tabindex="-1" aria-hidden="true"><picture><source srcset="https://assets.sainsburys-groceries.co.uk/gol/8116016/image.webp" type="image/webp"><source srcset="https://assets.sainsburys-groceries.co.uk/gol/8116016/image.jpg" type="image/jpeg"><img title="Stella Artois Unfiltered Premium Lager Beer Bottles 4x330ml" src="https://assets.sainsburys-groceries.co.uk/gol/8116016/image.jpg" alt="Stella Artois Unfiltered Premium Lager Beer Bottles 4x330ml" aria-hidden="true" data-testid="pt-image"></picture></a></div></div><div class="product-header product-header--citrus">&nbsp;</div></div><div class="pt__wrapper"><div class="pt__wrapper-inner"><div class="pt__wrapper__top"><div class="pt__info"><div class="product-description-box"><div><h2 class="pt__info__description" data-testid="product-tile-description"><a href="https://www.sainsburys.co.uk/gol-ui/product/stella-artois-unfiltered-bottles-4x330ml" class="pt__link" title="Stella Artois Unfiltered Premium Lager Beer Bottles 4x330ml" aria-label="Stella Artois Unfiltered Premium Lager Beer Bottles 4x330ml">Stella Artois Unfiltered Premium Lager Beer Bottles 4x330ml</a></h2></div></div><div class="star-rating-container"><div><a href="https://www.sainsburys.co.uk/gol-ui/product/stella-artois-unfiltered-bottles-4x330ml" class="star-rating-link" data-testid="star-rating" aria-label="4.7 out of 5, 10 reviews"><span class="ds-c-rating ds-c-rating--primary ds-c-rating--md" data-testid="review-count" data-pkgid="@sainsburys-tech/fable-3.53.0-rating"><div class="ds-c-rating__stars" role="img" title="Rating 4.7 out of 5" aria-label="Rating 4.7 out of 5, from 10 reviews"><svg fill="none" xmlns="http://www.w3.org/2000/svg" viewBox="0 0 24 24" role="img" aria-hidden="true"><defs><linearGradient id="star-gradient-:ds152:" x1="0" y1="0" x2="1" y2="0"><stop offset="100%"></stop><stop offset="0%"></stop></linearGradient></defs><path d="M11.613 18.413 7.473 20.7a.8.8 0 0 1-1.177-.828l.802-4.987a.801.801 0 0 0-.215-.685l-3.457-3.57a.802.802 0 0 1 .452-1.348l4.711-.732a.8.8 0 0 0 .602-.45l2.084-4.44a.8.8 0 0 1 1.45 0l2.084 4.44a.8.8 0 0 0 .602.45l4.711.732a.801.801 0 0 1 .452 1.349l-3.457 3.57a.8.8 0 0 0-.215.684l.801 4.987a.8.8 0 0 1-1.177.828l-4.14-2.287a.8.8 0 0 0-.773 0Z" fill="url(#star-gradient-:ds152:)"></path></svg><svg fill="none" xmlns="http://www.w3.org/2000/svg" viewBox="0 0 24 24" role="img" aria-hidden="true"><defs><linearGradient id="star-gradient-:ds153:" x1="0" y1="0" x2="1" y2="0"><stop offset="100%"></stop><stop offset="0%"></stop></linearGradient></defs><path d="M11.613 18.413 7.473 20.7a.8.8 0 0 1-1.177-.828l.802-4.987a.801.801 0 0 0-.215-.685l-3.457-3.57a.802.802 0 0 1 .452-1.348l4.711-.732a.8.8 0 0 0 .602-.45l2.084-4.44a.8.8 0 0 1 1.45 0l2.084 4.44a.8.8 0 0 0 .602.45l4.711.732a.801.801 0 0 1 .452 1.349l-3.457 3.57a.8.8 0 0 0-.215.684l.801 4.987a.8.8 0 0 1-1.177.828l-4.14-2.287a.8.8 0 0 0-.773 0Z" fill="url(#star-gradient-:ds153:)"></path></svg><svg fill="none" xmlns="http://www.w3.org/2000/svg" viewBox="0 0 24 24" role="img" aria-hidden="true"><defs><linearGradient id="star-gradient-:ds154:" x1="0" y1="0" x2="1" y2="0"><stop offset="100%"></stop><stop offset="0%"></stop></linearGradient></defs><path d="M11.613 18.413 7.473 20.7a.8.8 0 0 1-1.177-.828l.802-4.987a.801.801 0 0 0-.215-.685l-3.457-3.57a.802.802 0 0 1 .452-1.348l4.711-.732a.8.8 0 0 0 .602-.45l2.084-4.44a.8.8 0 0 1 1.45 0l2.084 4.44a.8.8 0 0 0 .602.45l4.711.732a.801.801 0 0 1 .452 1.349l-3.457 3.57a.8.8 0 0 0-.215.684l.801 4.987a.8.8 0 0 1-1.177.828l-4.14-2.287a.8.8 0 0 0-.773 0Z" fill="url(#star-gradient-:ds154:)"></path></svg><svg fill="none" xmlns="http://www.w3.org/2000/svg" viewBox="0 0 24 24" role="img" aria-hidden="true"><defs><linearGradient id="star-gradient-:ds155:" x1="0" y1="0" x2="1" y2="0"><stop offset="100%"></stop><stop offset="0%"></stop></linearGradient></defs><path d="M11.613 18.413 7.473 20.7a.8.8 0 0 1-1.177-.828l.802-4.987a.801.801 0 0 0-.215-.685l-3.457-3.57a.802.802 0 0 1 .452-1.348l4.711-.732a.8.8 0 0 0 .602-.45l2.084-4.44a.8.8 0 0 1 1.45 0l2.084 4.44a.8.8 0 0 0 .602.45l4.711.732a.801.801 0 0 1 .452 1.349l-3.457 3.57a.8.8 0 0 0-.215.684l.801 4.987a.8.8 0 0 1-1.177.828l-4.14-2.287a.8.8 0 0 0-.773 0Z" fill="url(#star-gradient-:ds155:)"></path></svg><svg fill="none" xmlns="http://www.w3.org/2000/svg" viewBox="0 0 24 24" role="img" aria-hidden="true"><defs><linearGradient id="star-gradient-:ds156:" x1="0" y1="0" x2="1" y2="0"><stop offset="70.00000000000001%"></stop><stop offset="0%"></stop></linearGradient></defs><path d="M11.613 18.413 7.473 20.7a.8.8 0 0 1-1.177-.828l.802-4.987a.801.801 0 0 0-.215-.685l-3.457-3.57a.802.802 0 0 1 .452-1.348l4.711-.732a.8.8 0 0 0 .602-.45l2.084-4.44a.8.8 0 0 1 1.45 0l2.084 4.44a.8.8 0 0 0 .602.45l4.711.732a.801.801 0 0 1 .452 1.349l-3.457 3.57a.8.8 0 0 0-.215.684l.801 4.987a.8.8 0 0 1-1.177.828l-4.14-2.287a.8.8 0 0 0-.773 0Z" fill="url(#star-gradient-:ds156:)"></path></svg></div><div class="ds-c-rating__body"><span class="ds-c-rating__rating-content" aria-hidden="true">(10)</span></div></span></a></div></div></div></div><div class="pt__wrapper__bottom"><div class="pt__data-entry"></div><ul class="pt__promotions" data-testid="pt-promotions"><li class="pt__promotion"><div><div class="promotion-message"><a href="/gol-ui/meal-deal/10649734" target="_self" class="promotion-message__link" data-testid="pt-promotions-10649734" aria-label="Stella Artois Unfiltered Premium Lager Beer Bottles 4x330ml, Meal Deal for £12.00">Meal Deal for £12.00</a></div></div></li></ul><div class="pt__cost"><div data-testid="pt-retail-price-and-unit" class="pt__cost__retail-price__wrapper pt__cost__retail-price__wrapper--no-promo"><span class="pt__cost__retail-price" data-testid="pt-retail-price">£5.50</span><span data-testid="pt-unit-price" class="pt__cost__unit-price-per-measure">£4.17 / ltr</span></div></div></div></div><div class="pt__controls" data-testid="pt-control-buttons"><div class="pt-button"><button data-testid="add-button" aria-label="Add Stella Artois Unfiltered Premium Lager Beer Bottles 4x330ml to trolley" class="ln-c-button ln-c-button--filled ln-c-button--full pt__add-button" type="button">Add</button></div></div></div></div><div class="pt__icons__fav"><div data-testid="fav_heart-tooltip" class="ln-c-tooltip"><div><button class="pt__icons__fav--cta" data-testid="favourite-icon-empty" aria-label="Add to favourites"><svg role="presentation" class="pt__icons__fav--icon-empty ln-c-icon" viewBox="0 0 24 24" xmlns="http://www.w3.org/2000/svg"><title>Favourites</title><path d="M12 9.04l-1.992-2.002a3.502 3.502 0 0 0-4.975-.003 3.579 3.579 0 0 0 .003 5.034l6.842 6.88a.17.17 0 0 0 .243 0l6.842-6.88a3.576 3.576 0 0 0 .003-5.034 3.505 3.505 0 0 0-4.975.003l-1.992 2.003zm0-2.836l.759-.755a5.505 5.505 0 0 1 7.625.176 5.576 5.576 0 0 1-.003 7.855l-6.842 6.88a2.17 2.17 0 0 1-3.08 0l-6.841-6.88a5.579 5.579 0 0 1-.003-7.855 5.502 5.502 0 0 1 7.625-.176l.76.755z" fill="currentColor"></path></svg></button></div><div aria-live="polite" aria-atomic="true" role="tooltip"></div></div></div></article></li><li class="pt-grid-item ln-o-grid__item ln-u-6/12@xs ln-u-1/3@sm ln-u-3/12@md ln-u-2/12@xl"><article data-testid="product-tile-8133299" class="ln-c-card pt pt-card"><div aria-hidden="true"></div><div class="pt__content"><div class="pt__image-wrapper"><div><div class="pt-image__ribbon-wrapper"><a href="https://www.sainsburys.co.uk/gol-ui/product/san-miguel-alcohol-free-lager-beer-4x330ml-bottles" class="pt-image pt-image__link" tabindex="-1" aria-hidden="true"><picture><source srcset="https://assets.sainsburys-groceries.co.uk/gol/8133299/image.webp" type="image/webp"><source srcset="https://assets.sainsburys-groceries.co.uk/gol/8133299/image.jpg" type="image/jpeg"><img title="San Miguel Alcohol Free Lager Beer 4x330ml Bottles" src="https://assets.sainsburys-groceries.co.uk/gol/8133299/image.jpg" alt="San Miguel Alcohol Free Lager Beer 4x330ml Bottles" aria-hidden="true" data-testid="pt-image"></picture></a></div></div><div class="product-header product-header--citrus">&nbsp;</div></div><div class="pt__wrapper"><div class="pt__wrapper-inner"><div class="pt__wrapper__top"><div class="pt__info"><div class="product-description-box"><div><h2 class="pt__info__description" data-testid="product-tile-description"><a href="https://www.sainsburys.co.uk/gol-ui/product/san-miguel-alcohol-free-lager-beer-4x330ml-bottles" class="pt__link" title="San Miguel Alcohol Free Lager Beer 4x330ml Bottles" aria-label="San Miguel Alcohol Free Lager Beer 4x330ml Bottles">San Miguel Alcohol Free Lager Beer 4x330ml Bottles</a></h2></div></div><div class="star-rating-container"><div><a href="https://www.sainsburys.co.uk/gol-ui/product/san-miguel-alcohol-free-lager-beer-4x330ml-bottles" class="star-rating-link" data-testid="star-rating" aria-label="4.6 out of 5, 72 reviews"><span class="ds-c-rating ds-c-rating--primary ds-c-rating--md" data-testid="review-count" data-pkgid="@sainsburys-tech/fable-3.53.0-rating"><div class="ds-c-rating__stars" role="img" title="Rating 4.6 out of 5" aria-label="Rating 4.6 out of 5, from 72 reviews"><svg fill="none" xmlns="http://www.w3.org/2000/svg" viewBox="0 0 24 24" role="img" aria-hidden="true"><defs><linearGradient id="star-gradient-:ds157:" x1="0" y1="0" x2="1" y2="0"><stop offset="100%"></stop><stop offset="0%"></stop></linearGradient></defs><path d="M11.613 18.413 7.473 20.7a.8.8 0 0 1-1.177-.828l.802-4.987a.801.801 0 0 0-.215-.685l-3.457-3.57a.802.802 0 0 1 .452-1.348l4.711-.732a.8.8 0 0 0 .602-.45l2.084-4.44a.8.8 0 0 1 1.45 0l2.084 4.44a.8.8 0 0 0 .602.45l4.711.732a.801.801 0 0 1 .452 1.349l-3.457 3.57a.8.8 0 0 0-.215.684l.801 4.987a.8.8 0 0 1-1.177.828l-4.14-2.287a.8.8 0 0 0-.773 0Z" fill="url(#star-gradient-:ds157:)"></path></svg><svg fill="none" xmlns="http://www.w3.org/2000/svg" viewBox="0 0 24 24" role="img" aria-hidden="true"><defs><linearGradient id="star-gradient-:ds158:" x1="0" y1="0" x2="1" y2="0"><stop offset="100%"></stop><stop offset="0%"></stop></linearGradient></defs><path d="M11.613 18.413 7.473 20.7a.8.8 0 0 1-1.177-.828l.802-4.987a.801.801 0 0 0-.215-.685l-3.457-3.57a.802.802 0 0 1 .452-1.348l4.711-.732a.8.8 0 0 0 .602-.45l2.084-4.44a.8.8 0 0 1 1.45 0l2.084 4.44a.8.8 0 0 0 .602.45l4.711.732a.801.801 0 0 1 .452 1.349l-3.457 3.57a.8.8 0 0 0-.215.684l.801 4.987a.8.8 0 0 1-1.177.828l-4.14-2.287a.8.8 0 0 0-.773 0Z" fill="url(#star-gradient-:ds158:)"></path></svg><svg fill="none" xmlns="http://www.w3.org/2000/svg" viewBox="0 0 24 24" role="img" aria-hidden="true"><defs><linearGradient id="star-gradient-:ds159:" x1="0" y1="0" x2="1" y2="0"><stop offset="100%"></stop><stop offset="0%"></stop></linearGradient></defs><path d="M11.613 18.413 7.473 20.7a.8.8 0 0 1-1.177-.828l.802-4.987a.801.801 0 0 0-.215-.685l-3.457-3.57a.802.802 0 0 1 .452-1.348l4.711-.732a.8.8 0 0 0 .602-.45l2.084-4.44a.8.8 0 0 1 1.45 0l2.084 4.44a.8.8 0 0 0 .602.45l4.711.732a.801.801 0 0 1 .452 1.349l-3.457 3.57a.8.8 0 0 0-.215.684l.801 4.987a.8.8 0 0 1-1.177.828l-4.14-2.287a.8.8 0 0 0-.773 0Z" fill="url(#star-gradient-:ds159:)"></path></svg><svg fill="none" xmlns="http://www.w3.org/2000/svg" viewBox="0 0 24 24" role="img" aria-hidden="true"><defs><linearGradient id="star-gradient-:ds160:" x1="0" y1="0" x2="1" y2="0"><stop offset="100%"></stop><stop offset="0%"></stop></linearGradient></defs><path d="M11.613 18.413 7.473 20.7a.8.8 0 0 1-1.177-.828l.802-4.987a.801.801 0 0 0-.215-.685l-3.457-3.57a.802.802 0 0 1 .452-1.348l4.711-.732a.8.8 0 0 0 .602-.45l2.084-4.44a.8.8 0 0 1 1.45 0l2.084 4.44a.8.8 0 0 0 .602.45l4.711.732a.801.801 0 0 1 .452 1.349l-3.457 3.57a.8.8 0 0 0-.215.684l.801 4.987a.8.8 0 0 1-1.177.828l-4.14-2.287a.8.8 0 0 0-.773 0Z" fill="url(#star-gradient-:ds160:)"></path></svg><svg fill="none" xmlns="http://www.w3.org/2000/svg" viewBox="0 0 24 24" role="img" aria-hidden="true"><defs><linearGradient id="star-gradient-:ds161:" x1="0" y1="0" x2="1" y2="0"><stop offset="55.56000000000001%"></stop><stop offset="0%"></stop></linearGradient></defs><path d="M11.613 18.413 7.473 20.7a.8.8 0 0 1-1.177-.828l.802-4.987a.801.801 0 0 0-.215-.685l-3.457-3.57a.802.802 0 0 1 .452-1.348l4.711-.732a.8.8 0 0 0 .602-.45l2.084-4.44a.8.8 0 0 1 1.45 0l2.084 4.44a.8.8 0 0 0 .602.45l4.711.732a.801.801 0 0 1 .452 1.349l-3.457 3.57a.8.8 0 0 0-.215.684l.801 4.987a.8.8 0 0 1-1.177.828l-4.14-2.287a.8.8 0 0 0-.773 0Z" fill="url(#star-gradient-:ds161:)"></path></svg></div><div class="ds-c-rating__body"><span class="ds-c-rating__rating-content" aria-hidden="true">(72)</span></div></span></a></div></div></div></div><div class="pt__wrapper__bottom"><div class="pt__data-entry"></div><div class="pt__cost"><div data-testid="pt-retail-price-and-unit" class="pt__cost__retail-price__wrapper pt__cost__retail-price__wrapper--no-promo"><span class="pt__cost__retail-price" data-testid="pt-retail-price">£4.25</span><span data-testid="pt-unit-price" class="pt__cost__unit-price-per-measure">£3.22 / ltr</span></div></div></div></div><div class="pt__controls" data-testid="pt-control-buttons"><div class="pt-button"><button data-testid="add-button" aria-label="Add San Miguel Alcohol Free Lager Beer 4x330ml Bottles to trolley" class="ln-c-button ln-c-button--filled ln-c-button--full pt__add-button" type="button">Add</button></div></div></div></div><div class="pt__icons__fav"><div data-testid="fav_heart-tooltip" class="ln-c-tooltip"><div><button class="pt__icons__fav--cta" data-testid="favourite-icon-empty" aria-label="Add to favourites"><svg role="presentation" class="pt__icons__fav--icon-empty ln-c-icon" viewBox="0 0 24 24" xmlns="http://www.w3.org/2000/svg"><title>Favourites</title><path d="M12 9.04l-1.992-2.002a3.502 3.502 0 0 0-4.975-.003 3.579 3.579 0 0 0 .003 5.034l6.842 6.88a.17.17 0 0 0 .243 0l6.842-6.88a3.576 3.576 0 0 0 .003-5.034 3.505 3.505 0 0 0-4.975.003l-1.992 2.003zm0-2.836l.759-.755a5.505 5.505 0 0 1 7.625.176 5.576 5.576 0 0 1-.003 7.855l-6.842 6.88a2.17 2.17 0 0 1-3.08 0l-6.841-6.88a5.579 5.579 0 0 1-.003-7.855 5.502 5.502 0 0 1 7.625-.176l.76.755z" fill="currentColor"></path></svg></button></div><div aria-live="polite" aria-atomic="true" role="tooltip"></div></div></div></article></li><li class="pt-grid-item ln-o-grid__item ln-u-6/12@xs ln-u-1/3@sm ln-u-3/12@md ln-u-2/12@xl"><article data-testid="product-tile-8185451" class="ln-c-card pt pt-card"><div aria-hidden="true"></div><div class="pt__content"><div class="pt__image-wrapper"><div><div class="pt-image__ribbon-wrapper"><a href="https://www.sainsburys.co.uk/gol-ui/product/cruzcampo-sevilla-lager-beer-can-4x440ml" class="pt-image pt-image__link" tabindex="-1" aria-hidden="true"><picture><source srcset="https://assets.sainsburys-groceries.co.uk/gol/8185451/image.webp" type="image/webp"><source srcset="https://assets.sainsburys-groceries.co.uk/gol/8185451/image.jpg" type="image/jpeg"><img title="Cruzcampo Sevilla Lager Beer Can 4x440ml" src="https://assets.sainsburys-groceries.co.uk/gol/8185451/image.jpg" alt="Cruzcampo Sevilla Lager Beer Can 4x440ml" aria-hidden="true" data-testid="pt-image"></picture></a></div></div><div class="product-header product-header--citrus">&nbsp;</div></div><div class="pt__wrapper"><div class="pt__wrapper-inner"><div class="pt__wrapper__top"><div class="pt__info"><div class="product-description-box"><div><h2 class="pt__info__description" data-testid="product-tile-description"><a href="https://www.sainsburys.co.uk/gol-ui/product/cruzcampo-sevilla-lager-beer-can-4x440ml" class="pt__link" title="Cruzcampo Sevilla Lager Beer Can 4x440ml" aria-label="Cruzcampo Sevilla Lager Beer Can 4x440ml">Cruzcampo Sevilla Lager Beer Can 4x440ml</a></h2></div></div><div class="star-rating-container"><div><a href="https://www.sainsburys.co.uk/gol-ui/product/cruzcampo-sevilla-lager-beer-can-4x440ml" class="star-rating-link" data-testid="star-rating" aria-label="4.6 out of 5, 38 reviews"><span class="ds-c-rating ds-c-rating--primary ds-c-rating--md" data-testid="review-count" data-pkgid="@sainsburys-tech/fable-3.53.0-rating"><div class="ds-c-rating__stars" role="img" title="Rating 4.6 out of 5" aria-label="Rating 4.6 out of 5, from 38 reviews"><svg fill="none" xmlns="http://www.w3.org/2000/svg" viewBox="0 0 24 24" role="img" aria-hidden="true"><defs><linearGradient id="star-gradient-:ds162:" x1="0" y1="0" x2="1" y2="0"><stop offset="100%"></stop><stop offset="0%"></stop></linearGradient></defs><path d="M11.613 18.413 7.473 20.7a.8.8 0 0 1-1.177-.828l.802-4.987a.801.801 0 0 0-.215-.685l-3.457-3.57a.802.802 0 0 1 .452-1.348l4.711-.732a.8.8 0 0 0 .602-.45l2.084-4.44a.8.8 0 0 1 1.45 0l2.084 4.44a.8.8 0 0 0 .602.45l4.711.732a.801.801 0 0 1 .452 1.349l-3.457 3.57a.8.8 0 0 0-.215.684l.801 4.987a.8.8 0 0 1-1.177.828l-4.14-2.287a.8.8 0 0 0-.773 0Z" fill="url(#star-gradient-:ds162:)"></path></svg><svg fill="none" xmlns="http://www.w3.org/2000/svg" viewBox="0 0 24 24" role="img" aria-hidden="true"><defs><linearGradient id="star-gradient-:ds163:" x1="0" y1="0" x2="1" y2="0"><stop offset="100%"></stop><stop offset="0%"></stop></linearGradient></defs><path d="M11.613 18.413 7.473 20.7a.8.8 0 0 1-1.177-.828l.802-4.987a.801.801 0 0 0-.215-.685l-3.457-3.57a.802.802 0 0 1 .452-1.348l4.711-.732a.8.8 0 0 0 .602-.45l2.084-4.44a.8.8 0 0 1 1.45 0l2.084 4.44a.8.8 0 0 0 .602.45l4.711.732a.801.801 0 0 1 .452 1.349l-3.457 3.57a.8.8 0 0 0-.215.684l.801 4.987a.8.8 0 0 1-1.177.828l-4.14-2.287a.8.8 0 0 0-.773 0Z" fill="url(#star-gradient-:ds163:)"></path></svg><svg fill="none" xmlns="http://www.w3.org/2000/svg" viewBox="0 0 24 24" role="img" aria-hidden="true"><defs><linearGradient id="star-gradient-:ds164:" x1="0" y1="0" x2="1" y2="0"><stop offset="100%"></stop><stop offset="0%"></stop></linearGradient></defs><path d="M11.613 18.413 7.473 20.7a.8.8 0 0 1-1.177-.828l.802-4.987a.801.801 0 0 0-.215-.685l-3.457-3.57a.802.802 0 0 1 .452-1.348l4.711-.732a.8.8 0 0 0 .602-.45l2.084-4.44a.8.8 0 0 1 1.45 0l2.084 4.44a.8.8 0 0 0 .602.45l4.711.732a.801.801 0 0 1 .452 1.349l-3.457 3.57a.8.8 0 0 0-.215.684l.801 4.987a.8.8 0 0 1-1.177.828l-4.14-2.287a.8.8 0 0 0-.773 0Z" fill="url(#star-gradient-:ds164:)"></path></svg><svg fill="none" xmlns="http://www.w3.org/2000/svg" viewBox="0 0 24 24" role="img" aria-hidden="true"><defs><linearGradient id="star-gradient-:ds165:" x1="0" y1="0" x2="1" y2="0"><stop offset="100%"></stop><stop offset="0%"></stop></linearGradient></defs><path d="M11.613 18.413 7.473 20.7a.8.8 0 0 1-1.177-.828l.802-4.987a.801.801 0 0 0-.215-.685l-3.457-3.57a.802.802 0 0 1 .452-1.348l4.711-.732a.8.8 0 0 0 .602-.45l2.084-4.44a.8.8 0 0 1 1.45 0l2.084 4.44a.8.8 0 0 0 .602.45l4.711.732a.801.801 0 0 1 .452 1.349l-3.457 3.57a.8.8 0 0 0-.215.684l.801 4.987a.8.8 0 0 1-1.177.828l-4.14-2.287a.8.8 0 0 0-.773 0Z" fill="url(#star-gradient-:ds165:)"></path></svg><svg fill="none" xmlns="http://www.w3.org/2000/svg" viewBox="0 0 24 24" role="img" aria-hidden="true"><defs><linearGradient id="star-gradient-:ds166:" x1="0" y1="0" x2="1" y2="0"><stop offset="60.52999999999997%"></stop><stop offset="0%"></stop></linearGradient></defs><path d="M11.613 18.413 7.473 20.7a.8.8 0 0 1-1.177-.828l.802-4.987a.801.801 0 0 0-.215-.685l-3.457-3.57a.802.802 0 0 1 .452-1.348l4.711-.732a.8.8 0 0 0 .602-.45l2.084-4.44a.8.8 0 0 1 1.45 0l2.084 4.44a.8.8 0 0 0 .602.45l4.711.732a.801.801 0 0 1 .452 1.349l-3.457 3.57a.8.8 0 0 0-.215.684l.801 4.987a.8.8 0 0 1-1.177.828l-4.14-2.287a.8.8 0 0 0-.773 0Z" fill="url(#star-gradient-:ds166:)"></path></svg></div><div class="ds-c-rating__body"><span class="ds-c-rating__rating-content" aria-hidden="true">(38)</span></div></span></a></div></div></div></div><div class="pt__wrapper__bottom"><div class="pt__data-entry"></div><div class="pt__cost"><div data-testid="pt-retail-price-and-unit" class="pt__cost__retail-price__wrapper pt__cost__retail-price__wrapper--no-promo"><span class="pt__cost__retail-price" data-testid="pt-retail-price">£6.25</span><span data-testid="pt-unit-price" class="pt__cost__unit-price-per-measure">£3.55 / ltr</span></div></div></div></div><div class="pt__controls" data-testid="pt-control-buttons"><div class="pt-button"><button data-testid="add-button" aria-label="Add Cruzcampo Sevilla Lager Beer Can 4x440ml to trolley" class="ln-c-button ln-c-button--filled ln-c-button--full pt__add-button" type="button">Add</button></div></div></div></div><div class="pt__icons__fav"><div data-testid="fav_heart-tooltip" class="ln-c-tooltip"><div><button class="pt__icons__fav--cta" data-testid="favourite-icon-empty" aria-label="Add to favourites"><svg role="presentation" class="pt__icons__fav--icon-empty ln-c-icon" viewBox="0 0 24 24" xmlns="http://www.w3.org/2000/svg"><title>Favourites</title><path d="M12 9.04l-1.992-2.002a3.502 3.502 0 0 0-4.975-.003 3.579 3.579 0 0 0 .003 5.034l6.842 6.88a.17.17 0 0 0 .243 0l6.842-6.88a3.576 3.576 0 0 0 .003-5.034 3.505 3.505 0 0 0-4.975.003l-1.992 2.003zm0-2.836l.759-.755a5.505 5.505 0 0 1 7.625.176 5.576 5.576 0 0 1-.003 7.855l-6.842 6.88a2.17 2.17 0 0 1-3.08 0l-6.841-6.88a5.579 5.579 0 0 1-.003-7.855 5.502 5.502 0 0 1 7.625-.176l.76.755z" fill="currentColor"></path></svg></button></div><div aria-live="polite" aria-atomic="true" role="tooltip"></div></div></div></article></li><li class="pt-grid-item ln-o-grid__item ln-u-6/12@xs ln-u-1/3@sm ln-u-3/12@md ln-u-2/12@xl"><article data-testid="product-tile-8151498" class="ln-c-card pt pt-card"><div aria-hidden="true"></div><div class="pt__content"><div class="pt__image-wrapper"><div><div class="pt-image__ribbon-wrapper"><a href="https://www.sainsburys.co.uk/gol-ui/product/old-speckled-hen-english-pale-ale-500ml" class="pt-image pt-image__link" tabindex="-1" aria-hidden="true"><picture><source srcset="https://assets.sainsburys-groceries.co.uk/gol/8151498/image.webp" type="image/webp"><source srcset="https://assets.sainsburys-groceries.co.uk/gol/8151498/image.jpg" type="image/jpeg"><img title="Old Speckled Hen Pale Ale Beer 500ml" src="https://assets.sainsburys-groceries.co.uk/gol/8151498/image.jpg" alt="Old Speckled Hen Pale Ale Beer 500ml" aria-hidden="true" data-testid="pt-image"></picture></a></div></div><div class="product-header product-header--citrus">&nbsp;</div></div><div class="pt__wrapper"><div class="pt__wrapper-inner"><div class="pt__wrapper__top"><div class="pt__info"><div class="product-description-box"><div><h2 class="pt__info__description" data-testid="product-tile-description"><a href="https://www.sainsburys.co.uk/gol-ui/product/old-speckled-hen-english-pale-ale-500ml" class="pt__link" title="Old Speckled Hen Pale Ale Beer 500ml" aria-label="Old Speckled Hen Pale Ale Beer 500ml">Old Speckled Hen Pale Ale Beer 500ml</a></h2></div></div><div class="star-rating-container"><div><a href="https://www.sainsburys.co.uk/gol-ui/product/old-speckled-hen-english-pale-ale-500ml" class="star-rating-link" data-testid="star-rating" aria-label="4.4 out of 5, 14 reviews"><span class="ds-c-rating ds-c-rating--primary ds-c-rating--md" data-testid="review-count" data-pkgid="@sainsburys-tech/fable-3.53.0-rating"><div class="ds-c-rating__stars" role="img" title="Rating 4.4 out of 5" aria-label="Rating 4.4 out of 5, from 14 reviews"><svg fill="none" xmlns="http://www.w3.org/2000/svg" viewBox="0 0 24 24" role="img" aria-hidden="true"><defs><linearGradient id="star-gradient-:ds167:" x1="0" y1="0" x2="1" y2="0"><stop offset="100%"></stop><stop offset="0%"></stop></linearGradient></defs><path d="M11.613 18.413 7.473 20.7a.8.8 0 0 1-1.177-.828l.802-4.987a.801.801 0 0 0-.215-.685l-3.457-3.57a.802.802 0 0 1 .452-1.348l4.711-.732a.8.8 0 0 0 .602-.45l2.084-4.44a.8.8 0 0 1 1.45 0l2.084 4.44a.8.8 0 0 0 .602.45l4.711.732a.801.801 0 0 1 .452 1.349l-3.457 3.57a.8.8 0 0 0-.215.684l.801 4.987a.8.8 0 0 1-1.177.828l-4.14-2.287a.8.8 0 0 0-.773 0Z" fill="url(#star-gradient-:ds167:)"></path></svg><svg fill="none" xmlns="http://www.w3.org/2000/svg" viewBox="0 0 24 24" role="img" aria-hidden="true"><defs><linearGradient id="star-gradient-:ds168:" x1="0" y1="0" x2="1" y2="0"><stop offset="100%"></stop><stop offset="0%"></stop></linearGradient></defs><path d="M11.613 18.413 7.473 20.7a.8.8 0 0 1-1.177-.828l.802-4.987a.801.801 0 0 0-.215-.685l-3.457-3.57a.802.802 0 0 1 .452-1.348l4.711-.732a.8.8 0 0 0 .602-.45l2.084-4.44a.8.8 0 0 1 1.45 0l2.084 4.44a.8.8 0 0 0 .602.45l4.711.732a.801.801 0 0 1 .452 1.349l-3.457 3.57a.8.8 0 0 0-.215.684l.801 4.987a.8.8 0 0 1-1.177.828l-4.14-2.287a.8.8 0 0 0-.773 0Z" fill="url(#star-gradient-:ds168:)"></path></svg><svg fill="none" xmlns="http://www.w3.org/2000/svg" viewBox="0 0 24 24" role="img" aria-hidden="true"><defs><linearGradient id="star-gradient-:ds169:" x1="0" y1="0" x2="1" y2="0"><stop offset="100%"></stop><stop offset="0%"></stop></linearGradient></defs><path d="M11.613 18.413 7.473 20.7a.8.8 0 0 1-1.177-.828l.802-4.987a.801.801 0 0 0-.215-.685l-3.457-3.57a.802.802 0 0 1 .452-1.348l4.711-.732a.8.8 0 0 0 .602-.45l2.084-4.44a.8.8 0 0 1 1.45 0l2.084 4.44a.8.8 0 0 0 .602.45l4.711.732a.801.801 0 0 1 .452 1.349l-3.457 3.57a.8.8 0 0 0-.215.684l.801 4.987a.8.8 0 0 1-1.177.828l-4.14-2.287a.8.8 0 0 0-.773 0Z" fill="url(#star-gradient-:ds169:)"></path></svg><svg fill="none" xmlns="http://www.w3.org/2000/svg" viewBox="0 0 24 24" role="img" aria-hidden="true"><defs><linearGradient id="star-gradient-:ds170:" x1="0" y1="0" x2="1" y2="0"><stop offset="100%"></stop><stop offset="0%"></stop></linearGradient></defs><path d="M11.613 18.413 7.473 20.7a.8.8 0 0 1-1.177-.828l.802-4.987a.801.801 0 0 0-.215-.685l-3.457-3.57a.802.802 0 0 1 .452-1.348l4.711-.732a.8.8 0 0 0 .602-.45l2.084-4.44a.8.8 0 0 1 1.45 0l2.084 4.44a.8.8 0 0 0 .602.45l4.711.732a.801.801 0 0 1 .452 1.349l-3.457 3.57a.8.8 0 0 0-.215.684l.801 4.987a.8.8 0 0 1-1.177.828l-4.14-2.287a.8.8 0 0 0-.773 0Z" fill="url(#star-gradient-:ds170:)"></path></svg><svg fill="none" xmlns="http://www.w3.org/2000/svg" viewBox="0 0 24 24" role="img" aria-hidden="true"><defs><linearGradient id="star-gradient-:ds171:" x1="0" y1="0" x2="1" y2="0"><stop offset="42.86000000000003%"></stop><stop offset="0%"></stop></linearGradient></defs><path d="M11.613 18.413 7.473 20.7a.8.8 0 0 1-1.177-.828l.802-4.987a.801.801 0 0 0-.215-.685l-3.457-3.57a.802.802 0 0 1 .452-1.348l4.711-.732a.8.8 0 0 0 .602-.45l2.084-4.44a.8.8 0 0 1 1.45 0l2.084 4.44a.8.8 0 0 0 .602.45l4.711.732a.801.801 0 0 1 .452 1.349l-3.457 3.57a.8.8 0 0 0-.215.684l.801 4.987a.8.8 0 0 1-1.177.828l-4.14-2.287a.8.8 0 0 0-.773 0Z" fill="url(#star-gradient-:ds171:)"></path></svg></div><div class="ds-c-rating__body"><span class="ds-c-rating__rating-content" aria-hidden="true">(14)</span></div></span></a></div></div></div></div><div class="pt__wrapper__bottom"><div class="pt__data-entry"></div><ul class="pt__promotions" data-testid="pt-promotions"><li class="pt__promotion"><div><div class="promotion-message"><a href="/gol-ui/promo-lister/10650144" target="_self" class="promotion-message__link promotion-message__link--purple" data-testid="pt-promotions-10650144" aria-label="Old Speckled Hen Pale Ale Beer 500ml, Buy any 4 for £7.00 with Nectar">Buy any 4 for £7.00 with Nectar</a></div></div></li></ul><div class="pt__cost"><div data-testid="pt-retail-price-and-unit" class="pt__cost__retail-price__wrapper pt__cost__retail-price__wrapper--no-promo"><span class="pt__cost__retail-price" data-testid="pt-retail-price">£2.00</span><span data-testid="pt-unit-price" class="pt__cost__unit-price-per-measure">£4.00 / ltr</span></div></div></div></div><div class="pt__controls" data-testid="pt-control-buttons"><div class="pt-button"><button data-testid="add-button" aria-label="Add Old Speckled Hen Pale Ale Beer 500ml to trolley" class="ln-c-button ln-c-button--filled ln-c-button--full pt__add-button" type="button">Add</button></div></div></div></div><div class="pt__icons__fav"><div data-testid="fav_heart-tooltip" class="ln-c-tooltip"><div><button class="pt__icons__fav--cta" data-testid="favourite-icon-empty" aria-label="Add to favourites"><svg role="presentation" class="pt__icons__fav--icon-empty ln-c-icon" viewBox="0 0 24 24" xmlns="http://www.w3.org/2000/svg"><title>Favourites</title><path d="M12 9.04l-1.992-2.002a3.502 3.502 0 0 0-4.975-.003 3.579 3.579 0 0 0 .003 5.034l6.842 6.88a.17.17 0 0 0 .243 0l6.842-6.88a3.576 3.576 0 0 0 .003-5.034 3.505 3.505 0 0 0-4.975.003l-1.992 2.003zm0-2.836l.759-.755a5.505 5.505 0 0 1 7.625.176 5.576 5.576 0 0 1-.003 7.855l-6.842 6.88a2.17 2.17 0 0 1-3.08 0l-6.841-6.88a5.579 5.579 0 0 1-.003-7.855 5.502 5.502 0 0 1 7.625-.176l.76.755z" fill="currentColor"></path></svg></button></div><div aria-live="polite" aria-atomic="true" role="tooltip"></div></div></div></article></li><li class="pt-grid-item ln-o-grid__item ln-u-6/12@xs ln-u-1/3@sm ln-u-3/12@md ln-u-2/12@xl"><article data-testid="product-tile-2250786" class="ln-c-card pt pt-card"><div aria-hidden="true"></div><div class="pt__content"><div class="pt__image-wrapper"><div><div class="pt-image__ribbon-wrapper"><a href="https://www.sainsburys.co.uk/gol-ui/product/guinness-draught-stout-4x440ml" class="pt-image pt-image__link" tabindex="-1" aria-hidden="true"><picture><source srcset="https://assets.sainsburys-groceries.co.uk/gol/2250786/image.webp" type="image/webp"><source srcset="https://assets.sainsburys-groceries.co.uk/gol/2250786/image.jpg" type="image/jpeg"><img title="Guinness Draught Stout Beer Cans 4x440ml" src="https://assets.sainsburys-groceries.co.uk/gol/2250786/image.jpg" alt="Guinness Draught Stout Beer Cans 4x440ml" aria-hidden="true" data-testid="pt-image"></picture></a></div></div><div class="product-header product-header--citrus">&nbsp;</div></div><div class="pt__wrapper"><div class="pt__wrapper-inner"><div class="pt__wrapper__top"><div class="pt__info"><div class="product-description-box"><div><h2 class="pt__info__description" data-testid="product-tile-description"><a href="https://www.sainsburys.co.uk/gol-ui/product/guinness-draught-stout-4x440ml" class="pt__link" title="Guinness Draught Stout Beer Cans 4x440ml" aria-label="Guinness Draught Stout Beer Cans 4x440ml">Guinness Draught Stout Beer Cans 4x440ml</a></h2></div></div><div class="star-rating-container"><div><a href="https://www.sainsburys.co.uk/gol-ui/product/guinness-draught-stout-4x440ml" class="star-rating-link" data-testid="star-rating" aria-label="4.6 out of 5, 30 reviews"><span class="ds-c-rating ds-c-rating--primary ds-c-rating--md" data-testid="review-count" data-pkgid="@sainsburys-tech/fable-3.53.0-rating"><div class="ds-c-rating__stars" role="img" title="Rating 4.6 out of 5" aria-label="Rating 4.6 out of 5, from 30 reviews"><svg fill="none" xmlns="http://www.w3.org/2000/svg" viewBox="0 0 24 24" role="img" aria-hidden="true"><defs><linearGradient id="star-gradient-:ds172:" x1="0" y1="0" x2="1" y2="0"><stop offset="100%"></stop><stop offset="0%"></stop></linearGradient></defs><path d="M11.613 18.413 7.473 20.7a.8.8 0 0 1-1.177-.828l.802-4.987a.801.801 0 0 0-.215-.685l-3.457-3.57a.802.802 0 0 1 .452-1.348l4.711-.732a.8.8 0 0 0 .602-.45l2.084-4.44a.8.8 0 0 1 1.45 0l2.084 4.44a.8.8 0 0 0 .602.45l4.711.732a.801.801 0 0 1 .452 1.349l-3.457 3.57a.8.8 0 0 0-.215.684l.801 4.987a.8.8 0 0 1-1.177.828l-4.14-2.287a.8.8 0 0 0-.773 0Z" fill="url(#star-gradient-:ds172:)"></path></svg><svg fill="none" xmlns="http://www.w3.org/2000/svg" viewBox="0 0 24 24" role="img" aria-hidden="true"><defs><linearGradient id="star-gradient-:ds173:" x1="0" y1="0" x2="1" y2="0"><stop offset="100%"></stop><stop offset="0%"></stop></linearGradient></defs><path d="M11.613 18.413 7.473 20.7a.8.8 0 0 1-1.177-.828l.802-4.987a.801.801 0 0 0-.215-.685l-3.457-3.57a.802.802 0 0 1 .452-1.348l4.711-.732a.8.8 0 0 0 .602-.45l2.084-4.44a.8.8 0 0 1 1.45 0l2.084 4.44a.8.8 0 0 0 .602.45l4.711.732a.801.801 0 0 1 .452 1.349l-3.457 3.57a.8.8 0 0 0-.215.684l.801 4.987a.8.8 0 0 1-1.177.828l-4.14-2.287a.8.8 0 0 0-.773 0Z" fill="url(#star-gradient-:ds173:)"></path></svg><svg fill="none" xmlns="http://www.w3.org/2000/svg" viewBox="0 0 24 24" role="img" aria-hidden="true"><defs><linearGradient id="star-gradient-:ds174:" x1="0" y1="0" x2="1" y2="0"><stop offset="100%"></stop><stop offset="0%"></stop></linearGradient></defs><path d="M11.613 18.413 7.473 20.7a.8.8 0 0 1-1.177-.828l.802-4.987a.801.801 0 0 0-.215-.685l-3.457-3.57a.802.802 0 0 1 .452-1.348l4.711-.732a.8.8 0 0 0 .602-.45l2.084-4.44a.8.8 0 0 1 1.45 0l2.084 4.44a.8.8 0 0 0 .602.45l4.711.732a.801.801 0 0 1 .452 1.349l-3.457 3.57a.8.8 0 0 0-.215.684l.801 4.987a.8.8 0 0 1-1.177.828l-4.14-2.287a.8.8 0 0 0-.773 0Z" fill="url(#star-gradient-:ds174:)"></path></svg><svg fill="none" xmlns="http://www.w3.org/2000/svg" viewBox="0 0 24 24" role="img" aria-hidden="true"><defs><linearGradient id="star-gradient-:ds175:" x1="0" y1="0" x2="1" y2="0"><stop offset="100%"></stop><stop offset="0%"></stop></linearGradient></defs><path d="M11.613 18.413 7.473 20.7a.8.8 0 0 1-1.177-.828l.802-4.987a.801.801 0 0 0-.215-.685l-3.457-3.57a.802.802 0 0 1 .452-1.348l4.711-.732a.8.8 0 0 0 .602-.45l2.084-4.44a.8.8 0 0 1 1.45 0l2.084 4.44a.8.8 0 0 0 .602.45l4.711.732a.801.801 0 0 1 .452 1.349l-3.457 3.57a.8.8 0 0 0-.215.684l.801 4.987a.8.8 0 0 1-1.177.828l-4.14-2.287a.8.8 0 0 0-.773 0Z" fill="url(#star-gradient-:ds175:)"></path></svg><svg fill="none" xmlns="http://www.w3.org/2000/svg" viewBox="0 0 24 24" role="img" aria-hidden="true"><defs><linearGradient id="star-gradient-:ds176:" x1="0" y1="0" x2="1" y2="0"><stop offset="63.33000000000002%"></stop><stop offset="0%"></stop></linearGradient></defs><path d="M11.613 18.413 7.473 20.7a.8.8 0 0 1-1.177-.828l.802-4.987a.801.801 0 0 0-.215-.685l-3.457-3.57a.802.802 0 0 1 .452-1.348l4.711-.732a.8.8 0 0 0 .602-.45l2.084-4.44a.8.8 0 0 1 1.45 0l2.084 4.44a.8.8 0 0 0 .602.45l4.711.732a.801.801 0 0 1 .452 1.349l-3.457 3.57a.8.8 0 0 0-.215.684l.801 4.987a.8.8 0 0 1-1.177.828l-4.14-2.287a.8.8 0 0 0-.773 0Z" fill="url(#star-gradient-:ds176:)"></path></svg></div><div class="ds-c-rating__body"><span class="ds-c-rating__rating-content" aria-hidden="true">(30)</span></div></span></a></div></div></div></div><div class="pt__wrapper__bottom"><div class="pt__data-entry"></div><div class="pt__cost"><div data-testid="pt-retail-price-and-unit" class="pt__cost__retail-price__wrapper pt__cost__retail-price__wrapper--no-promo"><span class="pt__cost__retail-price" data-testid="pt-retail-price">£5.75</span><span data-testid="pt-unit-price" class="pt__cost__unit-price-per-measure">£3.27 / ltr</span></div></div></div></div><div class="pt__controls" data-testid="pt-control-buttons"><div class="pt-button"><button data-testid="add-button" aria-label="Add Guinness Draught Stout Beer Cans 4x440ml to trolley" class="ln-c-button ln-c-button--filled ln-c-button--full pt__add-button" type="button">Add</button></div></div></div></div><div class="pt__icons__fav"><div data-testid="fav_heart-tooltip" class="ln-c-tooltip"><div><button class="pt__icons__fav--cta" data-testid="favourite-icon-empty" aria-label="Add to favourites"><svg role="presentation" class="pt__icons__fav--icon-empty ln-c-icon" viewBox="0 0 24 24" xmlns="http://www.w3.org/2000/svg"><title>Favourites</title><path d="M12 9.04l-1.992-2.002a3.502 3.502 0 0 0-4.975-.003 3.579 3.579 0 0 0 .003 5.034l6.842 6.88a.17.17 0 0 0 .243 0l6.842-6.88a3.576 3.576 0 0 0 .003-5.034 3.505 3.505 0 0 0-4.975.003l-1.992 2.003zm0-2.836l.759-.755a5.505 5.505 0 0 1 7.625.176 5.576 5.576 0 0 1-.003 7.855l-6.842 6.88a2.17 2.17 0 0 1-3.08 0l-6.841-6.88a5.579 5.579 0 0 1-.003-7.855 5.502 5.502 0 0 1 7.625-.176l.76.755z" fill="currentColor"></path></svg></button></div><div aria-live="polite" aria-atomic="true" role="tooltip"></div></div></div></article></li><li class="pt-grid-item ln-o-grid__item ln-u-6/12@xs ln-u-1/3@sm ln-u-3/12@md ln-u-2/12@xl"><article data-testid="product-tile-6025312" class="ln-c-card pt pt-card"><div aria-hidden="true"></div><div class="pt__content"><div class="pt__image-wrapper"><div><div class="pt-image__ribbon-wrapper"><a href="https://www.sainsburys.co.uk/gol-ui/product/corona-extra-4x330ml" class="pt-image pt-image__link" tabindex="-1" aria-hidden="true"><picture><source srcset="https://assets.sainsburys-groceries.co.uk/gol/6025312/image.webp" type="image/webp"><source srcset="https://assets.sainsburys-groceries.co.uk/gol/6025312/image.jpg" type="image/jpeg"><img title="Corona Extra Premium Lager Beer bottles 4x330ml" src="https://assets.sainsburys-groceries.co.uk/gol/6025312/image.jpg" alt="Corona Extra Premium Lager Beer bottles 4x330ml" aria-hidden="true" data-testid="pt-image"></picture></a></div></div><div class="product-header product-header--citrus">&nbsp;</div></div><div class="pt__wrapper"><div class="pt__wrapper-inner"><div class="pt__wrapper__top"><div class="pt__info"><div class="product-description-box"><div><h2 class="pt__info__description" data-testid="product-tile-description"><a href="https://www.sainsburys.co.uk/gol-ui/product/corona-extra-4x330ml" class="pt__link" title="Corona Extra Premium Lager Beer bottles 4x330ml" aria-label="Corona Extra Premium Lager Beer bottles 4x330ml">Corona Extra Premium Lager Beer bottles 4x330ml</a></h2></div></div><div class="star-rating-container"><div><a href="https://www.sainsburys.co.uk/gol-ui/product/corona-extra-4x330ml" class="star-rating-link" data-testid="star-rating" aria-label="4 out of 5, 27 reviews"><span class="ds-c-rating ds-c-rating--primary ds-c-rating--md" data-testid="review-count" data-pkgid="@sainsburys-tech/fable-3.53.0-rating"><div class="ds-c-rating__stars" role="img" title="Rating 4 out of 5" aria-label="Rating 4 out of 5, from 27 reviews"><svg fill="none" xmlns="http://www.w3.org/2000/svg" viewBox="0 0 24 24" role="img" aria-hidden="true"><defs><linearGradient id="star-gradient-:ds177:" x1="0" y1="0" x2="1" y2="0"><stop offset="100%"></stop><stop offset="0%"></stop></linearGradient></defs><path d="M11.613 18.413 7.473 20.7a.8.8 0 0 1-1.177-.828l.802-4.987a.801.801 0 0 0-.215-.685l-3.457-3.57a.802.802 0 0 1 .452-1.348l4.711-.732a.8.8 0 0 0 .602-.45l2.084-4.44a.8.8 0 0 1 1.45 0l2.084 4.44a.8.8 0 0 0 .602.45l4.711.732a.801.801 0 0 1 .452 1.349l-3.457 3.57a.8.8 0 0 0-.215.684l.801 4.987a.8.8 0 0 1-1.177.828l-4.14-2.287a.8.8 0 0 0-.773 0Z" fill="url(#star-gradient-:ds177:)"></path></svg><svg fill="none" xmlns="http://www.w3.org/2000/svg" viewBox="0 0 24 24" role="img" aria-hidden="true"><defs><linearGradient id="star-gradient-:ds178:" x1="0" y1="0" x2="1" y2="0"><stop offset="100%"></stop><stop offset="0%"></stop></linearGradient></defs><path d="M11.613 18.413 7.473 20.7a.8.8 0 0 1-1.177-.828l.802-4.987a.801.801 0 0 0-.215-.685l-3.457-3.57a.802.802 0 0 1 .452-1.348l4.711-.732a.8.8 0 0 0 .602-.45l2.084-4.44a.8.8 0 0 1 1.45 0l2.084 4.44a.8.8 0 0 0 .602.45l4.711.732a.801.801 0 0 1 .452 1.349l-3.457 3.57a.8.8 0 0 0-.215.684l.801 4.987a.8.8 0 0 1-1.177.828l-4.14-2.287a.8.8 0 0 0-.773 0Z" fill="url(#star-gradient-:ds178:)"></path></svg><svg fill="none" xmlns="http://www.w3.org/2000/svg" viewBox="0 0 24 24" role="img" aria-hidden="true"><defs><linearGradient id="star-gradient-:ds179:" x1="0" y1="0" x2="1" y2="0"><stop offset="100%"></stop><stop offset="0%"></stop></linearGradient></defs><path d="M11.613 18.413 7.473 20.7a.8.8 0 0 1-1.177-.828l.802-4.987a.801.801 0 0 0-.215-.685l-3.457-3.57a.802.802 0 0 1 .452-1.348l4.711-.732a.8.8 0 0 0 .602-.45l2.084-4.44a.8.8 0 0 1 1.45 0l2.084 4.44a.8.8 0 0 0 .602.45l4.711.732a.801.801 0 0 1 .452 1.349l-3.457 3.57a.8.8 0 0 0-.215.684l.801 4.987a.8.8 0 0 1-1.177.828l-4.14-2.287a.8.8 0 0 0-.773 0Z" fill="url(#star-gradient-:ds179:)"></path></svg><svg fill="none" xmlns="http://www.w3.org/2000/svg" viewBox="0 0 24 24" role="img" aria-hidden="true"><defs><linearGradient id="star-gradient-:ds180:" x1="0" y1="0" x2="1" y2="0"><stop offset="96.30000000000001%"></stop><stop offset="0%"></stop></linearGradient></defs><path d="M11.613 18.413 7.473 20.7a.8.8 0 0 1-1.177-.828l.802-4.987a.801.801 0 0 0-.215-.685l-3.457-3.57a.802.802 0 0 1 .452-1.348l4.711-.732a.8.8 0 0 0 .602-.45l2.084-4.44a.8.8 0 0 1 1.45 0l2.084 4.44a.8.8 0 0 0 .602.45l4.711.732a.801.801 0 0 1 .452 1.349l-3.457 3.57a.8.8 0 0 0-.215.684l.801 4.987a.8.8 0 0 1-1.177.828l-4.14-2.287a.8.8 0 0 0-.773 0Z" fill="url(#star-gradient-:ds180:)"></path></svg><svg fill="none" xmlns="http://www.w3.org/2000/svg" viewBox="0 0 24 24" role="img" aria-hidden="true"><defs><linearGradient id="star-gradient-:ds181:" x1="0" y1="0" x2="1" y2="0"><stop offset="0%"></stop><stop offset="0%"></stop></linearGradient></defs><path d="M11.613 18.413 7.473 20.7a.8.8 0 0 1-1.177-.828l.802-4.987a.801.801 0 0 0-.215-.685l-3.457-3.57a.802.802 0 0 1 .452-1.348l4.711-.732a.8.8 0 0 0 .602-.45l2.084-4.44a.8.8 0 0 1 1.45 0l2.084 4.44a.8.8 0 0 0 .602.45l4.711.732a.801.801 0 0 1 .452 1.349l-3.457 3.57a.8.8 0 0 0-.215.684l.801 4.987a.8.8 0 0 1-1.177.828l-4.14-2.287a.8.8 0 0 0-.773 0Z" fill="url(#star-gradient-:ds181:)"></path></svg></div><div class="ds-c-rating__body"><span class="ds-c-rating__rating-content" aria-hidden="true">(27)</span></div></span></a></div></div></div></div><div class="pt__wrapper__bottom"><div class="pt__data-entry"></div><div class="pt__cost"><div data-testid="pt-retail-price-and-unit" class="pt__cost__retail-price__wrapper pt__cost__retail-price__wrapper--no-promo"><span class="pt__cost__retail-price" data-testid="pt-retail-price">£5.75</span><span data-testid="pt-unit-price" class="pt__cost__unit-price-per-measure">£4.36 / ltr</span></div></div></div></div><div class="pt__controls" data-testid="pt-control-buttons"><div class="pt-button"><button data-testid="add-button" aria-label="Add Corona Extra Premium Lager Beer bottles 4x330ml to trolley" class="ln-c-button ln-c-button--filled ln-c-button--full pt__add-button" type="button">Add</button></div></div></div></div><div class="pt__icons__fav"><div data-testid="fav_heart-tooltip" class="ln-c-tooltip"><div><button class="pt__icons__fav--cta" data-testid="favourite-icon-empty" aria-label="Add to favourites"><svg role="presentation" class="pt__icons__fav--icon-empty ln-c-icon" viewBox="0 0 24 24" xmlns="http://www.w3.org/2000/svg"><title>Favourites</title><path d="M12 9.04l-1.992-2.002a3.502 3.502 0 0 0-4.975-.003 3.579 3.579 0 0 0 .003 5.034l6.842 6.88a.17.17 0 0 0 .243 0l6.842-6.88a3.576 3.576 0 0 0 .003-5.034 3.505 3.505 0 0 0-4.975.003l-1.992 2.003zm0-2.836l.759-.755a5.505 5.505 0 0 1 7.625.176 5.576 5.576 0 0 1-.003 7.855l-6.842 6.88a2.17 2.17 0 0 1-3.08 0l-6.841-6.88a5.579 5.579 0 0 1-.003-7.855 5.502 5.502 0 0 1 7.625-.176l.76.755z" fill="currentColor"></path></svg></button></div><div aria-live="polite" aria-atomic="true" role="tooltip"></div></div></div></article></li><li class="pt-grid-item ln-o-grid__item ln-u-6/12@xs ln-u-1/3@sm ln-u-3/12@md ln-u-2/12@xl"><article data-testid="product-tile-7855845" class="ln-c-card pt pt-card"><div aria-hidden="true"><div class="product-details-title__tag"><span data-testid="nectar-price-label" class="promotional-tag--nectar">Nectar Price</span></div></div><div class="pt__content"><div class="pt__image-wrapper"><div><div class="pt-image__ribbon-wrapper"><a href="https://www.sainsburys.co.uk/gol-ui/product/estrella-damm-12x330ml" class="pt-image pt-image__link" tabindex="-1" aria-hidden="true"><picture><source srcset="https://assets.sainsburys-groceries.co.uk/gol/7855845/image.webp" type="image/webp"><source srcset="https://assets.sainsburys-groceries.co.uk/gol/7855845/image.jpg" type="image/jpeg"><img title="Estrella Damm Lager Beer Bottles 12x330ml" src="https://assets.sainsburys-groceries.co.uk/gol/7855845/image.jpg" alt="Estrella Damm Lager Beer Bottles 12x330ml" aria-hidden="true" data-testid="pt-image"></picture></a></div></div><div class="product-header product-header--citrus">&nbsp;</div></div><div class="pt__wrapper"><div class="pt__wrapper-inner"><div class="pt__wrapper__top"><div class="pt__info"><div class="product-description-box"><div><h2 class="pt__info__description" data-testid="product-tile-description"><a href="https://www.sainsburys.co.uk/gol-ui/product/estrella-damm-12x330ml" class="pt__link" title="Estrella Damm Lager Beer Bottles 12x330ml" aria-label="Nectar Price, Estrella Damm Lager Beer Bottles 12x330ml">Estrella Damm Lager Beer Bottles 12x330ml</a></h2></div></div><div class="star-rating-container"><div><a href="https://www.sainsburys.co.uk/gol-ui/product/estrella-damm-12x330ml" class="star-rating-link" data-testid="star-rating" aria-label="4.4 out of 5, 18 reviews"><span class="ds-c-rating ds-c-rating--primary ds-c-rating--md" data-testid="review-count" data-pkgid="@sainsburys-tech/fable-3.53.0-rating"><div class="ds-c-rating__stars" role="img" title="Rating 4.4 out of 5" aria-label="Rating 4.4 out of 5, from 18 reviews"><svg fill="none" xmlns="http://www.w3.org/2000/svg" viewBox="0 0 24 24" role="img" aria-hidden="true"><defs><linearGradient id="star-gradient-:ds182:" x1="0" y1="0" x2="1" y2="0"><stop offset="100%"></stop><stop offset="0%"></stop></linearGradient></defs><path d="M11.613 18.413 7.473 20.7a.8.8 0 0 1-1.177-.828l.802-4.987a.801.801 0 0 0-.215-.685l-3.457-3.57a.802.802 0 0 1 .452-1.348l4.711-.732a.8.8 0 0 0 .602-.45l2.084-4.44a.8.8 0 0 1 1.45 0l2.084 4.44a.8.8 0 0 0 .602.45l4.711.732a.801.801 0 0 1 .452 1.349l-3.457 3.57a.8.8 0 0 0-.215.684l.801 4.987a.8.8 0 0 1-1.177.828l-4.14-2.287a.8.8 0 0 0-.773 0Z" fill="url(#star-gradient-:ds182:)"></path></svg><svg fill="none" xmlns="http://www.w3.org/2000/svg" viewBox="0 0 24 24" role="img" aria-hidden="true"><defs><linearGradient id="star-gradient-:ds183:" x1="0" y1="0" x2="1" y2="0"><stop offset="100%"></stop><stop offset="0%"></stop></linearGradient></defs><path d="M11.613 18.413 7.473 20.7a.8.8 0 0 1-1.177-.828l.802-4.987a.801.801 0 0 0-.215-.685l-3.457-3.57a.802.802 0 0 1 .452-1.348l4.711-.732a.8.8 0 0 0 .602-.45l2.084-4.44a.8.8 0 0 1 1.45 0l2.084 4.44a.8.8 0 0 0 .602.45l4.711.732a.801.801 0 0 1 .452 1.349l-3.457 3.57a.8.8 0 0 0-.215.684l.801 4.987a.8.8 0 0 1-1.177.828l-4.14-2.287a.8.8 0 0 0-.773 0Z" fill="url(#star-gradient-:ds183:)"></path></svg><svg fill="none" xmlns="http://www.w3.org/2000/svg" viewBox="0 0 24 24" role="img" aria-hidden="true"><defs><linearGradient id="star-gradient-:ds184:" x1="0" y1="0" x2="1" y2="0"><stop offset="100%"></stop><stop offset="0%"></stop></linearGradient></defs><path d="M11.613 18.413 7.473 20.7a.8.8 0 0 1-1.177-.828l.802-4.987a.801.801 0 0 0-.215-.685l-3.457-3.57a.802.802 0 0 1 .452-1.348l4.711-.732a.8.8 0 0 0 .602-.45l2.084-4.44a.8.8 0 0 1 1.45 0l2.084 4.44a.8.8 0 0 0 .602.45l4.711.732a.801.801 0 0 1 .452 1.349l-3.457 3.57a.8.8 0 0 0-.215.684l.801 4.987a.8.8 0 0 1-1.177.828l-4.14-2.287a.8.8 0 0 0-.773 0Z" fill="url(#star-gradient-:ds184:)"></path></svg><svg fill="none" xmlns="http://www.w3.org/2000/svg" viewBox="0 0 24 24" role="img" aria-hidden="true"><defs><linearGradient id="star-gradient-:ds185:" x1="0" y1="0" x2="1" y2="0"><stop offset="100%"></stop><stop offset="0%"></stop></linearGradient></defs><path d="M11.613 18.413 7.473 20.7a.8.8 0 0 1-1.177-.828l.802-4.987a.801.801 0 0 0-.215-.685l-3.457-3.57a.802.802 0 0 1 .452-1.348l4.711-.732a.8.8 0 0 0 .602-.45l2.084-4.44a.8.8 0 0 1 1.45 0l2.084 4.44a.8.8 0 0 0 .602.45l4.711.732a.801.801 0 0 1 .452 1.349l-3.457 3.57a.8.8 0 0 0-.215.684l.801 4.987a.8.8 0 0 1-1.177.828l-4.14-2.287a.8.8 0 0 0-.773 0Z" fill="url(#star-gradient-:ds185:)"></path></svg><svg fill="none" xmlns="http://www.w3.org/2000/svg" viewBox="0 0 24 24" role="img" aria-hidden="true"><defs><linearGradient id="star-gradient-:ds186:" x1="0" y1="0" x2="1" y2="0"><stop offset="44.43999999999999%"></stop><stop offset="0%"></stop></linearGradient></defs><path d="M11.613 18.413 7.473 20.7a.8.8 0 0 1-1.177-.828l.802-4.987a.801.801 0 0 0-.215-.685l-3.457-3.57a.802.802 0 0 1 .452-1.348l4.711-.732a.8.8 0 0 0 .602-.45l2.084-4.44a.8.8 0 0 1 1.45 0l2.084 4.44a.8.8 0 0 0 .602.45l4.711.732a.801.801 0 0 1 .452 1.349l-3.457 3.57a.8.8 0 0 0-.215.684l.801 4.987a.8.8 0 0 1-1.177.828l-4.14-2.287a.8.8 0 0 0-.773 0Z" fill="url(#star-gradient-:ds186:)"></path></svg></div><div class="ds-c-rating__body"><span class="ds-c-rating__rating-content" aria-hidden="true">(18)</span></div></span></a></div></div></div></div><div class="pt__wrapper__bottom"><div class="pt__data-entry"></div><div class="pt__cost"><div class="pt__cost__contextual--wrapper" data-testid="whole-contextual-price"><span data-testid="contextual-price" class="pt__cost__contextual pt__cost__contextual--with-nectar-not-associated"><span class="pt__cost--price" data-testid="contextual-price-text">£13.50</span></span><span data-testid="text-with-nectar" class="pt__with-or-without-nectar">with Nectar</span></div><div data-testid="pt-retail-price-and-unit" class="pt__cost__retail-price__wrapper"><span class="pt__cost__retail-price pt__cost__retail-price--with-nectar-not-associated" data-testid="pt-retail-price">£16.50</span><span data-testid="pt-unit-price" class="pt__cost__unit-price-per-measure">£4.17 / ltr</span></div></div></div></div><div class="pt__controls" data-testid="pt-control-buttons"><div class="pt-button"><button data-testid="add-button" aria-label="Add Estrella Damm Lager Beer Bottles 12x330ml to trolley" class="ln-c-button ln-c-button--filled ln-c-button--full pt__add-button" type="button">Add</button></div></div></div></div><div class="pt__icons__fav"><div data-testid="fav_heart-tooltip" class="ln-c-tooltip"><div><button class="pt__icons__fav--cta" data-testid="favourite-icon-empty" aria-label="Add to favourites"><svg role="presentation" class="pt__icons__fav--icon-empty ln-c-icon" viewBox="0 0 24 24" xmlns="http://www.w3.org/2000/svg"><title>Favourites</title><path d="M12 9.04l-1.992-2.002a3.502 3.502 0 0 0-4.975-.003 3.579 3.579 0 0 0 .003 5.034l6.842 6.88a.17.17 0 0 0 .243 0l6.842-6.88a3.576 3.576 0 0 0 .003-5.034 3.505 3.505 0 0 0-4.975.003l-1.992 2.003zm0-2.836l.759-.755a5.505 5.505 0 0 1 7.625.176 5.576 5.576 0 0 1-.003 7.855l-6.842 6.88a2.17 2.17 0 0 1-3.08 0l-6.841-6.88a5.579 5.579 0 0 1-.003-7.855 5.502 5.502 0 0 1 7.625-.176l.76.755z" fill="currentColor"></path></svg></button></div><div aria-live="polite" aria-atomic="true" role="tooltip"></div></div></div></article></li><li class="pt-grid-item ln-o-grid__item ln-u-6/12@xs ln-u-1/3@sm ln-u-3/12@md ln-u-2/12@xl"><article data-testid="product-tile-8094160" class="ln-c-card pt pt-card"><div aria-hidden="true"></div><div class="pt__content"><div class="pt__image-wrapper"><div><div class="pt-image__ribbon-wrapper"><a href="https://www.sainsburys.co.uk/gol-ui/product/bud-light-beer-x15-440ml" class="pt-image pt-image__link" tabindex="-1" aria-hidden="true"><picture><source srcset="https://assets.sainsburys-groceries.co.uk/gol/8094160/image.webp" type="image/webp"><source srcset="https://assets.sainsburys-groceries.co.uk/gol/8094160/image.jpg" type="image/jpeg"><img title="Bud Light Lager Beer Cans 15x440ml" src="https://assets.sainsburys-groceries.co.uk/gol/8094160/image.jpg" alt="Bud Light Lager Beer Cans 15x440ml" aria-hidden="true" data-testid="pt-image"></picture></a></div></div><div class="product-header product-header--citrus">&nbsp;</div></div><div class="pt__wrapper"><div class="pt__wrapper-inner"><div class="pt__wrapper__top"><div class="pt__info"><div class="product-description-box"><div><h2 class="pt__info__description" data-testid="product-tile-description"><a href="https://www.sainsburys.co.uk/gol-ui/product/bud-light-beer-x15-440ml" class="pt__link" title="Bud Light Lager Beer Cans 15x440ml" aria-label="Bud Light Lager Beer Cans 15x440ml">Bud Light Lager Beer Cans 15x440ml</a></h2></div></div><div class="star-rating-container"><div><a href="https://www.sainsburys.co.uk/gol-ui/product/bud-light-beer-x15-440ml" class="star-rating-link" data-testid="star-rating" aria-label="4.7 out of 5, 3 reviews"><span class="ds-c-rating ds-c-rating--primary ds-c-rating--md" data-testid="review-count" data-pkgid="@sainsburys-tech/fable-3.53.0-rating"><div class="ds-c-rating__stars" role="img" title="Rating 4.7 out of 5" aria-label="Rating 4.7 out of 5, from 3 reviews"><svg fill="none" xmlns="http://www.w3.org/2000/svg" viewBox="0 0 24 24" role="img" aria-hidden="true"><defs><linearGradient id="star-gradient-:ds187:" x1="0" y1="0" x2="1" y2="0"><stop offset="100%"></stop><stop offset="0%"></stop></linearGradient></defs><path d="M11.613 18.413 7.473 20.7a.8.8 0 0 1-1.177-.828l.802-4.987a.801.801 0 0 0-.215-.685l-3.457-3.57a.802.802 0 0 1 .452-1.348l4.711-.732a.8.8 0 0 0 .602-.45l2.084-4.44a.8.8 0 0 1 1.45 0l2.084 4.44a.8.8 0 0 0 .602.45l4.711.732a.801.801 0 0 1 .452 1.349l-3.457 3.57a.8.8 0 0 0-.215.684l.801 4.987a.8.8 0 0 1-1.177.828l-4.14-2.287a.8.8 0 0 0-.773 0Z" fill="url(#star-gradient-:ds187:)"></path></svg><svg fill="none" xmlns="http://www.w3.org/2000/svg" viewBox="0 0 24 24" role="img" aria-hidden="true"><defs><linearGradient id="star-gradient-:ds188:" x1="0" y1="0" x2="1" y2="0"><stop offset="100%"></stop><stop offset="0%"></stop></linearGradient></defs><path d="M11.613 18.413 7.473 20.7a.8.8 0 0 1-1.177-.828l.802-4.987a.801.801 0 0 0-.215-.685l-3.457-3.57a.802.802 0 0 1 .452-1.348l4.711-.732a.8.8 0 0 0 .602-.45l2.084-4.44a.8.8 0 0 1 1.45 0l2.084 4.44a.8.8 0 0 0 .602.45l4.711.732a.801.801 0 0 1 .452 1.349l-3.457 3.57a.8.8 0 0 0-.215.684l.801 4.987a.8.8 0 0 1-1.177.828l-4.14-2.287a.8.8 0 0 0-.773 0Z" fill="url(#star-gradient-:ds188:)"></path></svg><svg fill="none" xmlns="http://www.w3.org/2000/svg" viewBox="0 0 24 24" role="img" aria-hidden="true"><defs><linearGradient id="star-gradient-:ds189:" x1="0" y1="0" x2="1" y2="0"><stop offset="100%"></stop><stop offset="0%"></stop></linearGradient></defs><path d="M11.613 18.413 7.473 20.7a.8.8 0 0 1-1.177-.828l.802-4.987a.801.801 0 0 0-.215-.685l-3.457-3.57a.802.802 0 0 1 .452-1.348l4.711-.732a.8.8 0 0 0 .602-.45l2.084-4.44a.8.8 0 0 1 1.45 0l2.084 4.44a.8.8 0 0 0 .602.45l4.711.732a.801.801 0 0 1 .452 1.349l-3.457 3.57a.8.8 0 0 0-.215.684l.801 4.987a.8.8 0 0 1-1.177.828l-4.14-2.287a.8.8 0 0 0-.773 0Z" fill="url(#star-gradient-:ds189:)"></path></svg><svg fill="none" xmlns="http://www.w3.org/2000/svg" viewBox="0 0 24 24" role="img" aria-hidden="true"><defs><linearGradient id="star-gradient-:ds190:" x1="0" y1="0" x2="1" y2="0"><stop offset="100%"></stop><stop offset="0%"></stop></linearGradient></defs><path d="M11.613 18.413 7.473 20.7a.8.8 0 0 1-1.177-.828l.802-4.987a.801.801 0 0 0-.215-.685l-3.457-3.57a.802.802 0 0 1 .452-1.348l4.711-.732a.8.8 0 0 0 .602-.45l2.084-4.44a.8.8 0 0 1 1.45 0l2.084 4.44a.8.8 0 0 0 .602.45l4.711.732a.801.801 0 0 1 .452 1.349l-3.457 3.57a.8.8 0 0 0-.215.684l.801 4.987a.8.8 0 0 1-1.177.828l-4.14-2.287a.8.8 0 0 0-.773 0Z" fill="url(#star-gradient-:ds190:)"></path></svg><svg fill="none" xmlns="http://www.w3.org/2000/svg" viewBox="0 0 24 24" role="img" aria-hidden="true"><defs><linearGradient id="star-gradient-:ds191:" x1="0" y1="0" x2="1" y2="0"><stop offset="66.66999999999996%"></stop><stop offset="0%"></stop></linearGradient></defs><path d="M11.613 18.413 7.473 20.7a.8.8 0 0 1-1.177-.828l.802-4.987a.801.801 0 0 0-.215-.685l-3.457-3.57a.802.802 0 0 1 .452-1.348l4.711-.732a.8.8 0 0 0 .602-.45l2.084-4.44a.8.8 0 0 1 1.45 0l2.084 4.44a.8.8 0 0 0 .602.45l4.711.732a.801.801 0 0 1 .452 1.349l-3.457 3.57a.8.8 0 0 0-.215.684l.801 4.987a.8.8 0 0 1-1.177.828l-4.14-2.287a.8.8 0 0 0-.773 0Z" fill="url(#star-gradient-:ds191:)"></path></svg></div><div class="ds-c-rating__body"><span class="ds-c-rating__rating-content" aria-hidden="true">(3)</span></div></span></a></div></div></div></div><div class="pt__wrapper__bottom"><div class="pt__data-entry"></div><div class="pt__cost"><div data-testid="pt-retail-price-and-unit" class="pt__cost__retail-price__wrapper pt__cost__retail-price__wrapper--no-promo"><span class="pt__cost__retail-price" data-testid="pt-retail-price">£13.00</span><span data-testid="pt-unit-price" class="pt__cost__unit-price-per-measure">£1.97 / ltr</span></div></div></div></div><div class="pt__controls" data-testid="pt-control-buttons"><div class="pt-button"><button data-testid="add-button" aria-label="Add Bud Light Lager Beer Cans 15x440ml to trolley" class="ln-c-button ln-c-button--filled ln-c-button--full pt__add-button" type="button">Add</button></div></div></div></div><div class="pt__icons__fav"><div data-testid="fav_heart-tooltip" class="ln-c-tooltip"><div><button class="pt__icons__fav--cta" data-testid="favourite-icon-empty" aria-label="Add to favourites"><svg role="presentation" class="pt__icons__fav--icon-empty ln-c-icon" viewBox="0 0 24 24" xmlns="http://www.w3.org/2000/svg"><title>Favourites</title><path d="M12 9.04l-1.992-2.002a3.502 3.502 0 0 0-4.975-.003 3.579 3.579 0 0 0 .003 5.034l6.842 6.88a.17.17 0 0 0 .243 0l6.842-6.88a3.576 3.576 0 0 0 .003-5.034 3.505 3.505 0 0 0-4.975.003l-1.992 2.003zm0-2.836l.759-.755a5.505 5.505 0 0 1 7.625.176 5.576 5.576 0 0 1-.003 7.855l-6.842 6.88a2.17 2.17 0 0 1-3.08 0l-6.841-6.88a5.579 5.579 0 0 1-.003-7.855 5.502 5.502 0 0 1 7.625-.176l.76.755z" fill="currentColor"></path></svg></button></div><div aria-live="polite" aria-atomic="true" role="tooltip"></div></div></div></article></li><li class="pt-grid-item ln-o-grid__item ln-u-6/12@xs ln-u-1/3@sm ln-u-3/12@md ln-u-2/12@xl"><article data-testid="product-tile-7819700" class="ln-c-card pt pt-card"><div aria-hidden="true"></div><div class="pt__content"><div class="pt__image-wrapper"><div><div class="pt-image__ribbon-wrapper"><a href="https://www.sainsburys.co.uk/gol-ui/product/birra-moretti-6x330ml" class="pt-image pt-image__link" tabindex="-1" aria-hidden="true"><picture><source srcset="https://assets.sainsburys-groceries.co.uk/gol/7819700/image.webp" type="image/webp"><source srcset="https://assets.sainsburys-groceries.co.uk/gol/7819700/image.jpg" type="image/jpeg"><img title="Birra Moretti Lager Beer Cans 6 x 330ml" src="https://assets.sainsburys-groceries.co.uk/gol/7819700/image.jpg" alt="Birra Moretti Lager Beer Cans 6 x 330ml" aria-hidden="true" data-testid="pt-image"></picture></a></div></div><div class="product-header product-header--citrus">&nbsp;</div></div><div class="pt__wrapper"><div class="pt__wrapper-inner"><div class="pt__wrapper__top"><div class="pt__info"><div class="product-description-box"><div><h2 class="pt__info__description" data-testid="product-tile-description"><a href="https://www.sainsburys.co.uk/gol-ui/product/birra-moretti-6x330ml" class="pt__link" title="Birra Moretti Lager Beer Cans 6 x 330ml" aria-label="Birra Moretti Lager Beer Cans 6 x 330ml">Birra Moretti Lager Beer Cans 6 x 330ml</a></h2></div></div><div class="star-rating-container"><div><a href="https://www.sainsburys.co.uk/gol-ui/product/birra-moretti-6x330ml" class="star-rating-link" data-testid="star-rating" aria-label="4.1 out of 5, 73 reviews"><span class="ds-c-rating ds-c-rating--primary ds-c-rating--md" data-testid="review-count" data-pkgid="@sainsburys-tech/fable-3.53.0-rating"><div class="ds-c-rating__stars" role="img" title="Rating 4.1 out of 5" aria-label="Rating 4.1 out of 5, from 73 reviews"><svg fill="none" xmlns="http://www.w3.org/2000/svg" viewBox="0 0 24 24" role="img" aria-hidden="true"><defs><linearGradient id="star-gradient-:ds192:" x1="0" y1="0" x2="1" y2="0"><stop offset="100%"></stop><stop offset="0%"></stop></linearGradient></defs><path d="M11.613 18.413 7.473 20.7a.8.8 0 0 1-1.177-.828l.802-4.987a.801.801 0 0 0-.215-.685l-3.457-3.57a.802.802 0 0 1 .452-1.348l4.711-.732a.8.8 0 0 0 .602-.45l2.084-4.44a.8.8 0 0 1 1.45 0l2.084 4.44a.8.8 0 0 0 .602.45l4.711.732a.801.801 0 0 1 .452 1.349l-3.457 3.57a.8.8 0 0 0-.215.684l.801 4.987a.8.8 0 0 1-1.177.828l-4.14-2.287a.8.8 0 0 0-.773 0Z" fill="url(#star-gradient-:ds192:)"></path></svg><svg fill="none" xmlns="http://www.w3.org/2000/svg" viewBox="0 0 24 24" role="img" aria-hidden="true"><defs><linearGradient id="star-gradient-:ds193:" x1="0" y1="0" x2="1" y2="0"><stop offset="100%"></stop><stop offset="0%"></stop></linearGradient></defs><path d="M11.613 18.413 7.473 20.7a.8.8 0 0 1-1.177-.828l.802-4.987a.801.801 0 0 0-.215-.685l-3.457-3.57a.802.802 0 0 1 .452-1.348l4.711-.732a.8.8 0 0 0 .602-.45l2.084-4.44a.8.8 0 0 1 1.45 0l2.084 4.44a.8.8 0 0 0 .602.45l4.711.732a.801.801 0 0 1 .452 1.349l-3.457 3.57a.8.8 0 0 0-.215.684l.801 4.987a.8.8 0 0 1-1.177.828l-4.14-2.287a.8.8 0 0 0-.773 0Z" fill="url(#star-gradient-:ds193:)"></path></svg><svg fill="none" xmlns="http://www.w3.org/2000/svg" viewBox="0 0 24 24" role="img" aria-hidden="true"><defs><linearGradient id="star-gradient-:ds194:" x1="0" y1="0" x2="1" y2="0"><stop offset="100%"></stop><stop offset="0%"></stop></linearGradient></defs><path d="M11.613 18.413 7.473 20.7a.8.8 0 0 1-1.177-.828l.802-4.987a.801.801 0 0 0-.215-.685l-3.457-3.57a.802.802 0 0 1 .452-1.348l4.711-.732a.8.8 0 0 0 .602-.45l2.084-4.44a.8.8 0 0 1 1.45 0l2.084 4.44a.8.8 0 0 0 .602.45l4.711.732a.801.801 0 0 1 .452 1.349l-3.457 3.57a.8.8 0 0 0-.215.684l.801 4.987a.8.8 0 0 1-1.177.828l-4.14-2.287a.8.8 0 0 0-.773 0Z" fill="url(#star-gradient-:ds194:)"></path></svg><svg fill="none" xmlns="http://www.w3.org/2000/svg" viewBox="0 0 24 24" role="img" aria-hidden="true"><defs><linearGradient id="star-gradient-:ds195:" x1="0" y1="0" x2="1" y2="0"><stop offset="100%"></stop><stop offset="0%"></stop></linearGradient></defs><path d="M11.613 18.413 7.473 20.7a.8.8 0 0 1-1.177-.828l.802-4.987a.801.801 0 0 0-.215-.685l-3.457-3.57a.802.802 0 0 1 .452-1.348l4.711-.732a.8.8 0 0 0 .602-.45l2.084-4.44a.8.8 0 0 1 1.45 0l2.084 4.44a.8.8 0 0 0 .602.45l4.711.732a.801.801 0 0 1 .452 1.349l-3.457 3.57a.8.8 0 0 0-.215.684l.801 4.987a.8.8 0 0 1-1.177.828l-4.14-2.287a.8.8 0 0 0-.773 0Z" fill="url(#star-gradient-:ds195:)"></path></svg><svg fill="none" xmlns="http://www.w3.org/2000/svg" viewBox="0 0 24 24" role="img" aria-hidden="true"><defs><linearGradient id="star-gradient-:ds196:" x1="0" y1="0" x2="1" y2="0"><stop offset="10.960000000000036%"></stop><stop offset="0%"></stop></linearGradient></defs><path d="M11.613 18.413 7.473 20.7a.8.8 0 0 1-1.177-.828l.802-4.987a.801.801 0 0 0-.215-.685l-3.457-3.57a.802.802 0 0 1 .452-1.348l4.711-.732a.8.8 0 0 0 .602-.45l2.084-4.44a.8.8 0 0 1 1.45 0l2.084 4.44a.8.8 0 0 0 .602.45l4.711.732a.801.801 0 0 1 .452 1.349l-3.457 3.57a.8.8 0 0 0-.215.684l.801 4.987a.8.8 0 0 1-1.177.828l-4.14-2.287a.8.8 0 0 0-.773 0Z" fill="url(#star-gradient-:ds196:)"></path></svg></div><div class="ds-c-rating__body"><span class="ds-c-rating__rating-content" aria-hidden="true">(73)</span></div></span></a></div></div></div></div><div class="pt__wrapper__bottom"><div class="pt__data-entry"></div><div class="pt__cost"><div data-testid="pt-retail-price-and-unit" class="pt__cost__retail-price__wrapper pt__cost__retail-price__wrapper--no-promo"><span class="pt__cost__retail-price" data-testid="pt-retail-price">£7.40</span><span data-testid="pt-unit-price" class="pt__cost__unit-price-per-measure">£3.74 / ltr</span></div></div></div></div><div class="pt__controls" data-testid="pt-control-buttons"><div class="pt-button"><button data-testid="add-button" aria-label="Add Birra Moretti Lager Beer Cans 6 x 330ml to trolley" class="ln-c-button ln-c-button--filled ln-c-button--full pt__add-button" type="button">Add</button></div></div></div></div><div class="pt__icons__fav"><div data-testid="fav_heart-tooltip" class="ln-c-tooltip"><div><button class="pt__icons__fav--cta" data-testid="favourite-icon-empty" aria-label="Add to favourites"><svg role="presentation" class="pt__icons__fav--icon-empty ln-c-icon" viewBox="0 0 24 24" xmlns="http://www.w3.org/2000/svg"><title>Favourites</title><path d="M12 9.04l-1.992-2.002a3.502 3.502 0 0 0-4.975-.003 3.579 3.579 0 0 0 .003 5.034l6.842 6.88a.17.17 0 0 0 .243 0l6.842-6.88a3.576 3.576 0 0 0 .003-5.034 3.505 3.505 0 0 0-4.975.003l-1.992 2.003zm0-2.836l.759-.755a5.505 5.505 0 0 1 7.625.176 5.576 5.576 0 0 1-.003 7.855l-6.842 6.88a2.17 2.17 0 0 1-3.08 0l-6.841-6.88a5.579 5.579 0 0 1-.003-7.855 5.502 5.502 0 0 1 7.625-.176l.76.755z" fill="currentColor"></path></svg></button></div><div aria-live="polite" aria-atomic="true" role="tooltip"></div></div></div></article></li><li class="pt-grid-item ln-o-grid__item ln-u-6/12@xs ln-u-1/3@sm ln-u-3/12@md ln-u-2/12@xl"><article data-testid="product-tile-6639802" class="ln-c-card pt pt-card"><div aria-hidden="true"><div class="product-details-title__tag"><span data-testid="nectar-price-label" class="promotional-tag--nectar">Nectar Price</span></div></div><div class="pt__content"><div class="pt__image-wrapper"><div><div class="pt-image__ribbon-wrapper"><a href="https://www.sainsburys.co.uk/gol-ui/product/corona-extra-12x330ml" class="pt-image pt-image__link" tabindex="-1" aria-hidden="true"><picture><source srcset="https://assets.sainsburys-groceries.co.uk/gol/6639802/image.webp" type="image/webp"><source srcset="https://assets.sainsburys-groceries.co.uk/gol/6639802/image.jpg" type="image/jpeg"><img title="Corona Extra Premium Lager Beer Bottles 12x330ml" src="https://assets.sainsburys-groceries.co.uk/gol/6639802/image.jpg" alt="Corona Extra Premium Lager Beer Bottles 12x330ml" aria-hidden="true" data-testid="pt-image"></picture></a></div></div><div class="product-header product-header--citrus">&nbsp;</div></div><div class="pt__wrapper"><div class="pt__wrapper-inner"><div class="pt__wrapper__top"><div class="pt__info"><div class="product-description-box"><div><h2 class="pt__info__description" data-testid="product-tile-description"><a href="https://www.sainsburys.co.uk/gol-ui/product/corona-extra-12x330ml" class="pt__link" title="Corona Extra Premium Lager Beer Bottles 12x330ml" aria-label="Nectar Price, Corona Extra Premium Lager Beer Bottles 12x330ml">Corona Extra Premium Lager Beer Bottles 12x330ml</a></h2></div></div><div class="star-rating-container"><div><a href="https://www.sainsburys.co.uk/gol-ui/product/corona-extra-12x330ml" class="star-rating-link" data-testid="star-rating" aria-label="4 out of 5, 27 reviews"><span class="ds-c-rating ds-c-rating--primary ds-c-rating--md" data-testid="review-count" data-pkgid="@sainsburys-tech/fable-3.53.0-rating"><div class="ds-c-rating__stars" role="img" title="Rating 4 out of 5" aria-label="Rating 4 out of 5, from 27 reviews"><svg fill="none" xmlns="http://www.w3.org/2000/svg" viewBox="0 0 24 24" role="img" aria-hidden="true"><defs><linearGradient id="star-gradient-:ds197:" x1="0" y1="0" x2="1" y2="0"><stop offset="100%"></stop><stop offset="0%"></stop></linearGradient></defs><path d="M11.613 18.413 7.473 20.7a.8.8 0 0 1-1.177-.828l.802-4.987a.801.801 0 0 0-.215-.685l-3.457-3.57a.802.802 0 0 1 .452-1.348l4.711-.732a.8.8 0 0 0 .602-.45l2.084-4.44a.8.8 0 0 1 1.45 0l2.084 4.44a.8.8 0 0 0 .602.45l4.711.732a.801.801 0 0 1 .452 1.349l-3.457 3.57a.8.8 0 0 0-.215.684l.801 4.987a.8.8 0 0 1-1.177.828l-4.14-2.287a.8.8 0 0 0-.773 0Z" fill="url(#star-gradient-:ds197:)"></path></svg><svg fill="none" xmlns="http://www.w3.org/2000/svg" viewBox="0 0 24 24" role="img" aria-hidden="true"><defs><linearGradient id="star-gradient-:ds198:" x1="0" y1="0" x2="1" y2="0"><stop offset="100%"></stop><stop offset="0%"></stop></linearGradient></defs><path d="M11.613 18.413 7.473 20.7a.8.8 0 0 1-1.177-.828l.802-4.987a.801.801 0 0 0-.215-.685l-3.457-3.57a.802.802 0 0 1 .452-1.348l4.711-.732a.8.8 0 0 0 .602-.45l2.084-4.44a.8.8 0 0 1 1.45 0l2.084 4.44a.8.8 0 0 0 .602.45l4.711.732a.801.801 0 0 1 .452 1.349l-3.457 3.57a.8.8 0 0 0-.215.684l.801 4.987a.8.8 0 0 1-1.177.828l-4.14-2.287a.8.8 0 0 0-.773 0Z" fill="url(#star-gradient-:ds198:)"></path></svg><svg fill="none" xmlns="http://www.w3.org/2000/svg" viewBox="0 0 24 24" role="img" aria-hidden="true"><defs><linearGradient id="star-gradient-:ds199:" x1="0" y1="0" x2="1" y2="0"><stop offset="100%"></stop><stop offset="0%"></stop></linearGradient></defs><path d="M11.613 18.413 7.473 20.7a.8.8 0 0 1-1.177-.828l.802-4.987a.801.801 0 0 0-.215-.685l-3.457-3.57a.802.802 0 0 1 .452-1.348l4.711-.732a.8.8 0 0 0 .602-.45l2.084-4.44a.8.8 0 0 1 1.45 0l2.084 4.44a.8.8 0 0 0 .602.45l4.711.732a.801.801 0 0 1 .452 1.349l-3.457 3.57a.8.8 0 0 0-.215.684l.801 4.987a.8.8 0 0 1-1.177.828l-4.14-2.287a.8.8 0 0 0-.773 0Z" fill="url(#star-gradient-:ds199:)"></path></svg><svg fill="none" xmlns="http://www.w3.org/2000/svg" viewBox="0 0 24 24" role="img" aria-hidden="true"><defs><linearGradient id="star-gradient-:ds200:" x1="0" y1="0" x2="1" y2="0"><stop offset="96.30000000000001%"></stop><stop offset="0%"></stop></linearGradient></defs><path d="M11.613 18.413 7.473 20.7a.8.8 0 0 1-1.177-.828l.802-4.987a.801.801 0 0 0-.215-.685l-3.457-3.57a.802.802 0 0 1 .452-1.348l4.711-.732a.8.8 0 0 0 .602-.45l2.084-4.44a.8.8 0 0 1 1.45 0l2.084 4.44a.8.8 0 0 0 .602.45l4.711.732a.801.801 0 0 1 .452 1.349l-3.457 3.57a.8.8 0 0 0-.215.684l.801 4.987a.8.8 0 0 1-1.177.828l-4.14-2.287a.8.8 0 0 0-.773 0Z" fill="url(#star-gradient-:ds200:)"></path></svg><svg fill="none" xmlns="http://www.w3.org/2000/svg" viewBox="0 0 24 24" role="img" aria-hidden="true"><defs><linearGradient id="star-gradient-:ds201:" x1="0" y1="0" x2="1" y2="0"><stop offset="0%"></stop><stop offset="0%"></stop></linearGradient></defs><path d="M11.613 18.413 7.473 20.7a.8.8 0 0 1-1.177-.828l.802-4.987a.801.801 0 0 0-.215-.685l-3.457-3.57a.802.802 0 0 1 .452-1.348l4.711-.732a.8.8 0 0 0 .602-.45l2.084-4.44a.8.8 0 0 1 1.45 0l2.084 4.44a.8.8 0 0 0 .602.45l4.711.732a.801.801 0 0 1 .452 1.349l-3.457 3.57a.8.8 0 0 0-.215.684l.801 4.987a.8.8 0 0 1-1.177.828l-4.14-2.287a.8.8 0 0 0-.773 0Z" fill="url(#star-gradient-:ds201:)"></path></svg></div><div class="ds-c-rating__body"><span class="ds-c-rating__rating-content" aria-hidden="true">(27)</span></div></span></a></div></div></div></div><div class="pt__wrapper__bottom"><div class="pt__data-entry"></div><div class="pt__cost"><div class="pt__cost__contextual--wrapper" data-testid="whole-contextual-price"><span data-testid="contextual-price" class="pt__cost__contextual pt__cost__contextual--with-nectar-not-associated"><span class="pt__cost--price" data-testid="contextual-price-text">£12.00</span></span><span data-testid="text-with-nectar" class="pt__with-or-without-nectar">with Nectar</span></div><div data-testid="pt-retail-price-and-unit" class="pt__cost__retail-price__wrapper"><span class="pt__cost__retail-price pt__cost__retail-price--with-nectar-not-associated" data-testid="pt-retail-price">£15.00</span><span data-testid="pt-unit-price" class="pt__cost__unit-price-per-measure">£3.79 / ltr</span></div></div></div></div><div class="pt__controls" data-testid="pt-control-buttons"><div class="pt-button"><button data-testid="add-button" aria-label="Add Corona Extra Premium Lager Beer Bottles 12x330ml to trolley" class="ln-c-button ln-c-button--filled ln-c-button--full pt__add-button" type="button">Add</button></div></div></div></div><div class="pt__icons__fav"><div data-testid="fav_heart-tooltip" class="ln-c-tooltip"><div><button class="pt__icons__fav--cta" data-testid="favourite-icon-empty" aria-label="Add to favourites"><svg role="presentation" class="pt__icons__fav--icon-empty ln-c-icon" viewBox="0 0 24 24" xmlns="http://www.w3.org/2000/svg"><title>Favourites</title><path d="M12 9.04l-1.992-2.002a3.502 3.502 0 0 0-4.975-.003 3.579 3.579 0 0 0 .003 5.034l6.842 6.88a.17.17 0 0 0 .243 0l6.842-6.88a3.576 3.576 0 0 0 .003-5.034 3.505 3.505 0 0 0-4.975.003l-1.992 2.003zm0-2.836l.759-.755a5.505 5.505 0 0 1 7.625.176 5.576 5.576 0 0 1-.003 7.855l-6.842 6.88a2.17 2.17 0 0 1-3.08 0l-6.841-6.88a5.579 5.579 0 0 1-.003-7.855 5.502 5.502 0 0 1 7.625-.176l.76.755z" fill="currentColor"></path></svg></button></div><div aria-live="polite" aria-atomic="true" role="tooltip"></div></div></div></article></li><li class="pt-grid-item ln-o-grid__item ln-u-6/12@xs ln-u-1/3@sm ln-u-3/12@md ln-u-2/12@xl"><article data-testid="product-tile-8185449" class="ln-c-card pt pt-card"><div aria-hidden="true"><div class="product-details-title__tag"><span data-testid="nectar-price-label" class="promotional-tag--nectar">Nectar Price</span></div></div><div class="pt__content"><div class="pt__image-wrapper"><div><div class="pt-image__ribbon-wrapper"><a href="https://www.sainsburys.co.uk/gol-ui/product/cruzcampo-sevilla-lager-beer-can-10x440ml" class="pt-image pt-image__link" tabindex="-1" aria-hidden="true"><picture><source srcset="https://assets.sainsburys-groceries.co.uk/gol/8185449/image.webp" type="image/webp"><source srcset="https://assets.sainsburys-groceries.co.uk/gol/8185449/image.jpg" type="image/jpeg"><img title="Cruzcampo Sevilla Lager Beer Can 10x440ml" src="https://assets.sainsburys-groceries.co.uk/gol/8185449/image.jpg" alt="Cruzcampo Sevilla Lager Beer Can 10x440ml" aria-hidden="true" data-testid="pt-image"></picture></a></div></div><div class="product-header product-header--citrus">&nbsp;</div></div><div class="pt__wrapper"><div class="pt__wrapper-inner"><div class="pt__wrapper__top"><div class="pt__info"><div class="product-description-box"><div><h2 class="pt__info__description" data-testid="product-tile-description"><a href="https://www.sainsburys.co.uk/gol-ui/product/cruzcampo-sevilla-lager-beer-can-10x440ml" class="pt__link" title="Cruzcampo Sevilla Lager Beer Can 10x440ml" aria-label="Nectar Price, Cruzcampo Sevilla Lager Beer Can 10x440ml">Cruzcampo Sevilla Lager Beer Can 10x440ml</a></h2></div></div><div class="star-rating-container"><div><a href="https://www.sainsburys.co.uk/gol-ui/product/cruzcampo-sevilla-lager-beer-can-10x440ml" class="star-rating-link" data-testid="star-rating" aria-label="4.6 out of 5, 27 reviews"><span class="ds-c-rating ds-c-rating--primary ds-c-rating--md" data-testid="review-count" data-pkgid="@sainsburys-tech/fable-3.53.0-rating"><div class="ds-c-rating__stars" role="img" title="Rating 4.6 out of 5" aria-label="Rating 4.6 out of 5, from 27 reviews"><svg fill="none" xmlns="http://www.w3.org/2000/svg" viewBox="0 0 24 24" role="img" aria-hidden="true"><defs><linearGradient id="star-gradient-:ds202:" x1="0" y1="0" x2="1" y2="0"><stop offset="100%"></stop><stop offset="0%"></stop></linearGradient></defs><path d="M11.613 18.413 7.473 20.7a.8.8 0 0 1-1.177-.828l.802-4.987a.801.801 0 0 0-.215-.685l-3.457-3.57a.802.802 0 0 1 .452-1.348l4.711-.732a.8.8 0 0 0 .602-.45l2.084-4.44a.8.8 0 0 1 1.45 0l2.084 4.44a.8.8 0 0 0 .602.45l4.711.732a.801.801 0 0 1 .452 1.349l-3.457 3.57a.8.8 0 0 0-.215.684l.801 4.987a.8.8 0 0 1-1.177.828l-4.14-2.287a.8.8 0 0 0-.773 0Z" fill="url(#star-gradient-:ds202:)"></path></svg><svg fill="none" xmlns="http://www.w3.org/2000/svg" viewBox="0 0 24 24" role="img" aria-hidden="true"><defs><linearGradient id="star-gradient-:ds203:" x1="0" y1="0" x2="1" y2="0"><stop offset="100%"></stop><stop offset="0%"></stop></linearGradient></defs><path d="M11.613 18.413 7.473 20.7a.8.8 0 0 1-1.177-.828l.802-4.987a.801.801 0 0 0-.215-.685l-3.457-3.57a.802.802 0 0 1 .452-1.348l4.711-.732a.8.8 0 0 0 .602-.45l2.084-4.44a.8.8 0 0 1 1.45 0l2.084 4.44a.8.8 0 0 0 .602.45l4.711.732a.801.801 0 0 1 .452 1.349l-3.457 3.57a.8.8 0 0 0-.215.684l.801 4.987a.8.8 0 0 1-1.177.828l-4.14-2.287a.8.8 0 0 0-.773 0Z" fill="url(#star-gradient-:ds203:)"></path></svg><svg fill="none" xmlns="http://www.w3.org/2000/svg" viewBox="0 0 24 24" role="img" aria-hidden="true"><defs><linearGradient id="star-gradient-:ds204:" x1="0" y1="0" x2="1" y2="0"><stop offset="100%"></stop><stop offset="0%"></stop></linearGradient></defs><path d="M11.613 18.413 7.473 20.7a.8.8 0 0 1-1.177-.828l.802-4.987a.801.801 0 0 0-.215-.685l-3.457-3.57a.802.802 0 0 1 .452-1.348l4.711-.732a.8.8 0 0 0 .602-.45l2.084-4.44a.8.8 0 0 1 1.45 0l2.084 4.44a.8.8 0 0 0 .602.45l4.711.732a.801.801 0 0 1 .452 1.349l-3.457 3.57a.8.8 0 0 0-.215.684l.801 4.987a.8.8 0 0 1-1.177.828l-4.14-2.287a.8.8 0 0 0-.773 0Z" fill="url(#star-gradient-:ds204:)"></path></svg><svg fill="none" xmlns="http://www.w3.org/2000/svg" viewBox="0 0 24 24" role="img" aria-hidden="true"><defs><linearGradient id="star-gradient-:ds205:" x1="0" y1="0" x2="1" y2="0"><stop offset="100%"></stop><stop offset="0%"></stop></linearGradient></defs><path d="M11.613 18.413 7.473 20.7a.8.8 0 0 1-1.177-.828l.802-4.987a.801.801 0 0 0-.215-.685l-3.457-3.57a.802.802 0 0 1 .452-1.348l4.711-.732a.8.8 0 0 0 .602-.45l2.084-4.44a.8.8 0 0 1 1.45 0l2.084 4.44a.8.8 0 0 0 .602.45l4.711.732a.801.801 0 0 1 .452 1.349l-3.457 3.57a.8.8 0 0 0-.215.684l.801 4.987a.8.8 0 0 1-1.177.828l-4.14-2.287a.8.8 0 0 0-.773 0Z" fill="url(#star-gradient-:ds205:)"></path></svg><svg fill="none" xmlns="http://www.w3.org/2000/svg" viewBox="0 0 24 24" role="img" aria-hidden="true"><defs><linearGradient id="star-gradient-:ds206:" x1="0" y1="0" x2="1" y2="0"><stop offset="62.959999999999994%"></stop><stop offset="0%"></stop></linearGradient></defs><path d="M11.613 18.413 7.473 20.7a.8.8 0 0 1-1.177-.828l.802-4.987a.801.801 0 0 0-.215-.685l-3.457-3.57a.802.802 0 0 1 .452-1.348l4.711-.732a.8.8 0 0 0 .602-.45l2.084-4.44a.8.8 0 0 1 1.45 0l2.084 4.44a.8.8 0 0 0 .602.45l4.711.732a.801.801 0 0 1 .452 1.349l-3.457 3.57a.8.8 0 0 0-.215.684l.801 4.987a.8.8 0 0 1-1.177.828l-4.14-2.287a.8.8 0 0 0-.773 0Z" fill="url(#star-gradient-:ds206:)"></path></svg></div><div class="ds-c-rating__body"><span class="ds-c-rating__rating-content" aria-hidden="true">(27)</span></div></span></a></div></div></div></div><div class="pt__wrapper__bottom"><div class="pt__data-entry"></div><div class="pt__cost"><div class="pt__cost__contextual--wrapper" data-testid="whole-contextual-price"><span data-testid="contextual-price" class="pt__cost__contextual pt__cost__contextual--with-nectar-not-associated"><span class="pt__cost--price" data-testid="contextual-price-text">£10.00</span></span><span data-testid="text-with-nectar" class="pt__with-or-without-nectar">with Nectar</span></div><div data-testid="pt-retail-price-and-unit" class="pt__cost__retail-price__wrapper"><span class="pt__cost__retail-price pt__cost__retail-price--with-nectar-not-associated" data-testid="pt-retail-price">£12.50</span><span data-testid="pt-unit-price" class="pt__cost__unit-price-per-measure">£2.84 / ltr</span></div></div></div></div><div class="pt__controls" data-testid="pt-control-buttons"><div class="pt-button"><button data-testid="add-button" aria-label="Add Cruzcampo Sevilla Lager Beer Can 10x440ml to trolley" class="ln-c-button ln-c-button--filled ln-c-button--full pt__add-button" type="button">Add</button></div></div></div></div><div class="pt__icons__fav"><div data-testid="fav_heart-tooltip" class="ln-c-tooltip"><div><button class="pt__icons__fav--cta" data-testid="favourite-icon-empty" aria-label="Add to favourites"><svg role="presentation" class="pt__icons__fav--icon-empty ln-c-icon" viewBox="0 0 24 24" xmlns="http://www.w3.org/2000/svg"><title>Favourites</title><path d="M12 9.04l-1.992-2.002a3.502 3.502 0 0 0-4.975-.003 3.579 3.579 0 0 0 .003 5.034l6.842 6.88a.17.17 0 0 0 .243 0l6.842-6.88a3.576 3.576 0 0 0 .003-5.034 3.505 3.505 0 0 0-4.975.003l-1.992 2.003zm0-2.836l.759-.755a5.505 5.505 0 0 1 7.625.176 5.576 5.576 0 0 1-.003 7.855l-6.842 6.88a2.17 2.17 0 0 1-3.08 0l-6.841-6.88a5.579 5.579 0 0 1-.003-7.855 5.502 5.502 0 0 1 7.625-.176l.76.755z" fill="currentColor"></path></svg></button></div><div aria-live="polite" aria-atomic="true" role="tooltip"></div></div></div></article></li><li class="pt-grid-item ln-o-grid__item ln-u-6/12@xs ln-u-1/3@sm ln-u-3/12@md ln-u-2/12@xl"><article data-testid="product-tile-7982258" class="ln-c-card pt pt-card"><div aria-hidden="true"><div class="product-details-title__tag"><span data-testid="nectar-price-label" class="promotional-tag--nectar">Nectar Price</span></div></div><div class="pt__content"><div class="pt__image-wrapper"><div><div class="pt-image__ribbon-wrapper"><a href="https://www.sainsburys.co.uk/gol-ui/product/budweiser-lager-beer-bottles-20x300ml" class="pt-image pt-image__link" tabindex="-1" aria-hidden="true"><picture><source srcset="https://assets.sainsburys-groceries.co.uk/gol/7982258/image.webp" type="image/webp"><source srcset="https://assets.sainsburys-groceries.co.uk/gol/7982258/image.jpg" type="image/jpeg"><img title="Budweiser Lager Beer Bottles 20x300ml" src="https://assets.sainsburys-groceries.co.uk/gol/7982258/image.jpg" alt="Budweiser Lager Beer Bottles 20x300ml" aria-hidden="true" data-testid="pt-image"></picture></a></div></div><div class="product-header product-header--citrus">&nbsp;</div></div><div class="pt__wrapper"><div class="pt__wrapper-inner"><div class="pt__wrapper__top"><div class="pt__info"><div class="product-description-box"><div><h2 class="pt__info__description" data-testid="product-tile-description"><a href="https://www.sainsburys.co.uk/gol-ui/product/budweiser-lager-beer-bottles-20x300ml" class="pt__link" title="Budweiser Lager Beer Bottles 20x300ml" aria-label="Nectar Price, Budweiser Lager Beer Bottles 20x300ml">Budweiser Lager Beer Bottles 20x300ml</a></h2></div></div><div class="star-rating-container"><div><a href="https://www.sainsburys.co.uk/gol-ui/product/budweiser-lager-beer-bottles-20x300ml" class="star-rating-link" data-testid="star-rating" aria-label="4.4 out of 5, 48 reviews"><span class="ds-c-rating ds-c-rating--primary ds-c-rating--md" data-testid="review-count" data-pkgid="@sainsburys-tech/fable-3.53.0-rating"><div class="ds-c-rating__stars" role="img" title="Rating 4.4 out of 5" aria-label="Rating 4.4 out of 5, from 48 reviews"><svg fill="none" xmlns="http://www.w3.org/2000/svg" viewBox="0 0 24 24" role="img" aria-hidden="true"><defs><linearGradient id="star-gradient-:ds207:" x1="0" y1="0" x2="1" y2="0"><stop offset="100%"></stop><stop offset="0%"></stop></linearGradient></defs><path d="M11.613 18.413 7.473 20.7a.8.8 0 0 1-1.177-.828l.802-4.987a.801.801 0 0 0-.215-.685l-3.457-3.57a.802.802 0 0 1 .452-1.348l4.711-.732a.8.8 0 0 0 .602-.45l2.084-4.44a.8.8 0 0 1 1.45 0l2.084 4.44a.8.8 0 0 0 .602.45l4.711.732a.801.801 0 0 1 .452 1.349l-3.457 3.57a.8.8 0 0 0-.215.684l.801 4.987a.8.8 0 0 1-1.177.828l-4.14-2.287a.8.8 0 0 0-.773 0Z" fill="url(#star-gradient-:ds207:)"></path></svg><svg fill="none" xmlns="http://www.w3.org/2000/svg" viewBox="0 0 24 24" role="img" aria-hidden="true"><defs><linearGradient id="star-gradient-:ds208:" x1="0" y1="0" x2="1" y2="0"><stop offset="100%"></stop><stop offset="0%"></stop></linearGradient></defs><path d="M11.613 18.413 7.473 20.7a.8.8 0 0 1-1.177-.828l.802-4.987a.801.801 0 0 0-.215-.685l-3.457-3.57a.802.802 0 0 1 .452-1.348l4.711-.732a.8.8 0 0 0 .602-.45l2.084-4.44a.8.8 0 0 1 1.45 0l2.084 4.44a.8.8 0 0 0 .602.45l4.711.732a.801.801 0 0 1 .452 1.349l-3.457 3.57a.8.8 0 0 0-.215.684l.801 4.987a.8.8 0 0 1-1.177.828l-4.14-2.287a.8.8 0 0 0-.773 0Z" fill="url(#star-gradient-:ds208:)"></path></svg><svg fill="none" xmlns="http://www.w3.org/2000/svg" viewBox="0 0 24 24" role="img" aria-hidden="true"><defs><linearGradient id="star-gradient-:ds209:" x1="0" y1="0" x2="1" y2="0"><stop offset="100%"></stop><stop offset="0%"></stop></linearGradient></defs><path d="M11.613 18.413 7.473 20.7a.8.8 0 0 1-1.177-.828l.802-4.987a.801.801 0 0 0-.215-.685l-3.457-3.57a.802.802 0 0 1 .452-1.348l4.711-.732a.8.8 0 0 0 .602-.45l2.084-4.44a.8.8 0 0 1 1.45 0l2.084 4.44a.8.8 0 0 0 .602.45l4.711.732a.801.801 0 0 1 .452 1.349l-3.457 3.57a.8.8 0 0 0-.215.684l.801 4.987a.8.8 0 0 1-1.177.828l-4.14-2.287a.8.8 0 0 0-.773 0Z" fill="url(#star-gradient-:ds209:)"></path></svg><svg fill="none" xmlns="http://www.w3.org/2000/svg" viewBox="0 0 24 24" role="img" aria-hidden="true"><defs><linearGradient id="star-gradient-:ds210:" x1="0" y1="0" x2="1" y2="0"><stop offset="100%"></stop><stop offset="0%"></stop></linearGradient></defs><path d="M11.613 18.413 7.473 20.7a.8.8 0 0 1-1.177-.828l.802-4.987a.801.801 0 0 0-.215-.685l-3.457-3.57a.802.802 0 0 1 .452-1.348l4.711-.732a.8.8 0 0 0 .602-.45l2.084-4.44a.8.8 0 0 1 1.45 0l2.084 4.44a.8.8 0 0 0 .602.45l4.711.732a.801.801 0 0 1 .452 1.349l-3.457 3.57a.8.8 0 0 0-.215.684l.801 4.987a.8.8 0 0 1-1.177.828l-4.14-2.287a.8.8 0 0 0-.773 0Z" fill="url(#star-gradient-:ds210:)"></path></svg><svg fill="none" xmlns="http://www.w3.org/2000/svg" viewBox="0 0 24 24" role="img" aria-hidden="true"><defs><linearGradient id="star-gradient-:ds211:" x1="0" y1="0" x2="1" y2="0"><stop offset="39.58000000000004%"></stop><stop offset="0%"></stop></linearGradient></defs><path d="M11.613 18.413 7.473 20.7a.8.8 0 0 1-1.177-.828l.802-4.987a.801.801 0 0 0-.215-.685l-3.457-3.57a.802.802 0 0 1 .452-1.348l4.711-.732a.8.8 0 0 0 .602-.45l2.084-4.44a.8.8 0 0 1 1.45 0l2.084 4.44a.8.8 0 0 0 .602.45l4.711.732a.801.801 0 0 1 .452 1.349l-3.457 3.57a.8.8 0 0 0-.215.684l.801 4.987a.8.8 0 0 1-1.177.828l-4.14-2.287a.8.8 0 0 0-.773 0Z" fill="url(#star-gradient-:ds211:)"></path></svg></div><div class="ds-c-rating__body"><span class="ds-c-rating__rating-content" aria-hidden="true">(48)</span></div></span></a></div></div></div></div><div class="pt__wrapper__bottom"><div class="pt__data-entry"></div><div class="pt__cost"><div class="pt__cost__contextual--wrapper" data-testid="whole-contextual-price"><span data-testid="contextual-price" class="pt__cost__contextual pt__cost__contextual--with-nectar-not-associated"><span class="pt__cost--price" data-testid="contextual-price-text">£12.00</span></span><span data-testid="text-with-nectar" class="pt__with-or-without-nectar">with Nectar</span></div><div data-testid="pt-retail-price-and-unit" class="pt__cost__retail-price__wrapper"><span class="pt__cost__retail-price pt__cost__retail-price--with-nectar-not-associated" data-testid="pt-retail-price">£17.00</span><span data-testid="pt-unit-price" class="pt__cost__unit-price-per-measure">£2.83 / ltr</span></div></div></div></div><div class="pt__controls" data-testid="pt-control-buttons"><div class="pt-button"><button data-testid="add-button" aria-label="Add Budweiser Lager Beer Bottles 20x300ml to trolley" class="ln-c-button ln-c-button--filled ln-c-button--full pt__add-button" type="button">Add</button></div></div></div></div><div class="pt__icons__fav"><div data-testid="fav_heart-tooltip" class="ln-c-tooltip"><div><button class="pt__icons__fav--cta" data-testid="favourite-icon-empty" aria-label="Add to favourites"><svg role="presentation" class="pt__icons__fav--icon-empty ln-c-icon" viewBox="0 0 24 24" xmlns="http://www.w3.org/2000/svg"><title>Favourites</title><path d="M12 9.04l-1.992-2.002a3.502 3.502 0 0 0-4.975-.003 3.579 3.579 0 0 0 .003 5.034l6.842 6.88a.17.17 0 0 0 .243 0l6.842-6.88a3.576 3.576 0 0 0 .003-5.034 3.505 3.505 0 0 0-4.975.003l-1.992 2.003zm0-2.836l.759-.755a5.505 5.505 0 0 1 7.625.176 5.576 5.576 0 0 1-.003 7.855l-6.842 6.88a2.17 2.17 0 0 1-3.08 0l-6.841-6.88a5.579 5.579 0 0 1-.003-7.855 5.502 5.502 0 0 1 7.625-.176l.76.755z" fill="currentColor"></path></svg></button></div><div aria-live="polite" aria-atomic="true" role="tooltip"></div></div></div></article></li><li class="pt-grid-item ln-o-grid__item ln-u-6/12@xs ln-u-1/3@sm ln-u-3/12@md ln-u-2/12@xl"><article data-testid="product-tile-7855843" class="ln-c-card pt pt-card"><div aria-hidden="true"></div><div class="pt__content"><div class="pt__image-wrapper"><div><div class="pt-image__ribbon-wrapper"><a href="https://www.sainsburys.co.uk/gol-ui/product/cobra-620ml" class="pt-image pt-image__link" tabindex="-1" aria-hidden="true"><picture><source srcset="https://assets.sainsburys-groceries.co.uk/gol/7855843/image.webp" type="image/webp"><source srcset="https://assets.sainsburys-groceries.co.uk/gol/7855843/image.jpg" type="image/jpeg"><img title="Cobra Premium Beer 620ml" src="https://assets.sainsburys-groceries.co.uk/gol/7855843/image.jpg" alt="Cobra Premium Beer 620ml" aria-hidden="true" data-testid="pt-image"></picture></a></div></div><div class="product-header product-header--citrus">&nbsp;</div></div><div class="pt__wrapper"><div class="pt__wrapper-inner"><div class="pt__wrapper__top"><div class="pt__info"><div class="product-description-box"><div><h2 class="pt__info__description" data-testid="product-tile-description"><a href="https://www.sainsburys.co.uk/gol-ui/product/cobra-620ml" class="pt__link" title="Cobra Premium Beer 620ml" aria-label="Cobra Premium Beer 620ml">Cobra Premium Beer 620ml</a></h2></div></div><div class="star-rating-container"><div><a href="https://www.sainsburys.co.uk/gol-ui/product/cobra-620ml" class="star-rating-link" data-testid="star-rating" aria-label="4.4 out of 5, 8 reviews"><span class="ds-c-rating ds-c-rating--primary ds-c-rating--md" data-testid="review-count" data-pkgid="@sainsburys-tech/fable-3.53.0-rating"><div class="ds-c-rating__stars" role="img" title="Rating 4.4 out of 5" aria-label="Rating 4.4 out of 5, from 8 reviews"><svg fill="none" xmlns="http://www.w3.org/2000/svg" viewBox="0 0 24 24" role="img" aria-hidden="true"><defs><linearGradient id="star-gradient-:ds212:" x1="0" y1="0" x2="1" y2="0"><stop offset="100%"></stop><stop offset="0%"></stop></linearGradient></defs><path d="M11.613 18.413 7.473 20.7a.8.8 0 0 1-1.177-.828l.802-4.987a.801.801 0 0 0-.215-.685l-3.457-3.57a.802.802 0 0 1 .452-1.348l4.711-.732a.8.8 0 0 0 .602-.45l2.084-4.44a.8.8 0 0 1 1.45 0l2.084 4.44a.8.8 0 0 0 .602.45l4.711.732a.801.801 0 0 1 .452 1.349l-3.457 3.57a.8.8 0 0 0-.215.684l.801 4.987a.8.8 0 0 1-1.177.828l-4.14-2.287a.8.8 0 0 0-.773 0Z" fill="url(#star-gradient-:ds212:)"></path></svg><svg fill="none" xmlns="http://www.w3.org/2000/svg" viewBox="0 0 24 24" role="img" aria-hidden="true"><defs><linearGradient id="star-gradient-:ds213:" x1="0" y1="0" x2="1" y2="0"><stop offset="100%"></stop><stop offset="0%"></stop></linearGradient></defs><path d="M11.613 18.413 7.473 20.7a.8.8 0 0 1-1.177-.828l.802-4.987a.801.801 0 0 0-.215-.685l-3.457-3.57a.802.802 0 0 1 .452-1.348l4.711-.732a.8.8 0 0 0 .602-.45l2.084-4.44a.8.8 0 0 1 1.45 0l2.084 4.44a.8.8 0 0 0 .602.45l4.711.732a.801.801 0 0 1 .452 1.349l-3.457 3.57a.8.8 0 0 0-.215.684l.801 4.987a.8.8 0 0 1-1.177.828l-4.14-2.287a.8.8 0 0 0-.773 0Z" fill="url(#star-gradient-:ds213:)"></path></svg><svg fill="none" xmlns="http://www.w3.org/2000/svg" viewBox="0 0 24 24" role="img" aria-hidden="true"><defs><linearGradient id="star-gradient-:ds214:" x1="0" y1="0" x2="1" y2="0"><stop offset="100%"></stop><stop offset="0%"></stop></linearGradient></defs><path d="M11.613 18.413 7.473 20.7a.8.8 0 0 1-1.177-.828l.802-4.987a.801.801 0 0 0-.215-.685l-3.457-3.57a.802.802 0 0 1 .452-1.348l4.711-.732a.8.8 0 0 0 .602-.45l2.084-4.44a.8.8 0 0 1 1.45 0l2.084 4.44a.8.8 0 0 0 .602.45l4.711.732a.801.801 0 0 1 .452 1.349l-3.457 3.57a.8.8 0 0 0-.215.684l.801 4.987a.8.8 0 0 1-1.177.828l-4.14-2.287a.8.8 0 0 0-.773 0Z" fill="url(#star-gradient-:ds214:)"></path></svg><svg fill="none" xmlns="http://www.w3.org/2000/svg" viewBox="0 0 24 24" role="img" aria-hidden="true"><defs><linearGradient id="star-gradient-:ds215:" x1="0" y1="0" x2="1" y2="0"><stop offset="100%"></stop><stop offset="0%"></stop></linearGradient></defs><path d="M11.613 18.413 7.473 20.7a.8.8 0 0 1-1.177-.828l.802-4.987a.801.801 0 0 0-.215-.685l-3.457-3.57a.802.802 0 0 1 .452-1.348l4.711-.732a.8.8 0 0 0 .602-.45l2.084-4.44a.8.8 0 0 1 1.45 0l2.084 4.44a.8.8 0 0 0 .602.45l4.711.732a.801.801 0 0 1 .452 1.349l-3.457 3.57a.8.8 0 0 0-.215.684l.801 4.987a.8.8 0 0 1-1.177.828l-4.14-2.287a.8.8 0 0 0-.773 0Z" fill="url(#star-gradient-:ds215:)"></path></svg><svg fill="none" xmlns="http://www.w3.org/2000/svg" viewBox="0 0 24 24" role="img" aria-hidden="true"><defs><linearGradient id="star-gradient-:ds216:" x1="0" y1="0" x2="1" y2="0"><stop offset="37.5%"></stop><stop offset="0%"></stop></linearGradient></defs><path d="M11.613 18.413 7.473 20.7a.8.8 0 0 1-1.177-.828l.802-4.987a.801.801 0 0 0-.215-.685l-3.457-3.57a.802.802 0 0 1 .452-1.348l4.711-.732a.8.8 0 0 0 .602-.45l2.084-4.44a.8.8 0 0 1 1.45 0l2.084 4.44a.8.8 0 0 0 .602.45l4.711.732a.801.801 0 0 1 .452 1.349l-3.457 3.57a.8.8 0 0 0-.215.684l.801 4.987a.8.8 0 0 1-1.177.828l-4.14-2.287a.8.8 0 0 0-.773 0Z" fill="url(#star-gradient-:ds216:)"></path></svg></div><div class="ds-c-rating__body"><span class="ds-c-rating__rating-content" aria-hidden="true">(8)</span></div></span></a></div></div></div></div><div class="pt__wrapper__bottom"><div class="pt__data-entry"></div><ul class="pt__promotions" data-testid="pt-promotions"><li class="pt__promotion"><div><div class="promotion-message"><a href="/gol-ui/promo-lister/10650156" target="_self" class="promotion-message__link promotion-message__link--purple" data-testid="pt-promotions-10650156" aria-label="Cobra Premium Beer 620ml, Buy any 3 for £6.00 with Nectar">Buy any 3 for £6.00 with Nectar</a></div></div></li></ul><div class="pt__cost"><div data-testid="pt-retail-price-and-unit" class="pt__cost__retail-price__wrapper pt__cost__retail-price__wrapper--no-promo"><span class="pt__cost__retail-price" data-testid="pt-retail-price">£2.50</span><span data-testid="pt-unit-price" class="pt__cost__unit-price-per-measure">£4.03 / ltr</span></div></div></div></div><div class="pt__controls" data-testid="pt-control-buttons"><div class="pt-button"><button data-testid="add-button" aria-label="Add Cobra Premium Beer 620ml to trolley" class="ln-c-button ln-c-button--filled ln-c-button--full pt__add-button" type="button">Add</button></div></div></div></div><div class="pt__icons__fav"><div data-testid="fav_heart-tooltip" class="ln-c-tooltip"><div><button class="pt__icons__fav--cta" data-testid="favourite-icon-empty" aria-label="Add to favourites"><svg role="presentation" class="pt__icons__fav--icon-empty ln-c-icon" viewBox="0 0 24 24" xmlns="http://www.w3.org/2000/svg"><title>Favourites</title><path d="M12 9.04l-1.992-2.002a3.502 3.502 0 0 0-4.975-.003 3.579 3.579 0 0 0 .003 5.034l6.842 6.88a.17.17 0 0 0 .243 0l6.842-6.88a3.576 3.576 0 0 0 .003-5.034 3.505 3.505 0 0 0-4.975.003l-1.992 2.003zm0-2.836l.759-.755a5.505 5.505 0 0 1 7.625.176 5.576 5.576 0 0 1-.003 7.855l-6.842 6.88a2.17 2.17 0 0 1-3.08 0l-6.841-6.88a5.579 5.579 0 0 1-.003-7.855 5.502 5.502 0 0 1 7.625-.176l.76.755z" fill="currentColor"></path></svg></button></div><div aria-live="polite" aria-atomic="true" role="tooltip"></div></div></div></article></li><li class="pt-grid-item ln-o-grid__item ln-u-6/12@xs ln-u-1/3@sm ln-u-3/12@md ln-u-2/12@xl"><article data-testid="product-tile-6551924" class="ln-c-card pt pt-card"><div aria-hidden="true"><div class="product-details-title__tag"><span data-testid="nectar-price-label" class="promotional-tag--nectar">Nectar Price</span></div></div><div class="pt__content"><div class="pt__image-wrapper"><div><div class="pt-image__ribbon-wrapper"><a href="https://www.sainsburys.co.uk/gol-ui/product/birra-moretti-lager-4x330ml" class="pt-image pt-image__link" tabindex="-1" aria-hidden="true"><picture><source srcset="https://assets.sainsburys-groceries.co.uk/gol/6551924/image.webp" type="image/webp"><source srcset="https://assets.sainsburys-groceries.co.uk/gol/6551924/image.jpg" type="image/jpeg"><img title="Birra Moretti Lager Beer Bottles 4 x 330ml" src="https://assets.sainsburys-groceries.co.uk/gol/6551924/image.jpg" alt="Birra Moretti Lager Beer Bottles 4 x 330ml" aria-hidden="true" data-testid="pt-image"></picture></a></div></div><div class="product-header product-header--citrus">&nbsp;</div></div><div class="pt__wrapper"><div class="pt__wrapper-inner"><div class="pt__wrapper__top"><div class="pt__info"><div class="product-description-box"><div><h2 class="pt__info__description" data-testid="product-tile-description"><a href="https://www.sainsburys.co.uk/gol-ui/product/birra-moretti-lager-4x330ml" class="pt__link" title="Birra Moretti Lager Beer Bottles 4 x 330ml" aria-label="Nectar Price, Birra Moretti Lager Beer Bottles 4 x 330ml">Birra Moretti Lager Beer Bottles 4 x 330ml</a></h2></div></div><div class="star-rating-container"><div><a href="https://www.sainsburys.co.uk/gol-ui/product/birra-moretti-lager-4x330ml" class="star-rating-link" data-testid="star-rating" aria-label="4.1 out of 5, 73 reviews"><span class="ds-c-rating ds-c-rating--primary ds-c-rating--md" data-testid="review-count" data-pkgid="@sainsburys-tech/fable-3.53.0-rating"><div class="ds-c-rating__stars" role="img" title="Rating 4.1 out of 5" aria-label="Rating 4.1 out of 5, from 73 reviews"><svg fill="none" xmlns="http://www.w3.org/2000/svg" viewBox="0 0 24 24" role="img" aria-hidden="true"><defs><linearGradient id="star-gradient-:ds217:" x1="0" y1="0" x2="1" y2="0"><stop offset="100%"></stop><stop offset="0%"></stop></linearGradient></defs><path d="M11.613 18.413 7.473 20.7a.8.8 0 0 1-1.177-.828l.802-4.987a.801.801 0 0 0-.215-.685l-3.457-3.57a.802.802 0 0 1 .452-1.348l4.711-.732a.8.8 0 0 0 .602-.45l2.084-4.44a.8.8 0 0 1 1.45 0l2.084 4.44a.8.8 0 0 0 .602.45l4.711.732a.801.801 0 0 1 .452 1.349l-3.457 3.57a.8.8 0 0 0-.215.684l.801 4.987a.8.8 0 0 1-1.177.828l-4.14-2.287a.8.8 0 0 0-.773 0Z" fill="url(#star-gradient-:ds217:)"></path></svg><svg fill="none" xmlns="http://www.w3.org/2000/svg" viewBox="0 0 24 24" role="img" aria-hidden="true"><defs><linearGradient id="star-gradient-:ds218:" x1="0" y1="0" x2="1" y2="0"><stop offset="100%"></stop><stop offset="0%"></stop></linearGradient></defs><path d="M11.613 18.413 7.473 20.7a.8.8 0 0 1-1.177-.828l.802-4.987a.801.801 0 0 0-.215-.685l-3.457-3.57a.802.802 0 0 1 .452-1.348l4.711-.732a.8.8 0 0 0 .602-.45l2.084-4.44a.8.8 0 0 1 1.45 0l2.084 4.44a.8.8 0 0 0 .602.45l4.711.732a.801.801 0 0 1 .452 1.349l-3.457 3.57a.8.8 0 0 0-.215.684l.801 4.987a.8.8 0 0 1-1.177.828l-4.14-2.287a.8.8 0 0 0-.773 0Z" fill="url(#star-gradient-:ds218:)"></path></svg><svg fill="none" xmlns="http://www.w3.org/2000/svg" viewBox="0 0 24 24" role="img" aria-hidden="true"><defs><linearGradient id="star-gradient-:ds219:" x1="0" y1="0" x2="1" y2="0"><stop offset="100%"></stop><stop offset="0%"></stop></linearGradient></defs><path d="M11.613 18.413 7.473 20.7a.8.8 0 0 1-1.177-.828l.802-4.987a.801.801 0 0 0-.215-.685l-3.457-3.57a.802.802 0 0 1 .452-1.348l4.711-.732a.8.8 0 0 0 .602-.45l2.084-4.44a.8.8 0 0 1 1.45 0l2.084 4.44a.8.8 0 0 0 .602.45l4.711.732a.801.801 0 0 1 .452 1.349l-3.457 3.57a.8.8 0 0 0-.215.684l.801 4.987a.8.8 0 0 1-1.177.828l-4.14-2.287a.8.8 0 0 0-.773 0Z" fill="url(#star-gradient-:ds219:)"></path></svg><svg fill="none" xmlns="http://www.w3.org/2000/svg" viewBox="0 0 24 24" role="img" aria-hidden="true"><defs><linearGradient id="star-gradient-:ds220:" x1="0" y1="0" x2="1" y2="0"><stop offset="100%"></stop><stop offset="0%"></stop></linearGradient></defs><path d="M11.613 18.413 7.473 20.7a.8.8 0 0 1-1.177-.828l.802-4.987a.801.801 0 0 0-.215-.685l-3.457-3.57a.802.802 0 0 1 .452-1.348l4.711-.732a.8.8 0 0 0 .602-.45l2.084-4.44a.8.8 0 0 1 1.45 0l2.084 4.44a.8.8 0 0 0 .602.45l4.711.732a.801.801 0 0 1 .452 1.349l-3.457 3.57a.8.8 0 0 0-.215.684l.801 4.987a.8.8 0 0 1-1.177.828l-4.14-2.287a.8.8 0 0 0-.773 0Z" fill="url(#star-gradient-:ds220:)"></path></svg><svg fill="none" xmlns="http://www.w3.org/2000/svg" viewBox="0 0 24 24" role="img" aria-hidden="true"><defs><linearGradient id="star-gradient-:ds221:" x1="0" y1="0" x2="1" y2="0"><stop offset="10.960000000000036%"></stop><stop offset="0%"></stop></linearGradient></defs><path d="M11.613 18.413 7.473 20.7a.8.8 0 0 1-1.177-.828l.802-4.987a.801.801 0 0 0-.215-.685l-3.457-3.57a.802.802 0 0 1 .452-1.348l4.711-.732a.8.8 0 0 0 .602-.45l2.084-4.44a.8.8 0 0 1 1.45 0l2.084 4.44a.8.8 0 0 0 .602.45l4.711.732a.801.801 0 0 1 .452 1.349l-3.457 3.57a.8.8 0 0 0-.215.684l.801 4.987a.8.8 0 0 1-1.177.828l-4.14-2.287a.8.8 0 0 0-.773 0Z" fill="url(#star-gradient-:ds221:)"></path></svg></div><div class="ds-c-rating__body"><span class="ds-c-rating__rating-content" aria-hidden="true">(73)</span></div></span></a></div></div></div></div><div class="pt__wrapper__bottom"><div class="pt__data-entry"></div><div class="pt__cost"><div class="pt__cost__contextual--wrapper" data-testid="whole-contextual-price"><span data-testid="contextual-price" class="pt__cost__contextual pt__cost__contextual--with-nectar-not-associated"><span class="pt__cost--price" data-testid="contextual-price-text">£5.00</span></span><span data-testid="text-with-nectar" class="pt__with-or-without-nectar">with Nectar</span></div><div data-testid="pt-retail-price-and-unit" class="pt__cost__retail-price__wrapper"><span class="pt__cost__retail-price pt__cost__retail-price--with-nectar-not-associated" data-testid="pt-retail-price">£6.00</span><span data-testid="pt-unit-price" class="pt__cost__unit-price-per-measure">£4.55 / ltr</span></div></div></div></div><div class="pt__controls" data-testid="pt-control-buttons"><div class="pt-button"><button data-testid="add-button" aria-label="Add Birra Moretti Lager Beer Bottles 4 x 330ml to trolley" class="ln-c-button ln-c-button--filled ln-c-button--full pt__add-button" type="button">Add</button></div></div></div></div><div class="pt__icons__fav"><div data-testid="fav_heart-tooltip" class="ln-c-tooltip"><div><button class="pt__icons__fav--cta" data-testid="favourite-icon-empty" aria-label="Add to favourites"><svg role="presentation" class="pt__icons__fav--icon-empty ln-c-icon" viewBox="0 0 24 24" xmlns="http://www.w3.org/2000/svg"><title>Favourites</title><path d="M12 9.04l-1.992-2.002a3.502 3.502 0 0 0-4.975-.003 3.579 3.579 0 0 0 .003 5.034l6.842 6.88a.17.17 0 0 0 .243 0l6.842-6.88a3.576 3.576 0 0 0 .003-5.034 3.505 3.505 0 0 0-4.975.003l-1.992 2.003zm0-2.836l.759-.755a5.505 5.505 0 0 1 7.625.176 5.576 5.576 0 0 1-.003 7.855l-6.842 6.88a2.17 2.17 0 0 1-3.08 0l-6.841-6.88a5.579 5.579 0 0 1-.003-7.855 5.502 5.502 0 0 1 7.625-.176l.76.755z" fill="currentColor"></path></svg></button></div><div aria-live="polite" aria-atomic="true" role="tooltip"></div></div></div></article></li><li class="pt-grid-item ln-o-grid__item ln-u-6/12@xs ln-u-1/3@sm ln-u-3/12@md ln-u-2/12@xl"><article data-testid="product-tile-7909894" class="ln-c-card pt pt-card"><div aria-hidden="true"></div><div class="pt__content"><div class="pt__image-wrapper"><div><div class="pt-image__ribbon-wrapper"><a href="https://www.sainsburys.co.uk/gol-ui/product/estrella-damm-beer-10x330ml" class="pt-image pt-image__link" tabindex="-1" aria-hidden="true"><picture><source srcset="https://assets.sainsburys-groceries.co.uk/gol/7909894/image.webp" type="image/webp"><source srcset="https://assets.sainsburys-groceries.co.uk/gol/7909894/image.jpg" type="image/jpeg"><img title="Estrella Damm Lager Beer Cans 10x330ml" src="https://assets.sainsburys-groceries.co.uk/gol/7909894/image.jpg" alt="Estrella Damm Lager Beer Cans 10x330ml" aria-hidden="true" data-testid="pt-image"></picture></a></div></div><div class="product-header product-header--citrus">&nbsp;</div></div><div class="pt__wrapper"><div class="pt__wrapper-inner"><div class="pt__wrapper__top"><div class="pt__info"><div class="product-description-box"><div><h2 class="pt__info__description" data-testid="product-tile-description"><a href="https://www.sainsburys.co.uk/gol-ui/product/estrella-damm-beer-10x330ml" class="pt__link" title="Estrella Damm Lager Beer Cans 10x330ml" aria-label="Estrella Damm Lager Beer Cans 10x330ml">Estrella Damm Lager Beer Cans 10x330ml</a></h2></div></div><div class="star-rating-container"><div><a href="https://www.sainsburys.co.uk/gol-ui/product/estrella-damm-beer-10x330ml" class="star-rating-link" data-testid="star-rating" aria-label="4.7 out of 5, 72 reviews"><span class="ds-c-rating ds-c-rating--primary ds-c-rating--md" data-testid="review-count" data-pkgid="@sainsburys-tech/fable-3.53.0-rating"><div class="ds-c-rating__stars" role="img" title="Rating 4.7 out of 5" aria-label="Rating 4.7 out of 5, from 72 reviews"><svg fill="none" xmlns="http://www.w3.org/2000/svg" viewBox="0 0 24 24" role="img" aria-hidden="true"><defs><linearGradient id="star-gradient-:ds222:" x1="0" y1="0" x2="1" y2="0"><stop offset="100%"></stop><stop offset="0%"></stop></linearGradient></defs><path d="M11.613 18.413 7.473 20.7a.8.8 0 0 1-1.177-.828l.802-4.987a.801.801 0 0 0-.215-.685l-3.457-3.57a.802.802 0 0 1 .452-1.348l4.711-.732a.8.8 0 0 0 .602-.45l2.084-4.44a.8.8 0 0 1 1.45 0l2.084 4.44a.8.8 0 0 0 .602.45l4.711.732a.801.801 0 0 1 .452 1.349l-3.457 3.57a.8.8 0 0 0-.215.684l.801 4.987a.8.8 0 0 1-1.177.828l-4.14-2.287a.8.8 0 0 0-.773 0Z" fill="url(#star-gradient-:ds222:)"></path></svg><svg fill="none" xmlns="http://www.w3.org/2000/svg" viewBox="0 0 24 24" role="img" aria-hidden="true"><defs><linearGradient id="star-gradient-:ds223:" x1="0" y1="0" x2="1" y2="0"><stop offset="100%"></stop><stop offset="0%"></stop></linearGradient></defs><path d="M11.613 18.413 7.473 20.7a.8.8 0 0 1-1.177-.828l.802-4.987a.801.801 0 0 0-.215-.685l-3.457-3.57a.802.802 0 0 1 .452-1.348l4.711-.732a.8.8 0 0 0 .602-.45l2.084-4.44a.8.8 0 0 1 1.45 0l2.084 4.44a.8.8 0 0 0 .602.45l4.711.732a.801.801 0 0 1 .452 1.349l-3.457 3.57a.8.8 0 0 0-.215.684l.801 4.987a.8.8 0 0 1-1.177.828l-4.14-2.287a.8.8 0 0 0-.773 0Z" fill="url(#star-gradient-:ds223:)"></path></svg><svg fill="none" xmlns="http://www.w3.org/2000/svg" viewBox="0 0 24 24" role="img" aria-hidden="true"><defs><linearGradient id="star-gradient-:ds224:" x1="0" y1="0" x2="1" y2="0"><stop offset="100%"></stop><stop offset="0%"></stop></linearGradient></defs><path d="M11.613 18.413 7.473 20.7a.8.8 0 0 1-1.177-.828l.802-4.987a.801.801 0 0 0-.215-.685l-3.457-3.57a.802.802 0 0 1 .452-1.348l4.711-.732a.8.8 0 0 0 .602-.45l2.084-4.44a.8.8 0 0 1 1.45 0l2.084 4.44a.8.8 0 0 0 .602.45l4.711.732a.801.801 0 0 1 .452 1.349l-3.457 3.57a.8.8 0 0 0-.215.684l.801 4.987a.8.8 0 0 1-1.177.828l-4.14-2.287a.8.8 0 0 0-.773 0Z" fill="url(#star-gradient-:ds224:)"></path></svg><svg fill="none" xmlns="http://www.w3.org/2000/svg" viewBox="0 0 24 24" role="img" aria-hidden="true"><defs><linearGradient id="star-gradient-:ds225:" x1="0" y1="0" x2="1" y2="0"><stop offset="100%"></stop><stop offset="0%"></stop></linearGradient></defs><path d="M11.613 18.413 7.473 20.7a.8.8 0 0 1-1.177-.828l.802-4.987a.801.801 0 0 0-.215-.685l-3.457-3.57a.802.802 0 0 1 .452-1.348l4.711-.732a.8.8 0 0 0 .602-.45l2.084-4.44a.8.8 0 0 1 1.45 0l2.084 4.44a.8.8 0 0 0 .602.45l4.711.732a.801.801 0 0 1 .452 1.349l-3.457 3.57a.8.8 0 0 0-.215.684l.801 4.987a.8.8 0 0 1-1.177.828l-4.14-2.287a.8.8 0 0 0-.773 0Z" fill="url(#star-gradient-:ds225:)"></path></svg><svg fill="none" xmlns="http://www.w3.org/2000/svg" viewBox="0 0 24 24" role="img" aria-hidden="true"><defs><linearGradient id="star-gradient-:ds226:" x1="0" y1="0" x2="1" y2="0"><stop offset="69.44%"></stop><stop offset="0%"></stop></linearGradient></defs><path d="M11.613 18.413 7.473 20.7a.8.8 0 0 1-1.177-.828l.802-4.987a.801.801 0 0 0-.215-.685l-3.457-3.57a.802.802 0 0 1 .452-1.348l4.711-.732a.8.8 0 0 0 .602-.45l2.084-4.44a.8.8 0 0 1 1.45 0l2.084 4.44a.8.8 0 0 0 .602.45l4.711.732a.801.801 0 0 1 .452 1.349l-3.457 3.57a.8.8 0 0 0-.215.684l.801 4.987a.8.8 0 0 1-1.177.828l-4.14-2.287a.8.8 0 0 0-.773 0Z" fill="url(#star-gradient-:ds226:)"></path></svg></div><div class="ds-c-rating__body"><span class="ds-c-rating__rating-content" aria-hidden="true">(72)</span></div></span></a></div></div></div></div><div class="pt__wrapper__bottom"><div class="pt__data-entry"></div><div class="pt__cost"><div data-testid="pt-retail-price-and-unit" class="pt__cost__retail-price__wrapper pt__cost__retail-price__wrapper--no-promo"><span class="pt__cost__retail-price" data-testid="pt-retail-price">£13.75</span><span data-testid="pt-unit-price" class="pt__cost__unit-price-per-measure">£4.17 / ltr</span></div></div></div></div><div class="pt__controls" data-testid="pt-control-buttons"><div class="pt-button"><button data-testid="add-button" aria-label="Add Estrella Damm Lager Beer Cans 10x330ml to trolley" class="ln-c-button ln-c-button--filled ln-c-button--full pt__add-button" type="button">Add</button></div></div></div></div><div class="pt__icons__fav"><div data-testid="fav_heart-tooltip" class="ln-c-tooltip"><div><button class="pt__icons__fav--cta" data-testid="favourite-icon-empty" aria-label="Add to favourites"><svg role="presentation" class="pt__icons__fav--icon-empty ln-c-icon" viewBox="0 0 24 24" xmlns="http://www.w3.org/2000/svg"><title>Favourites</title><path d="M12 9.04l-1.992-2.002a3.502 3.502 0 0 0-4.975-.003 3.579 3.579 0 0 0 .003 5.034l6.842 6.88a.17.17 0 0 0 .243 0l6.842-6.88a3.576 3.576 0 0 0 .003-5.034 3.505 3.505 0 0 0-4.975.003l-1.992 2.003zm0-2.836l.759-.755a5.505 5.505 0 0 1 7.625.176 5.576 5.576 0 0 1-.003 7.855l-6.842 6.88a2.17 2.17 0 0 1-3.08 0l-6.841-6.88a5.579 5.579 0 0 1-.003-7.855 5.502 5.502 0 0 1 7.625-.176l.76.755z" fill="currentColor"></path></svg></button></div><div aria-live="polite" aria-atomic="true" role="tooltip"></div></div></div></article></li><li class="pt-grid-item ln-o-grid__item ln-u-6/12@xs ln-u-1/3@sm ln-u-3/12@md ln-u-2/12@xl"><article data-testid="product-tile-7452242" class="ln-c-card pt pt-card"><div aria-hidden="true"></div><div class="pt__content"><div class="pt__image-wrapper"><div><div class="pt-image__ribbon-wrapper"><a href="https://www.sainsburys.co.uk/gol-ui/product/san-miguel-4x440ml" class="pt-image pt-image__link" tabindex="-1" aria-hidden="true"><picture><source srcset="https://assets.sainsburys-groceries.co.uk/gol/7452242/image.webp" type="image/webp"><source srcset="https://assets.sainsburys-groceries.co.uk/gol/7452242/image.jpg" type="image/jpeg"><img title="San Miguel Premium Lager Beer Cans 4x440ml" src="https://assets.sainsburys-groceries.co.uk/gol/7452242/image.jpg" alt="San Miguel Premium Lager Beer Cans 4x440ml" aria-hidden="true" data-testid="pt-image"></picture></a></div></div><div class="product-header product-header--citrus">&nbsp;</div></div><div class="pt__wrapper"><div class="pt__wrapper-inner"><div class="pt__wrapper__top"><div class="pt__info"><div class="product-description-box"><div><h2 class="pt__info__description" data-testid="product-tile-description"><a href="https://www.sainsburys.co.uk/gol-ui/product/san-miguel-4x440ml" class="pt__link" title="San Miguel Premium Lager Beer Cans 4x440ml" aria-label="San Miguel Premium Lager Beer Cans 4x440ml">San Miguel Premium Lager Beer Cans 4x440ml</a></h2></div></div><div class="star-rating-container"><div><a href="https://www.sainsburys.co.uk/gol-ui/product/san-miguel-4x440ml" class="star-rating-link" data-testid="star-rating" aria-label="4.6 out of 5, 83 reviews"><span class="ds-c-rating ds-c-rating--primary ds-c-rating--md" data-testid="review-count" data-pkgid="@sainsburys-tech/fable-3.53.0-rating"><div class="ds-c-rating__stars" role="img" title="Rating 4.6 out of 5" aria-label="Rating 4.6 out of 5, from 83 reviews"><svg fill="none" xmlns="http://www.w3.org/2000/svg" viewBox="0 0 24 24" role="img" aria-hidden="true"><defs><linearGradient id="star-gradient-:ds227:" x1="0" y1="0" x2="1" y2="0"><stop offset="100%"></stop><stop offset="0%"></stop></linearGradient></defs><path d="M11.613 18.413 7.473 20.7a.8.8 0 0 1-1.177-.828l.802-4.987a.801.801 0 0 0-.215-.685l-3.457-3.57a.802.802 0 0 1 .452-1.348l4.711-.732a.8.8 0 0 0 .602-.45l2.084-4.44a.8.8 0 0 1 1.45 0l2.084 4.44a.8.8 0 0 0 .602.45l4.711.732a.801.801 0 0 1 .452 1.349l-3.457 3.57a.8.8 0 0 0-.215.684l.801 4.987a.8.8 0 0 1-1.177.828l-4.14-2.287a.8.8 0 0 0-.773 0Z" fill="url(#star-gradient-:ds227:)"></path></svg><svg fill="none" xmlns="http://www.w3.org/2000/svg" viewBox="0 0 24 24" role="img" aria-hidden="true"><defs><linearGradient id="star-gradient-:ds228:" x1="0" y1="0" x2="1" y2="0"><stop offset="100%"></stop><stop offset="0%"></stop></linearGradient></defs><path d="M11.613 18.413 7.473 20.7a.8.8 0 0 1-1.177-.828l.802-4.987a.801.801 0 0 0-.215-.685l-3.457-3.57a.802.802 0 0 1 .452-1.348l4.711-.732a.8.8 0 0 0 .602-.45l2.084-4.44a.8.8 0 0 1 1.45 0l2.084 4.44a.8.8 0 0 0 .602.45l4.711.732a.801.801 0 0 1 .452 1.349l-3.457 3.57a.8.8 0 0 0-.215.684l.801 4.987a.8.8 0 0 1-1.177.828l-4.14-2.287a.8.8 0 0 0-.773 0Z" fill="url(#star-gradient-:ds228:)"></path></svg><svg fill="none" xmlns="http://www.w3.org/2000/svg" viewBox="0 0 24 24" role="img" aria-hidden="true"><defs><linearGradient id="star-gradient-:ds229:" x1="0" y1="0" x2="1" y2="0"><stop offset="100%"></stop><stop offset="0%"></stop></linearGradient></defs><path d="M11.613 18.413 7.473 20.7a.8.8 0 0 1-1.177-.828l.802-4.987a.801.801 0 0 0-.215-.685l-3.457-3.57a.802.802 0 0 1 .452-1.348l4.711-.732a.8.8 0 0 0 .602-.45l2.084-4.44a.8.8 0 0 1 1.45 0l2.084 4.44a.8.8 0 0 0 .602.45l4.711.732a.801.801 0 0 1 .452 1.349l-3.457 3.57a.8.8 0 0 0-.215.684l.801 4.987a.8.8 0 0 1-1.177.828l-4.14-2.287a.8.8 0 0 0-.773 0Z" fill="url(#star-gradient-:ds229:)"></path></svg><svg fill="none" xmlns="http://www.w3.org/2000/svg" viewBox="0 0 24 24" role="img" aria-hidden="true"><defs><linearGradient id="star-gradient-:ds230:" x1="0" y1="0" x2="1" y2="0"><stop offset="100%"></stop><stop offset="0%"></stop></linearGradient></defs><path d="M11.613 18.413 7.473 20.7a.8.8 0 0 1-1.177-.828l.802-4.987a.801.801 0 0 0-.215-.685l-3.457-3.57a.802.802 0 0 1 .452-1.348l4.711-.732a.8.8 0 0 0 .602-.45l2.084-4.44a.8.8 0 0 1 1.45 0l2.084 4.44a.8.8 0 0 0 .602.45l4.711.732a.801.801 0 0 1 .452 1.349l-3.457 3.57a.8.8 0 0 0-.215.684l.801 4.987a.8.8 0 0 1-1.177.828l-4.14-2.287a.8.8 0 0 0-.773 0Z" fill="url(#star-gradient-:ds230:)"></path></svg><svg fill="none" xmlns="http://www.w3.org/2000/svg" viewBox="0 0 24 24" role="img" aria-hidden="true"><defs><linearGradient id="star-gradient-:ds231:" x1="0" y1="0" x2="1" y2="0"><stop offset="61.44999999999996%"></stop><stop offset="0%"></stop></linearGradient></defs><path d="M11.613 18.413 7.473 20.7a.8.8 0 0 1-1.177-.828l.802-4.987a.801.801 0 0 0-.215-.685l-3.457-3.57a.802.802 0 0 1 .452-1.348l4.711-.732a.8.8 0 0 0 .602-.45l2.084-4.44a.8.8 0 0 1 1.45 0l2.084 4.44a.8.8 0 0 0 .602.45l4.711.732a.801.801 0 0 1 .452 1.349l-3.457 3.57a.8.8 0 0 0-.215.684l.801 4.987a.8.8 0 0 1-1.177.828l-4.14-2.287a.8.8 0 0 0-.773 0Z" fill="url(#star-gradient-:ds231:)"></path></svg></div><div class="ds-c-rating__body"><span class="ds-c-rating__rating-content" aria-hidden="true">(83)</span></div></span></a></div></div></div><div class="pt__badges"><div class="pd__shortmeta__item"><div class="pd__label" aria-label="LOW EVERYDAY PRICE" style="border: 1px solid rgb(215, 0, 0); color: rgb(215, 0, 0);">LOW EVERYDAY PRICE</div></div></div></div><div class="pt__wrapper__bottom"><div class="pt__data-entry"></div><div class="pt__cost"><div data-testid="pt-retail-price-and-unit" class="pt__cost__retail-price__wrapper pt__cost__retail-price__wrapper--no-promo"><span class="pt__cost__retail-price" data-testid="pt-retail-price">£5.45</span><span data-testid="pt-unit-price" class="pt__cost__unit-price-per-measure">£3.10 / ltr</span></div></div></div></div><div class="pt__controls" data-testid="pt-control-buttons"><div class="pt-button"><button data-testid="add-button" aria-label="Add San Miguel Premium Lager Beer Cans 4x440ml to trolley" class="ln-c-button ln-c-button--filled ln-c-button--full pt__add-button" type="button">Add</button></div></div></div></div><div class="pt__icons__fav"><div data-testid="fav_heart-tooltip" class="ln-c-tooltip"><div><button class="pt__icons__fav--cta" data-testid="favourite-icon-empty" aria-label="Add to favourites"><svg role="presentation" class="pt__icons__fav--icon-empty ln-c-icon" viewBox="0 0 24 24" xmlns="http://www.w3.org/2000/svg"><title>Favourites</title><path d="M12 9.04l-1.992-2.002a3.502 3.502 0 0 0-4.975-.003 3.579 3.579 0 0 0 .003 5.034l6.842 6.88a.17.17 0 0 0 .243 0l6.842-6.88a3.576 3.576 0 0 0 .003-5.034 3.505 3.505 0 0 0-4.975.003l-1.992 2.003zm0-2.836l.759-.755a5.505 5.505 0 0 1 7.625.176 5.576 5.576 0 0 1-.003 7.855l-6.842 6.88a2.17 2.17 0 0 1-3.08 0l-6.841-6.88a5.579 5.579 0 0 1-.003-7.855 5.502 5.502 0 0 1 7.625-.176l.76.755z" fill="currentColor"></path></svg></button></div><div aria-live="polite" aria-atomic="true" role="tooltip"></div></div></div></article></li><li class="pt-grid-item ln-o-grid__item ln-u-6/12@xs ln-u-1/3@sm ln-u-3/12@md ln-u-2/12@xl"><article data-testid="product-tile-7940113" class="ln-c-card pt pt-card"><div aria-hidden="true"></div><div class="pt__content"><div class="pt__image-wrapper"><div><div class="pt-image__ribbon-wrapper"><a href="https://www.sainsburys.co.uk/gol-ui/product/asahi-super-dry-620ml" class="pt-image pt-image__link" tabindex="-1" aria-hidden="true"><picture><source srcset="https://assets.sainsburys-groceries.co.uk/gol/7940113/image.webp" type="image/webp"><source srcset="https://assets.sainsburys-groceries.co.uk/gol/7940113/image.jpg" type="image/jpeg"><img title="Asahi Super Dry Beer Lager Bottle 620ml" src="https://assets.sainsburys-groceries.co.uk/gol/7940113/image.jpg" alt="Asahi Super Dry Beer Lager Bottle 620ml" aria-hidden="true" data-testid="pt-image"></picture></a></div></div><div class="product-header product-header--citrus">&nbsp;</div></div><div class="pt__wrapper"><div class="pt__wrapper-inner"><div class="pt__wrapper__top"><div class="pt__info"><div class="product-description-box"><div><h2 class="pt__info__description" data-testid="product-tile-description"><a href="https://www.sainsburys.co.uk/gol-ui/product/asahi-super-dry-620ml" class="pt__link" title="Asahi Super Dry Beer Lager Bottle 620ml" aria-label="Asahi Super Dry Beer Lager Bottle 620ml">Asahi Super Dry Beer Lager Bottle 620ml</a></h2></div></div><div class="star-rating-container"><div><a href="https://www.sainsburys.co.uk/gol-ui/product/asahi-super-dry-620ml" class="star-rating-link" data-testid="star-rating" aria-label="4.7 out of 5, 102 reviews"><span class="ds-c-rating ds-c-rating--primary ds-c-rating--md" data-testid="review-count" data-pkgid="@sainsburys-tech/fable-3.53.0-rating"><div class="ds-c-rating__stars" role="img" title="Rating 4.7 out of 5" aria-label="Rating 4.7 out of 5, from 102 reviews"><svg fill="none" xmlns="http://www.w3.org/2000/svg" viewBox="0 0 24 24" role="img" aria-hidden="true"><defs><linearGradient id="star-gradient-:ds232:" x1="0" y1="0" x2="1" y2="0"><stop offset="100%"></stop><stop offset="0%"></stop></linearGradient></defs><path d="M11.613 18.413 7.473 20.7a.8.8 0 0 1-1.177-.828l.802-4.987a.801.801 0 0 0-.215-.685l-3.457-3.57a.802.802 0 0 1 .452-1.348l4.711-.732a.8.8 0 0 0 .602-.45l2.084-4.44a.8.8 0 0 1 1.45 0l2.084 4.44a.8.8 0 0 0 .602.45l4.711.732a.801.801 0 0 1 .452 1.349l-3.457 3.57a.8.8 0 0 0-.215.684l.801 4.987a.8.8 0 0 1-1.177.828l-4.14-2.287a.8.8 0 0 0-.773 0Z" fill="url(#star-gradient-:ds232:)"></path></svg><svg fill="none" xmlns="http://www.w3.org/2000/svg" viewBox="0 0 24 24" role="img" aria-hidden="true"><defs><linearGradient id="star-gradient-:ds233:" x1="0" y1="0" x2="1" y2="0"><stop offset="100%"></stop><stop offset="0%"></stop></linearGradient></defs><path d="M11.613 18.413 7.473 20.7a.8.8 0 0 1-1.177-.828l.802-4.987a.801.801 0 0 0-.215-.685l-3.457-3.57a.802.802 0 0 1 .452-1.348l4.711-.732a.8.8 0 0 0 .602-.45l2.084-4.44a.8.8 0 0 1 1.45 0l2.084 4.44a.8.8 0 0 0 .602.45l4.711.732a.801.801 0 0 1 .452 1.349l-3.457 3.57a.8.8 0 0 0-.215.684l.801 4.987a.8.8 0 0 1-1.177.828l-4.14-2.287a.8.8 0 0 0-.773 0Z" fill="url(#star-gradient-:ds233:)"></path></svg><svg fill="none" xmlns="http://www.w3.org/2000/svg" viewBox="0 0 24 24" role="img" aria-hidden="true"><defs><linearGradient id="star-gradient-:ds234:" x1="0" y1="0" x2="1" y2="0"><stop offset="100%"></stop><stop offset="0%"></stop></linearGradient></defs><path d="M11.613 18.413 7.473 20.7a.8.8 0 0 1-1.177-.828l.802-4.987a.801.801 0 0 0-.215-.685l-3.457-3.57a.802.802 0 0 1 .452-1.348l4.711-.732a.8.8 0 0 0 .602-.45l2.084-4.44a.8.8 0 0 1 1.45 0l2.084 4.44a.8.8 0 0 0 .602.45l4.711.732a.801.801 0 0 1 .452 1.349l-3.457 3.57a.8.8 0 0 0-.215.684l.801 4.987a.8.8 0 0 1-1.177.828l-4.14-2.287a.8.8 0 0 0-.773 0Z" fill="url(#star-gradient-:ds234:)"></path></svg><svg fill="none" xmlns="http://www.w3.org/2000/svg" viewBox="0 0 24 24" role="img" aria-hidden="true"><defs><linearGradient id="star-gradient-:ds235:" x1="0" y1="0" x2="1" y2="0"><stop offset="100%"></stop><stop offset="0%"></stop></linearGradient></defs><path d="M11.613 18.413 7.473 20.7a.8.8 0 0 1-1.177-.828l.802-4.987a.801.801 0 0 0-.215-.685l-3.457-3.57a.802.802 0 0 1 .452-1.348l4.711-.732a.8.8 0 0 0 .602-.45l2.084-4.44a.8.8 0 0 1 1.45 0l2.084 4.44a.8.8 0 0 0 .602.45l4.711.732a.801.801 0 0 1 .452 1.349l-3.457 3.57a.8.8 0 0 0-.215.684l.801 4.987a.8.8 0 0 1-1.177.828l-4.14-2.287a.8.8 0 0 0-.773 0Z" fill="url(#star-gradient-:ds235:)"></path></svg><svg fill="none" xmlns="http://www.w3.org/2000/svg" viewBox="0 0 24 24" role="img" aria-hidden="true"><defs><linearGradient id="star-gradient-:ds236:" x1="0" y1="0" x2="1" y2="0"><stop offset="69.61000000000004%"></stop><stop offset="0%"></stop></linearGradient></defs><path d="M11.613 18.413 7.473 20.7a.8.8 0 0 1-1.177-.828l.802-4.987a.801.801 0 0 0-.215-.685l-3.457-3.57a.802.802 0 0 1 .452-1.348l4.711-.732a.8.8 0 0 0 .602-.45l2.084-4.44a.8.8 0 0 1 1.45 0l2.084 4.44a.8.8 0 0 0 .602.45l4.711.732a.801.801 0 0 1 .452 1.349l-3.457 3.57a.8.8 0 0 0-.215.684l.801 4.987a.8.8 0 0 1-1.177.828l-4.14-2.287a.8.8 0 0 0-.773 0Z" fill="url(#star-gradient-:ds236:)"></path></svg></div><div class="ds-c-rating__body"><span class="ds-c-rating__rating-content" aria-hidden="true">(102)</span></div></span></a></div></div></div></div><div class="pt__wrapper__bottom"><div class="pt__data-entry"></div><ul class="pt__promotions" data-testid="pt-promotions"><li class="pt__promotion"><div><div class="promotion-message"><a href="/gol-ui/promo-lister/10650156" target="_self" class="promotion-message__link promotion-message__link--purple" data-testid="pt-promotions-10650156" aria-label="Asahi Super Dry Beer Lager Bottle 620ml, Buy any 3 for £6.00 with Nectar">Buy any 3 for £6.00 with Nectar</a></div></div></li></ul><div class="pt__cost"><div data-testid="pt-retail-price-and-unit" class="pt__cost__retail-price__wrapper pt__cost__retail-price__wrapper--no-promo"><span class="pt__cost__retail-price" data-testid="pt-retail-price">£2.75</span><span data-testid="pt-unit-price" class="pt__cost__unit-price-per-measure">£4.44 / ltr</span></div></div></div></div><div class="pt__controls" data-testid="pt-control-buttons"><div class="pt-button"><button data-testid="add-button" aria-label="Add Asahi Super Dry Beer Lager Bottle 620ml to trolley" class="ln-c-button ln-c-button--filled ln-c-button--full pt__add-button" type="button">Add</button></div></div></div></div><div class="pt__icons__fav"><div data-testid="fav_heart-tooltip" class="ln-c-tooltip"><div><button class="pt__icons__fav--cta" data-testid="favourite-icon-empty" aria-label="Add to favourites"><svg role="presentation" class="pt__icons__fav--icon-empty ln-c-icon" viewBox="0 0 24 24" xmlns="http://www.w3.org/2000/svg"><title>Favourites</title><path d="M12 9.04l-1.992-2.002a3.502 3.502 0 0 0-4.975-.003 3.579 3.579 0 0 0 .003 5.034l6.842 6.88a.17.17 0 0 0 .243 0l6.842-6.88a3.576 3.576 0 0 0 .003-5.034 3.505 3.505 0 0 0-4.975.003l-1.992 2.003zm0-2.836l.759-.755a5.505 5.505 0 0 1 7.625.176 5.576 5.576 0 0 1-.003 7.855l-6.842 6.88a2.17 2.17 0 0 1-3.08 0l-6.841-6.88a5.579 5.579 0 0 1-.003-7.855 5.502 5.502 0 0 1 7.625-.176l.76.755z" fill="currentColor"></path></svg></button></div><div aria-live="polite" aria-atomic="true" role="tooltip"></div></div></div></article></li><li class="pt-grid-item ln-o-grid__item ln-u-6/12@xs ln-u-1/3@sm ln-u-3/12@md ln-u-2/12@xl"><article data-testid="product-tile-8110753" class="ln-c-card pt pt-card"><div aria-hidden="true"><div class="product-details-title__tag"><span data-testid="nectar-price-label" class="promotional-tag--nectar">Nectar Price</span></div></div><div class="pt__content"><div class="pt__image-wrapper"><div><div class="pt-image__ribbon-wrapper"><a href="https://www.sainsburys.co.uk/gol-ui/product/free-damm-non-alcoholic-lager-beer-4x330ml" class="pt-image pt-image__link" tabindex="-1" aria-hidden="true"><picture><source srcset="https://assets.sainsburys-groceries.co.uk/gol/8110753/image.webp" type="image/webp"><source srcset="https://assets.sainsburys-groceries.co.uk/gol/8110753/image.jpg" type="image/jpeg"><img title="Free Damm Non-Alcoholic Lager Beer 4x330ml" src="https://assets.sainsburys-groceries.co.uk/gol/8110753/image.jpg" alt="Free Damm Non-Alcoholic Lager Beer 4x330ml" aria-hidden="true" data-testid="pt-image"></picture></a></div></div><div class="product-header product-header--citrus">&nbsp;</div></div><div class="pt__wrapper"><div class="pt__wrapper-inner"><div class="pt__wrapper__top"><div class="pt__info"><div class="product-description-box"><div><h2 class="pt__info__description" data-testid="product-tile-description"><a href="https://www.sainsburys.co.uk/gol-ui/product/free-damm-non-alcoholic-lager-beer-4x330ml" class="pt__link" title="Free Damm Non-Alcoholic Lager Beer 4x330ml" aria-label="Nectar Price, Free Damm Non-Alcoholic Lager Beer 4x330ml">Free Damm Non-Alcoholic Lager Beer 4x330ml</a></h2></div></div><div class="star-rating-container"><div><a href="https://www.sainsburys.co.uk/gol-ui/product/free-damm-non-alcoholic-lager-beer-4x330ml" class="star-rating-link" data-testid="star-rating" aria-label="3.9 out of 5, 10 reviews"><span class="ds-c-rating ds-c-rating--primary ds-c-rating--md" data-testid="review-count" data-pkgid="@sainsburys-tech/fable-3.53.0-rating"><div class="ds-c-rating__stars" role="img" title="Rating 3.9 out of 5" aria-label="Rating 3.9 out of 5, from 10 reviews"><svg fill="none" xmlns="http://www.w3.org/2000/svg" viewBox="0 0 24 24" role="img" aria-hidden="true"><defs><linearGradient id="star-gradient-:ds237:" x1="0" y1="0" x2="1" y2="0"><stop offset="100%"></stop><stop offset="0%"></stop></linearGradient></defs><path d="M11.613 18.413 7.473 20.7a.8.8 0 0 1-1.177-.828l.802-4.987a.801.801 0 0 0-.215-.685l-3.457-3.57a.802.802 0 0 1 .452-1.348l4.711-.732a.8.8 0 0 0 .602-.45l2.084-4.44a.8.8 0 0 1 1.45 0l2.084 4.44a.8.8 0 0 0 .602.45l4.711.732a.801.801 0 0 1 .452 1.349l-3.457 3.57a.8.8 0 0 0-.215.684l.801 4.987a.8.8 0 0 1-1.177.828l-4.14-2.287a.8.8 0 0 0-.773 0Z" fill="url(#star-gradient-:ds237:)"></path></svg><svg fill="none" xmlns="http://www.w3.org/2000/svg" viewBox="0 0 24 24" role="img" aria-hidden="true"><defs><linearGradient id="star-gradient-:ds238:" x1="0" y1="0" x2="1" y2="0"><stop offset="100%"></stop><stop offset="0%"></stop></linearGradient></defs><path d="M11.613 18.413 7.473 20.7a.8.8 0 0 1-1.177-.828l.802-4.987a.801.801 0 0 0-.215-.685l-3.457-3.57a.802.802 0 0 1 .452-1.348l4.711-.732a.8.8 0 0 0 .602-.45l2.084-4.44a.8.8 0 0 1 1.45 0l2.084 4.44a.8.8 0 0 0 .602.45l4.711.732a.801.801 0 0 1 .452 1.349l-3.457 3.57a.8.8 0 0 0-.215.684l.801 4.987a.8.8 0 0 1-1.177.828l-4.14-2.287a.8.8 0 0 0-.773 0Z" fill="url(#star-gradient-:ds238:)"></path></svg><svg fill="none" xmlns="http://www.w3.org/2000/svg" viewBox="0 0 24 24" role="img" aria-hidden="true"><defs><linearGradient id="star-gradient-:ds239:" x1="0" y1="0" x2="1" y2="0"><stop offset="100%"></stop><stop offset="0%"></stop></linearGradient></defs><path d="M11.613 18.413 7.473 20.7a.8.8 0 0 1-1.177-.828l.802-4.987a.801.801 0 0 0-.215-.685l-3.457-3.57a.802.802 0 0 1 .452-1.348l4.711-.732a.8.8 0 0 0 .602-.45l2.084-4.44a.8.8 0 0 1 1.45 0l2.084 4.44a.8.8 0 0 0 .602.45l4.711.732a.801.801 0 0 1 .452 1.349l-3.457 3.57a.8.8 0 0 0-.215.684l.801 4.987a.8.8 0 0 1-1.177.828l-4.14-2.287a.8.8 0 0 0-.773 0Z" fill="url(#star-gradient-:ds239:)"></path></svg><svg fill="none" xmlns="http://www.w3.org/2000/svg" viewBox="0 0 24 24" role="img" aria-hidden="true"><defs><linearGradient id="star-gradient-:ds240:" x1="0" y1="0" x2="1" y2="0"><stop offset="89.99999999999999%"></stop><stop offset="0%"></stop></linearGradient></defs><path d="M11.613 18.413 7.473 20.7a.8.8 0 0 1-1.177-.828l.802-4.987a.801.801 0 0 0-.215-.685l-3.457-3.57a.802.802 0 0 1 .452-1.348l4.711-.732a.8.8 0 0 0 .602-.45l2.084-4.44a.8.8 0 0 1 1.45 0l2.084 4.44a.8.8 0 0 0 .602.45l4.711.732a.801.801 0 0 1 .452 1.349l-3.457 3.57a.8.8 0 0 0-.215.684l.801 4.987a.8.8 0 0 1-1.177.828l-4.14-2.287a.8.8 0 0 0-.773 0Z" fill="url(#star-gradient-:ds240:)"></path></svg><svg fill="none" xmlns="http://www.w3.org/2000/svg" viewBox="0 0 24 24" role="img" aria-hidden="true"><defs><linearGradient id="star-gradient-:ds241:" x1="0" y1="0" x2="1" y2="0"><stop offset="0%"></stop><stop offset="0%"></stop></linearGradient></defs><path d="M11.613 18.413 7.473 20.7a.8.8 0 0 1-1.177-.828l.802-4.987a.801.801 0 0 0-.215-.685l-3.457-3.57a.802.802 0 0 1 .452-1.348l4.711-.732a.8.8 0 0 0 .602-.45l2.084-4.44a.8.8 0 0 1 1.45 0l2.084 4.44a.8.8 0 0 0 .602.45l4.711.732a.801.801 0 0 1 .452 1.349l-3.457 3.57a.8.8 0 0 0-.215.684l.801 4.987a.8.8 0 0 1-1.177.828l-4.14-2.287a.8.8 0 0 0-.773 0Z" fill="url(#star-gradient-:ds241:)"></path></svg></div><div class="ds-c-rating__body"><span class="ds-c-rating__rating-content" aria-hidden="true">(10)</span></div></span></a></div></div></div></div><div class="pt__wrapper__bottom"><div class="pt__data-entry"></div><div class="pt__cost"><div class="pt__cost__contextual--wrapper" data-testid="whole-contextual-price"><span data-testid="contextual-price" class="pt__cost__contextual pt__cost__contextual--with-nectar-not-associated"><span class="pt__cost--price" data-testid="contextual-price-text">£3.50</span></span><span data-testid="text-with-nectar" class="pt__with-or-without-nectar">with Nectar</span></div><div data-testid="pt-retail-price-and-unit" class="pt__cost__retail-price__wrapper"><span class="pt__cost__retail-price pt__cost__retail-price--with-nectar-not-associated" data-testid="pt-retail-price">£4.00</span><span data-testid="pt-unit-price" class="pt__cost__unit-price-per-measure">£3.03 / ltr</span></div></div></div></div><div class="pt__controls" data-testid="pt-control-buttons"><div class="pt-button"><button data-testid="add-button" aria-label="Add Free Damm Non-Alcoholic Lager Beer 4x330ml to trolley" class="ln-c-button ln-c-button--filled ln-c-button--full pt__add-button" type="button">Add</button></div></div></div></div><div class="pt__icons__fav"><div data-testid="fav_heart-tooltip" class="ln-c-tooltip"><div><button class="pt__icons__fav--cta" data-testid="favourite-icon-empty" aria-label="Add to favourites"><svg role="presentation" class="pt__icons__fav--icon-empty ln-c-icon" viewBox="0 0 24 24" xmlns="http://www.w3.org/2000/svg"><title>Favourites</title><path d="M12 9.04l-1.992-2.002a3.502 3.502 0 0 0-4.975-.003 3.579 3.579 0 0 0 .003 5.034l6.842 6.88a.17.17 0 0 0 .243 0l6.842-6.88a3.576 3.576 0 0 0 .003-5.034 3.505 3.505 0 0 0-4.975.003l-1.992 2.003zm0-2.836l.759-.755a5.505 5.505 0 0 1 7.625.176 5.576 5.576 0 0 1-.003 7.855l-6.842 6.88a2.17 2.17 0 0 1-3.08 0l-6.841-6.88a5.579 5.579 0 0 1-.003-7.855 5.502 5.502 0 0 1 7.625-.176l.76.755z" fill="currentColor"></path></svg></button></div><div aria-live="polite" aria-atomic="true" role="tooltip"></div></div></div></article></li><li class="pt-grid-item ln-o-grid__item ln-u-6/12@xs ln-u-1/3@sm ln-u-3/12@md ln-u-2/12@xl"><article data-testid="product-tile-8159654" class="ln-c-card pt pt-card"><div aria-hidden="true"><div class="product-details-title__tag"><span data-testid="nectar-price-label" class="promotional-tag--nectar">Nectar Price</span></div></div><div class="pt__content"><div class="pt__image-wrapper"><div><div class="pt-image__ribbon-wrapper"><a href="https://www.sainsburys.co.uk/gol-ui/product/hobgoblin-gold-beer-x4-568ml" class="pt-image pt-image__link" tabindex="-1" aria-hidden="true"><picture><source srcset="https://assets.sainsburys-groceries.co.uk/gol/8159654/image.webp" type="image/webp"><source srcset="https://assets.sainsburys-groceries.co.uk/gol/8159654/image.jpg" type="image/jpeg"><img title="Hobgoblin Gold Ale Beer Pint Can 4x568ml" src="https://assets.sainsburys-groceries.co.uk/gol/8159654/image.jpg" alt="Hobgoblin Gold Ale Beer Pint Can 4x568ml" aria-hidden="true" data-testid="pt-image"></picture></a></div></div><div class="product-header product-header--citrus">&nbsp;</div></div><div class="pt__wrapper"><div class="pt__wrapper-inner"><div class="pt__wrapper__top"><div class="pt__info"><div class="product-description-box"><div><h2 class="pt__info__description" data-testid="product-tile-description"><a href="https://www.sainsburys.co.uk/gol-ui/product/hobgoblin-gold-beer-x4-568ml" class="pt__link" title="Hobgoblin Gold Ale Beer Pint Can 4x568ml" aria-label="Nectar Price, Hobgoblin Gold Ale Beer Pint Can 4x568ml">Hobgoblin Gold Ale Beer Pint Can 4x568ml</a></h2></div></div><div class="star-rating-container"><div><a href="https://www.sainsburys.co.uk/gol-ui/product/hobgoblin-gold-beer-x4-568ml" class="star-rating-link" data-testid="star-rating" aria-label="4.6 out of 5, 13 reviews"><span class="ds-c-rating ds-c-rating--primary ds-c-rating--md" data-testid="review-count" data-pkgid="@sainsburys-tech/fable-3.53.0-rating"><div class="ds-c-rating__stars" role="img" title="Rating 4.6 out of 5" aria-label="Rating 4.6 out of 5, from 13 reviews"><svg fill="none" xmlns="http://www.w3.org/2000/svg" viewBox="0 0 24 24" role="img" aria-hidden="true"><defs><linearGradient id="star-gradient-:ds242:" x1="0" y1="0" x2="1" y2="0"><stop offset="100%"></stop><stop offset="0%"></stop></linearGradient></defs><path d="M11.613 18.413 7.473 20.7a.8.8 0 0 1-1.177-.828l.802-4.987a.801.801 0 0 0-.215-.685l-3.457-3.57a.802.802 0 0 1 .452-1.348l4.711-.732a.8.8 0 0 0 .602-.45l2.084-4.44a.8.8 0 0 1 1.45 0l2.084 4.44a.8.8 0 0 0 .602.45l4.711.732a.801.801 0 0 1 .452 1.349l-3.457 3.57a.8.8 0 0 0-.215.684l.801 4.987a.8.8 0 0 1-1.177.828l-4.14-2.287a.8.8 0 0 0-.773 0Z" fill="url(#star-gradient-:ds242:)"></path></svg><svg fill="none" xmlns="http://www.w3.org/2000/svg" viewBox="0 0 24 24" role="img" aria-hidden="true"><defs><linearGradient id="star-gradient-:ds243:" x1="0" y1="0" x2="1" y2="0"><stop offset="100%"></stop><stop offset="0%"></stop></linearGradient></defs><path d="M11.613 18.413 7.473 20.7a.8.8 0 0 1-1.177-.828l.802-4.987a.801.801 0 0 0-.215-.685l-3.457-3.57a.802.802 0 0 1 .452-1.348l4.711-.732a.8.8 0 0 0 .602-.45l2.084-4.44a.8.8 0 0 1 1.45 0l2.084 4.44a.8.8 0 0 0 .602.45l4.711.732a.801.801 0 0 1 .452 1.349l-3.457 3.57a.8.8 0 0 0-.215.684l.801 4.987a.8.8 0 0 1-1.177.828l-4.14-2.287a.8.8 0 0 0-.773 0Z" fill="url(#star-gradient-:ds243:)"></path></svg><svg fill="none" xmlns="http://www.w3.org/2000/svg" viewBox="0 0 24 24" role="img" aria-hidden="true"><defs><linearGradient id="star-gradient-:ds244:" x1="0" y1="0" x2="1" y2="0"><stop offset="100%"></stop><stop offset="0%"></stop></linearGradient></defs><path d="M11.613 18.413 7.473 20.7a.8.8 0 0 1-1.177-.828l.802-4.987a.801.801 0 0 0-.215-.685l-3.457-3.57a.802.802 0 0 1 .452-1.348l4.711-.732a.8.8 0 0 0 .602-.45l2.084-4.44a.8.8 0 0 1 1.45 0l2.084 4.44a.8.8 0 0 0 .602.45l4.711.732a.801.801 0 0 1 .452 1.349l-3.457 3.57a.8.8 0 0 0-.215.684l.801 4.987a.8.8 0 0 1-1.177.828l-4.14-2.287a.8.8 0 0 0-.773 0Z" fill="url(#star-gradient-:ds244:)"></path></svg><svg fill="none" xmlns="http://www.w3.org/2000/svg" viewBox="0 0 24 24" role="img" aria-hidden="true"><defs><linearGradient id="star-gradient-:ds245:" x1="0" y1="0" x2="1" y2="0"><stop offset="100%"></stop><stop offset="0%"></stop></linearGradient></defs><path d="M11.613 18.413 7.473 20.7a.8.8 0 0 1-1.177-.828l.802-4.987a.801.801 0 0 0-.215-.685l-3.457-3.57a.802.802 0 0 1 .452-1.348l4.711-.732a.8.8 0 0 0 .602-.45l2.084-4.44a.8.8 0 0 1 1.45 0l2.084 4.44a.8.8 0 0 0 .602.45l4.711.732a.801.801 0 0 1 .452 1.349l-3.457 3.57a.8.8 0 0 0-.215.684l.801 4.987a.8.8 0 0 1-1.177.828l-4.14-2.287a.8.8 0 0 0-.773 0Z" fill="url(#star-gradient-:ds245:)"></path></svg><svg fill="none" xmlns="http://www.w3.org/2000/svg" viewBox="0 0 24 24" role="img" aria-hidden="true"><defs><linearGradient id="star-gradient-:ds246:" x1="0" y1="0" x2="1" y2="0"><stop offset="61.54000000000002%"></stop><stop offset="0%"></stop></linearGradient></defs><path d="M11.613 18.413 7.473 20.7a.8.8 0 0 1-1.177-.828l.802-4.987a.801.801 0 0 0-.215-.685l-3.457-3.57a.802.802 0 0 1 .452-1.348l4.711-.732a.8.8 0 0 0 .602-.45l2.084-4.44a.8.8 0 0 1 1.45 0l2.084 4.44a.8.8 0 0 0 .602.45l4.711.732a.801.801 0 0 1 .452 1.349l-3.457 3.57a.8.8 0 0 0-.215.684l.801 4.987a.8.8 0 0 1-1.177.828l-4.14-2.287a.8.8 0 0 0-.773 0Z" fill="url(#star-gradient-:ds246:)"></path></svg></div><div class="ds-c-rating__body"><span class="ds-c-rating__rating-content" aria-hidden="true">(13)</span></div></span></a></div></div></div></div><div class="pt__wrapper__bottom"><div class="pt__data-entry"></div><div class="pt__cost"><div class="pt__cost__contextual--wrapper" data-testid="whole-contextual-price"><span data-testid="contextual-price" class="pt__cost__contextual pt__cost__contextual--with-nectar-not-associated"><span class="pt__cost--price" data-testid="contextual-price-text">£5.50</span></span><span data-testid="text-with-nectar" class="pt__with-or-without-nectar">with Nectar</span></div><div data-testid="pt-retail-price-and-unit" class="pt__cost__retail-price__wrapper"><span class="pt__cost__retail-price pt__cost__retail-price--with-nectar-not-associated" data-testid="pt-retail-price">£6.00</span><span data-testid="pt-unit-price" class="pt__cost__unit-price-per-measure">£2.64 / ltr</span></div></div></div></div><div class="pt__controls" data-testid="pt-control-buttons"><div class="pt-button"><button data-testid="add-button" aria-label="Add Hobgoblin Gold Ale Beer Pint Can 4x568ml to trolley" class="ln-c-button ln-c-button--filled ln-c-button--full pt__add-button" type="button">Add</button></div></div></div></div><div class="pt__icons__fav"><div data-testid="fav_heart-tooltip" class="ln-c-tooltip"><div><button class="pt__icons__fav--cta" data-testid="favourite-icon-empty" aria-label="Add to favourites"><svg role="presentation" class="pt__icons__fav--icon-empty ln-c-icon" viewBox="0 0 24 24" xmlns="http://www.w3.org/2000/svg"><title>Favourites</title><path d="M12 9.04l-1.992-2.002a3.502 3.502 0 0 0-4.975-.003 3.579 3.579 0 0 0 .003 5.034l6.842 6.88a.17.17 0 0 0 .243 0l6.842-6.88a3.576 3.576 0 0 0 .003-5.034 3.505 3.505 0 0 0-4.975.003l-1.992 2.003zm0-2.836l.759-.755a5.505 5.505 0 0 1 7.625.176 5.576 5.576 0 0 1-.003 7.855l-6.842 6.88a2.17 2.17 0 0 1-3.08 0l-6.841-6.88a5.579 5.579 0 0 1-.003-7.855 5.502 5.502 0 0 1 7.625-.176l.76.755z" fill="currentColor"></path></svg></button></div><div aria-live="polite" aria-atomic="true" role="tooltip"></div></div></div></article></li><li class="pt-grid-item ln-o-grid__item ln-u-6/12@xs ln-u-1/3@sm ln-u-3/12@md ln-u-2/12@xl"><article data-testid="product-tile-8159374" class="ln-c-card pt pt-card"><div aria-hidden="true"></div><div class="pt__content"><div class="pt__image-wrapper"><div><div class="pt-image__ribbon-wrapper"><a href="https://www.sainsburys.co.uk/gol-ui/product/corona-cero-alcohol-free-beer-12x330ml" class="pt-image pt-image__link" tabindex="-1" aria-hidden="true"><picture><source srcset="https://assets.sainsburys-groceries.co.uk/gol/8159374/image.webp" type="image/webp"><source srcset="https://assets.sainsburys-groceries.co.uk/gol/8159374/image.jpg" type="image/jpeg"><img title="Corona Cero Alcohol Free Beer 12x330ml" src="https://assets.sainsburys-groceries.co.uk/gol/8159374/image.jpg" alt="Corona Cero Alcohol Free Beer 12x330ml" aria-hidden="true" data-testid="pt-image"></picture></a></div></div><div class="product-header product-header--citrus">&nbsp;</div></div><div class="pt__wrapper"><div class="pt__wrapper-inner"><div class="pt__wrapper__top"><div class="pt__info"><div class="product-description-box"><div><h2 class="pt__info__description" data-testid="product-tile-description"><a href="https://www.sainsburys.co.uk/gol-ui/product/corona-cero-alcohol-free-beer-12x330ml" class="pt__link" title="Corona Cero Alcohol Free Beer 12x330ml" aria-label="Corona Cero Alcohol Free Beer 12x330ml">Corona Cero Alcohol Free Beer 12x330ml</a></h2></div></div><div class="star-rating-container"><div><a href="https://www.sainsburys.co.uk/gol-ui/product/corona-cero-alcohol-free-beer-12x330ml" class="star-rating-link" data-testid="star-rating" aria-label="4.9 out of 5, 18 reviews"><span class="ds-c-rating ds-c-rating--primary ds-c-rating--md" data-testid="review-count" data-pkgid="@sainsburys-tech/fable-3.53.0-rating"><div class="ds-c-rating__stars" role="img" title="Rating 4.9 out of 5" aria-label="Rating 4.9 out of 5, from 18 reviews"><svg fill="none" xmlns="http://www.w3.org/2000/svg" viewBox="0 0 24 24" role="img" aria-hidden="true"><defs><linearGradient id="star-gradient-:ds247:" x1="0" y1="0" x2="1" y2="0"><stop offset="100%"></stop><stop offset="0%"></stop></linearGradient></defs><path d="M11.613 18.413 7.473 20.7a.8.8 0 0 1-1.177-.828l.802-4.987a.801.801 0 0 0-.215-.685l-3.457-3.57a.802.802 0 0 1 .452-1.348l4.711-.732a.8.8 0 0 0 .602-.45l2.084-4.44a.8.8 0 0 1 1.45 0l2.084 4.44a.8.8 0 0 0 .602.45l4.711.732a.801.801 0 0 1 .452 1.349l-3.457 3.57a.8.8 0 0 0-.215.684l.801 4.987a.8.8 0 0 1-1.177.828l-4.14-2.287a.8.8 0 0 0-.773 0Z" fill="url(#star-gradient-:ds247:)"></path></svg><svg fill="none" xmlns="http://www.w3.org/2000/svg" viewBox="0 0 24 24" role="img" aria-hidden="true"><defs><linearGradient id="star-gradient-:ds248:" x1="0" y1="0" x2="1" y2="0"><stop offset="100%"></stop><stop offset="0%"></stop></linearGradient></defs><path d="M11.613 18.413 7.473 20.7a.8.8 0 0 1-1.177-.828l.802-4.987a.801.801 0 0 0-.215-.685l-3.457-3.57a.802.802 0 0 1 .452-1.348l4.711-.732a.8.8 0 0 0 .602-.45l2.084-4.44a.8.8 0 0 1 1.45 0l2.084 4.44a.8.8 0 0 0 .602.45l4.711.732a.801.801 0 0 1 .452 1.349l-3.457 3.57a.8.8 0 0 0-.215.684l.801 4.987a.8.8 0 0 1-1.177.828l-4.14-2.287a.8.8 0 0 0-.773 0Z" fill="url(#star-gradient-:ds248:)"></path></svg><svg fill="none" xmlns="http://www.w3.org/2000/svg" viewBox="0 0 24 24" role="img" aria-hidden="true"><defs><linearGradient id="star-gradient-:ds249:" x1="0" y1="0" x2="1" y2="0"><stop offset="100%"></stop><stop offset="0%"></stop></linearGradient></defs><path d="M11.613 18.413 7.473 20.7a.8.8 0 0 1-1.177-.828l.802-4.987a.801.801 0 0 0-.215-.685l-3.457-3.57a.802.802 0 0 1 .452-1.348l4.711-.732a.8.8 0 0 0 .602-.45l2.084-4.44a.8.8 0 0 1 1.45 0l2.084 4.44a.8.8 0 0 0 .602.45l4.711.732a.801.801 0 0 1 .452 1.349l-3.457 3.57a.8.8 0 0 0-.215.684l.801 4.987a.8.8 0 0 1-1.177.828l-4.14-2.287a.8.8 0 0 0-.773 0Z" fill="url(#star-gradient-:ds249:)"></path></svg><svg fill="none" xmlns="http://www.w3.org/2000/svg" viewBox="0 0 24 24" role="img" aria-hidden="true"><defs><linearGradient id="star-gradient-:ds250:" x1="0" y1="0" x2="1" y2="0"><stop offset="100%"></stop><stop offset="0%"></stop></linearGradient></defs><path d="M11.613 18.413 7.473 20.7a.8.8 0 0 1-1.177-.828l.802-4.987a.801.801 0 0 0-.215-.685l-3.457-3.57a.802.802 0 0 1 .452-1.348l4.711-.732a.8.8 0 0 0 .602-.45l2.084-4.44a.8.8 0 0 1 1.45 0l2.084 4.44a.8.8 0 0 0 .602.45l4.711.732a.801.801 0 0 1 .452 1.349l-3.457 3.57a.8.8 0 0 0-.215.684l.801 4.987a.8.8 0 0 1-1.177.828l-4.14-2.287a.8.8 0 0 0-.773 0Z" fill="url(#star-gradient-:ds250:)"></path></svg><svg fill="none" xmlns="http://www.w3.org/2000/svg" viewBox="0 0 24 24" role="img" aria-hidden="true"><defs><linearGradient id="star-gradient-:ds251:" x1="0" y1="0" x2="1" y2="0"><stop offset="94.44%"></stop><stop offset="0%"></stop></linearGradient></defs><path d="M11.613 18.413 7.473 20.7a.8.8 0 0 1-1.177-.828l.802-4.987a.801.801 0 0 0-.215-.685l-3.457-3.57a.802.802 0 0 1 .452-1.348l4.711-.732a.8.8 0 0 0 .602-.45l2.084-4.44a.8.8 0 0 1 1.45 0l2.084 4.44a.8.8 0 0 0 .602.45l4.711.732a.801.801 0 0 1 .452 1.349l-3.457 3.57a.8.8 0 0 0-.215.684l.801 4.987a.8.8 0 0 1-1.177.828l-4.14-2.287a.8.8 0 0 0-.773 0Z" fill="url(#star-gradient-:ds251:)"></path></svg></div><div class="ds-c-rating__body"><span class="ds-c-rating__rating-content" aria-hidden="true">(18)</span></div></span></a></div></div></div></div><div class="pt__wrapper__bottom"><div class="pt__data-entry"></div><div class="pt__cost"><div data-testid="pt-retail-price-and-unit" class="pt__cost__retail-price__wrapper pt__cost__retail-price__wrapper--no-promo"><span class="pt__cost__retail-price" data-testid="pt-retail-price">£12.00</span><span data-testid="pt-unit-price" class="pt__cost__unit-price-per-measure">£3.03 / ltr</span></div></div></div></div><div class="pt__controls" data-testid="pt-control-buttons"><div class="pt-button"><button data-testid="add-button" aria-label="Add Corona Cero Alcohol Free Beer 12x330ml to trolley" class="ln-c-button ln-c-button--filled ln-c-button--full pt__add-button" type="button">Add</button></div></div></div></div><div class="pt__icons__fav"><div data-testid="fav_heart-tooltip" class="ln-c-tooltip"><div><button class="pt__icons__fav--cta" data-testid="favourite-icon-empty" aria-label="Add to favourites"><svg role="presentation" class="pt__icons__fav--icon-empty ln-c-icon" viewBox="0 0 24 24" xmlns="http://www.w3.org/2000/svg"><title>Favourites</title><path d="M12 9.04l-1.992-2.002a3.502 3.502 0 0 0-4.975-.003 3.579 3.579 0 0 0 .003 5.034l6.842 6.88a.17.17 0 0 0 .243 0l6.842-6.88a3.576 3.576 0 0 0 .003-5.034 3.505 3.505 0 0 0-4.975.003l-1.992 2.003zm0-2.836l.759-.755a5.505 5.505 0 0 1 7.625.176 5.576 5.576 0 0 1-.003 7.855l-6.842 6.88a2.17 2.17 0 0 1-3.08 0l-6.841-6.88a5.579 5.579 0 0 1-.003-7.855 5.502 5.502 0 0 1 7.625-.176l.76.755z" fill="currentColor"></path></svg></button></div><div aria-live="polite" aria-atomic="true" role="tooltip"></div></div></div></article></li><li class="pt-grid-item ln-o-grid__item ln-u-6/12@xs ln-u-1/3@sm ln-u-3/12@md ln-u-2/12@xl"><article data-testid="product-tile-7862207" class="ln-c-card pt pt-card"><div aria-hidden="true"><div class="product-details-title__tag"><span data-testid="nectar-price-label" class="promotional-tag--nectar">Nectar Price</span></div></div><div class="pt__content"><div class="pt__image-wrapper"><div><div class="pt-image__ribbon-wrapper"><a href="https://www.sainsburys.co.uk/gol-ui/product/brewdog-mixed-can-pack-12x330ml" class="pt-image pt-image__link" tabindex="-1" aria-hidden="true"><picture><source srcset="https://assets.sainsburys-groceries.co.uk/gol/7862207/image.webp" type="image/webp"><source srcset="https://assets.sainsburys-groceries.co.uk/gol/7862207/image.jpg" type="image/jpeg"><img title="BrewDog Mixed Beer Can Pack 12x330ml" src="https://assets.sainsburys-groceries.co.uk/gol/7862207/image.jpg" alt="BrewDog Mixed Beer Can Pack 12x330ml" aria-hidden="true" data-testid="pt-image"></picture></a></div></div><div class="product-header product-header--citrus">&nbsp;</div></div><div class="pt__wrapper"><div class="pt__wrapper-inner"><div class="pt__wrapper__top"><div class="pt__info"><div class="product-description-box"><div><h2 class="pt__info__description" data-testid="product-tile-description"><a href="https://www.sainsburys.co.uk/gol-ui/product/brewdog-mixed-can-pack-12x330ml" class="pt__link" title="BrewDog Mixed Beer Can Pack 12x330ml" aria-label="Nectar Price, BrewDog Mixed Beer Can Pack 12x330ml">BrewDog Mixed Beer Can Pack 12x330ml</a></h2></div></div><div class="star-rating-container"><div><a href="https://www.sainsburys.co.uk/gol-ui/product/brewdog-mixed-can-pack-12x330ml" class="star-rating-link" data-testid="star-rating" aria-label="3.8 out of 5, 6 reviews"><span class="ds-c-rating ds-c-rating--primary ds-c-rating--md" data-testid="review-count" data-pkgid="@sainsburys-tech/fable-3.53.0-rating"><div class="ds-c-rating__stars" role="img" title="Rating 3.8 out of 5" aria-label="Rating 3.8 out of 5, from 6 reviews"><svg fill="none" xmlns="http://www.w3.org/2000/svg" viewBox="0 0 24 24" role="img" aria-hidden="true"><defs><linearGradient id="star-gradient-:ds252:" x1="0" y1="0" x2="1" y2="0"><stop offset="100%"></stop><stop offset="0%"></stop></linearGradient></defs><path d="M11.613 18.413 7.473 20.7a.8.8 0 0 1-1.177-.828l.802-4.987a.801.801 0 0 0-.215-.685l-3.457-3.57a.802.802 0 0 1 .452-1.348l4.711-.732a.8.8 0 0 0 .602-.45l2.084-4.44a.8.8 0 0 1 1.45 0l2.084 4.44a.8.8 0 0 0 .602.45l4.711.732a.801.801 0 0 1 .452 1.349l-3.457 3.57a.8.8 0 0 0-.215.684l.801 4.987a.8.8 0 0 1-1.177.828l-4.14-2.287a.8.8 0 0 0-.773 0Z" fill="url(#star-gradient-:ds252:)"></path></svg><svg fill="none" xmlns="http://www.w3.org/2000/svg" viewBox="0 0 24 24" role="img" aria-hidden="true"><defs><linearGradient id="star-gradient-:ds253:" x1="0" y1="0" x2="1" y2="0"><stop offset="100%"></stop><stop offset="0%"></stop></linearGradient></defs><path d="M11.613 18.413 7.473 20.7a.8.8 0 0 1-1.177-.828l.802-4.987a.801.801 0 0 0-.215-.685l-3.457-3.57a.802.802 0 0 1 .452-1.348l4.711-.732a.8.8 0 0 0 .602-.45l2.084-4.44a.8.8 0 0 1 1.45 0l2.084 4.44a.8.8 0 0 0 .602.45l4.711.732a.801.801 0 0 1 .452 1.349l-3.457 3.57a.8.8 0 0 0-.215.684l.801 4.987a.8.8 0 0 1-1.177.828l-4.14-2.287a.8.8 0 0 0-.773 0Z" fill="url(#star-gradient-:ds253:)"></path></svg><svg fill="none" xmlns="http://www.w3.org/2000/svg" viewBox="0 0 24 24" role="img" aria-hidden="true"><defs><linearGradient id="star-gradient-:ds254:" x1="0" y1="0" x2="1" y2="0"><stop offset="100%"></stop><stop offset="0%"></stop></linearGradient></defs><path d="M11.613 18.413 7.473 20.7a.8.8 0 0 1-1.177-.828l.802-4.987a.801.801 0 0 0-.215-.685l-3.457-3.57a.802.802 0 0 1 .452-1.348l4.711-.732a.8.8 0 0 0 .602-.45l2.084-4.44a.8.8 0 0 1 1.45 0l2.084 4.44a.8.8 0 0 0 .602.45l4.711.732a.801.801 0 0 1 .452 1.349l-3.457 3.57a.8.8 0 0 0-.215.684l.801 4.987a.8.8 0 0 1-1.177.828l-4.14-2.287a.8.8 0 0 0-.773 0Z" fill="url(#star-gradient-:ds254:)"></path></svg><svg fill="none" xmlns="http://www.w3.org/2000/svg" viewBox="0 0 24 24" role="img" aria-hidden="true"><defs><linearGradient id="star-gradient-:ds255:" x1="0" y1="0" x2="1" y2="0"><stop offset="83.33%"></stop><stop offset="0%"></stop></linearGradient></defs><path d="M11.613 18.413 7.473 20.7a.8.8 0 0 1-1.177-.828l.802-4.987a.801.801 0 0 0-.215-.685l-3.457-3.57a.802.802 0 0 1 .452-1.348l4.711-.732a.8.8 0 0 0 .602-.45l2.084-4.44a.8.8 0 0 1 1.45 0l2.084 4.44a.8.8 0 0 0 .602.45l4.711.732a.801.801 0 0 1 .452 1.349l-3.457 3.57a.8.8 0 0 0-.215.684l.801 4.987a.8.8 0 0 1-1.177.828l-4.14-2.287a.8.8 0 0 0-.773 0Z" fill="url(#star-gradient-:ds255:)"></path></svg><svg fill="none" xmlns="http://www.w3.org/2000/svg" viewBox="0 0 24 24" role="img" aria-hidden="true"><defs><linearGradient id="star-gradient-:ds256:" x1="0" y1="0" x2="1" y2="0"><stop offset="0%"></stop><stop offset="0%"></stop></linearGradient></defs><path d="M11.613 18.413 7.473 20.7a.8.8 0 0 1-1.177-.828l.802-4.987a.801.801 0 0 0-.215-.685l-3.457-3.57a.802.802 0 0 1 .452-1.348l4.711-.732a.8.8 0 0 0 .602-.45l2.084-4.44a.8.8 0 0 1 1.45 0l2.084 4.44a.8.8 0 0 0 .602.45l4.711.732a.801.801 0 0 1 .452 1.349l-3.457 3.57a.8.8 0 0 0-.215.684l.801 4.987a.8.8 0 0 1-1.177.828l-4.14-2.287a.8.8 0 0 0-.773 0Z" fill="url(#star-gradient-:ds256:)"></path></svg></div><div class="ds-c-rating__body"><span class="ds-c-rating__rating-content" aria-hidden="true">(6)</span></div></span></a></div></div></div></div><div class="pt__wrapper__bottom"><div class="pt__data-entry"></div><div class="pt__cost"><div class="pt__cost__contextual--wrapper" data-testid="whole-contextual-price"><span data-testid="contextual-price" class="pt__cost__contextual pt__cost__contextual--with-nectar-not-associated"><span class="pt__cost--price" data-testid="contextual-price-text">£14.00</span></span><span data-testid="text-with-nectar" class="pt__with-or-without-nectar">with Nectar</span></div><div data-testid="pt-retail-price-and-unit" class="pt__cost__retail-price__wrapper"><span class="pt__cost__retail-price pt__cost__retail-price--with-nectar-not-associated" data-testid="pt-retail-price">£16.50</span><span data-testid="pt-unit-price" class="pt__cost__unit-price-per-measure">£4.17 / ltr</span></div></div></div></div><div class="pt__controls" data-testid="pt-control-buttons"><div class="pt-button"><button data-testid="add-button" aria-label="Add BrewDog Mixed Beer Can Pack 12x330ml to trolley" class="ln-c-button ln-c-button--filled ln-c-button--full pt__add-button" type="button">Add</button></div></div></div></div><div class="pt__icons__fav"><div data-testid="fav_heart-tooltip" class="ln-c-tooltip"><div><button class="pt__icons__fav--cta" data-testid="favourite-icon-empty" aria-label="Add to favourites"><svg role="presentation" class="pt__icons__fav--icon-empty ln-c-icon" viewBox="0 0 24 24" xmlns="http://www.w3.org/2000/svg"><title>Favourites</title><path d="M12 9.04l-1.992-2.002a3.502 3.502 0 0 0-4.975-.003 3.579 3.579 0 0 0 .003 5.034l6.842 6.88a.17.17 0 0 0 .243 0l6.842-6.88a3.576 3.576 0 0 0 .003-5.034 3.505 3.505 0 0 0-4.975.003l-1.992 2.003zm0-2.836l.759-.755a5.505 5.505 0 0 1 7.625.176 5.576 5.576 0 0 1-.003 7.855l-6.842 6.88a2.17 2.17 0 0 1-3.08 0l-6.841-6.88a5.579 5.579 0 0 1-.003-7.855 5.502 5.502 0 0 1 7.625-.176l.76.755z" fill="currentColor"></path></svg></button></div><div aria-live="polite" aria-atomic="true" role="tooltip"></div></div></div></article></li><li class="pt-grid-item ln-o-grid__item ln-u-6/12@xs ln-u-1/3@sm ln-u-3/12@md ln-u-2/12@xl"><article data-testid="product-tile-2502144" class="ln-c-card pt pt-card"><div aria-hidden="true"></div><div class="pt__content"><div class="pt__image-wrapper"><div><div class="pt-image__ribbon-wrapper"><a href="https://www.sainsburys.co.uk/gol-ui/product/london-pride-ale-4x500ml" class="pt-image pt-image__link" tabindex="-1" aria-hidden="true"><picture><source srcset="https://assets.sainsburys-groceries.co.uk/gol/2502144/image.webp" type="image/webp"><source srcset="https://assets.sainsburys-groceries.co.uk/gol/2502144/image.jpg" type="image/jpeg"><img title="Fuller's London Pride 4.7% Amber Ale Beer Cans 4x500ml" src="https://assets.sainsburys-groceries.co.uk/gol/2502144/image.jpg" alt="Fuller's London Pride 4.7% Amber Ale Beer Cans 4x500ml" aria-hidden="true" data-testid="pt-image"></picture></a></div></div><div class="product-header product-header--citrus">&nbsp;</div></div><div class="pt__wrapper"><div class="pt__wrapper-inner"><div class="pt__wrapper__top"><div class="pt__info"><div class="product-description-box"><div><h2 class="pt__info__description" data-testid="product-tile-description"><a href="https://www.sainsburys.co.uk/gol-ui/product/london-pride-ale-4x500ml" class="pt__link" title="Fuller's London Pride 4.7% Amber Ale Beer Cans 4x500ml" aria-label="Fuller's London Pride 4.7% Amber Ale Beer Cans 4x500ml">Fuller's London Pride 4.7% Amber Ale Beer Cans 4x500ml</a></h2></div></div><div class="star-rating-container"><div><a href="https://www.sainsburys.co.uk/gol-ui/product/london-pride-ale-4x500ml" class="star-rating-link" data-testid="star-rating" aria-label="4.5 out of 5, 13 reviews"><span class="ds-c-rating ds-c-rating--primary ds-c-rating--md" data-testid="review-count" data-pkgid="@sainsburys-tech/fable-3.53.0-rating"><div class="ds-c-rating__stars" role="img" title="Rating 4.5 out of 5" aria-label="Rating 4.5 out of 5, from 13 reviews"><svg fill="none" xmlns="http://www.w3.org/2000/svg" viewBox="0 0 24 24" role="img" aria-hidden="true"><defs><linearGradient id="star-gradient-:ds257:" x1="0" y1="0" x2="1" y2="0"><stop offset="100%"></stop><stop offset="0%"></stop></linearGradient></defs><path d="M11.613 18.413 7.473 20.7a.8.8 0 0 1-1.177-.828l.802-4.987a.801.801 0 0 0-.215-.685l-3.457-3.57a.802.802 0 0 1 .452-1.348l4.711-.732a.8.8 0 0 0 .602-.45l2.084-4.44a.8.8 0 0 1 1.45 0l2.084 4.44a.8.8 0 0 0 .602.45l4.711.732a.801.801 0 0 1 .452 1.349l-3.457 3.57a.8.8 0 0 0-.215.684l.801 4.987a.8.8 0 0 1-1.177.828l-4.14-2.287a.8.8 0 0 0-.773 0Z" fill="url(#star-gradient-:ds257:)"></path></svg><svg fill="none" xmlns="http://www.w3.org/2000/svg" viewBox="0 0 24 24" role="img" aria-hidden="true"><defs><linearGradient id="star-gradient-:ds258:" x1="0" y1="0" x2="1" y2="0"><stop offset="100%"></stop><stop offset="0%"></stop></linearGradient></defs><path d="M11.613 18.413 7.473 20.7a.8.8 0 0 1-1.177-.828l.802-4.987a.801.801 0 0 0-.215-.685l-3.457-3.57a.802.802 0 0 1 .452-1.348l4.711-.732a.8.8 0 0 0 .602-.45l2.084-4.44a.8.8 0 0 1 1.45 0l2.084 4.44a.8.8 0 0 0 .602.45l4.711.732a.801.801 0 0 1 .452 1.349l-3.457 3.57a.8.8 0 0 0-.215.684l.801 4.987a.8.8 0 0 1-1.177.828l-4.14-2.287a.8.8 0 0 0-.773 0Z" fill="url(#star-gradient-:ds258:)"></path></svg><svg fill="none" xmlns="http://www.w3.org/2000/svg" viewBox="0 0 24 24" role="img" aria-hidden="true"><defs><linearGradient id="star-gradient-:ds259:" x1="0" y1="0" x2="1" y2="0"><stop offset="100%"></stop><stop offset="0%"></stop></linearGradient></defs><path d="M11.613 18.413 7.473 20.7a.8.8 0 0 1-1.177-.828l.802-4.987a.801.801 0 0 0-.215-.685l-3.457-3.57a.802.802 0 0 1 .452-1.348l4.711-.732a.8.8 0 0 0 .602-.45l2.084-4.44a.8.8 0 0 1 1.45 0l2.084 4.44a.8.8 0 0 0 .602.45l4.711.732a.801.801 0 0 1 .452 1.349l-3.457 3.57a.8.8 0 0 0-.215.684l.801 4.987a.8.8 0 0 1-1.177.828l-4.14-2.287a.8.8 0 0 0-.773 0Z" fill="url(#star-gradient-:ds259:)"></path></svg><svg fill="none" xmlns="http://www.w3.org/2000/svg" viewBox="0 0 24 24" role="img" aria-hidden="true"><defs><linearGradient id="star-gradient-:ds260:" x1="0" y1="0" x2="1" y2="0"><stop offset="100%"></stop><stop offset="0%"></stop></linearGradient></defs><path d="M11.613 18.413 7.473 20.7a.8.8 0 0 1-1.177-.828l.802-4.987a.801.801 0 0 0-.215-.685l-3.457-3.57a.802.802 0 0 1 .452-1.348l4.711-.732a.8.8 0 0 0 .602-.45l2.084-4.44a.8.8 0 0 1 1.45 0l2.084 4.44a.8.8 0 0 0 .602.45l4.711.732a.801.801 0 0 1 .452 1.349l-3.457 3.57a.8.8 0 0 0-.215.684l.801 4.987a.8.8 0 0 1-1.177.828l-4.14-2.287a.8.8 0 0 0-.773 0Z" fill="url(#star-gradient-:ds260:)"></path></svg><svg fill="none" xmlns="http://www.w3.org/2000/svg" viewBox="0 0 24 24" role="img" aria-hidden="true"><defs><linearGradient id="star-gradient-:ds261:" x1="0" y1="0" x2="1" y2="0"><stop offset="53.849999999999994%"></stop><stop offset="0%"></stop></linearGradient></defs><path d="M11.613 18.413 7.473 20.7a.8.8 0 0 1-1.177-.828l.802-4.987a.801.801 0 0 0-.215-.685l-3.457-3.57a.802.802 0 0 1 .452-1.348l4.711-.732a.8.8 0 0 0 .602-.45l2.084-4.44a.8.8 0 0 1 1.45 0l2.084 4.44a.8.8 0 0 0 .602.45l4.711.732a.801.801 0 0 1 .452 1.349l-3.457 3.57a.8.8 0 0 0-.215.684l.801 4.987a.8.8 0 0 1-1.177.828l-4.14-2.287a.8.8 0 0 0-.773 0Z" fill="url(#star-gradient-:ds261:)"></path></svg></div><div class="ds-c-rating__body"><span class="ds-c-rating__rating-content" aria-hidden="true">(13)</span></div></span></a></div></div></div></div><div class="pt__wrapper__bottom"><div class="pt__data-entry"></div><div class="pt__cost"><div data-testid="pt-retail-price-and-unit" class="pt__cost__retail-price__wrapper pt__cost__retail-price__wrapper--no-promo"><span class="pt__cost__retail-price" data-testid="pt-retail-price">£6.50</span><span data-testid="pt-unit-price" class="pt__cost__unit-price-per-measure">£3.25 / ltr</span></div></div></div></div><div class="pt__controls" data-testid="pt-control-buttons"><div class="pt-button"><button data-testid="add-button" aria-label="Add Fuller's London Pride 4.7% Amber Ale Beer Cans 4x500ml to trolley" class="ln-c-button ln-c-button--filled ln-c-button--full pt__add-button" type="button">Add</button></div></div></div></div><div class="pt__icons__fav"><div data-testid="fav_heart-tooltip" class="ln-c-tooltip"><div><button class="pt__icons__fav--cta" data-testid="favourite-icon-empty" aria-label="Add to favourites"><svg role="presentation" class="pt__icons__fav--icon-empty ln-c-icon" viewBox="0 0 24 24" xmlns="http://www.w3.org/2000/svg"><title>Favourites</title><path d="M12 9.04l-1.992-2.002a3.502 3.502 0 0 0-4.975-.003 3.579 3.579 0 0 0 .003 5.034l6.842 6.88a.17.17 0 0 0 .243 0l6.842-6.88a3.576 3.576 0 0 0 .003-5.034 3.505 3.505 0 0 0-4.975.003l-1.992 2.003zm0-2.836l.759-.755a5.505 5.505 0 0 1 7.625.176 5.576 5.576 0 0 1-.003 7.855l-6.842 6.88a2.17 2.17 0 0 1-3.08 0l-6.841-6.88a5.579 5.579 0 0 1-.003-7.855 5.502 5.502 0 0 1 7.625-.176l.76.755z" fill="currentColor"></path></svg></button></div><div aria-live="polite" aria-atomic="true" role="tooltip"></div></div></div></article></li><li class="pt-grid-item ln-o-grid__item ln-u-6/12@xs ln-u-1/3@sm ln-u-3/12@md ln-u-2/12@xl"><article data-testid="product-tile-8156443" class="ln-c-card pt pt-card"><div aria-hidden="true"><div class="product-details-title__tag"><span data-testid="nectar-price-label" class="promotional-tag--nectar">Nectar Price</span></div></div><div class="pt__content"><div class="pt__image-wrapper"><div><div class="pt-image__ribbon-wrapper"><a href="https://www.sainsburys.co.uk/gol-ui/product/guinness-draught-in-can-stout-beer-12x440ml" class="pt-image pt-image__link" tabindex="-1" aria-hidden="true"><picture><source srcset="https://assets.sainsburys-groceries.co.uk/gol/8156443/image.webp" type="image/webp"><source srcset="https://assets.sainsburys-groceries.co.uk/gol/8156443/image.jpg" type="image/jpeg"><img title="Guinness Draught In Can Stout Beer 12x440ml" src="https://assets.sainsburys-groceries.co.uk/gol/8156443/image.jpg" alt="Guinness Draught In Can Stout Beer 12x440ml" aria-hidden="true" data-testid="pt-image"></picture></a></div></div><div class="product-header product-header--citrus">&nbsp;</div></div><div class="pt__wrapper"><div class="pt__wrapper-inner"><div class="pt__wrapper__top"><div class="pt__info"><div class="product-description-box"><div><h2 class="pt__info__description" data-testid="product-tile-description"><a href="https://www.sainsburys.co.uk/gol-ui/product/guinness-draught-in-can-stout-beer-12x440ml" class="pt__link" title="Guinness Draught In Can Stout Beer 12x440ml" aria-label="Nectar Price, Guinness Draught In Can Stout Beer 12x440ml">Guinness Draught In Can Stout Beer 12x440ml</a></h2></div></div><div class="star-rating-container"><div><a href="https://www.sainsburys.co.uk/gol-ui/product/guinness-draught-in-can-stout-beer-12x440ml" class="star-rating-link" data-testid="star-rating" aria-label="4.6 out of 5, 30 reviews"><span class="ds-c-rating ds-c-rating--primary ds-c-rating--md" data-testid="review-count" data-pkgid="@sainsburys-tech/fable-3.53.0-rating"><div class="ds-c-rating__stars" role="img" title="Rating 4.6 out of 5" aria-label="Rating 4.6 out of 5, from 30 reviews"><svg fill="none" xmlns="http://www.w3.org/2000/svg" viewBox="0 0 24 24" role="img" aria-hidden="true"><defs><linearGradient id="star-gradient-:ds262:" x1="0" y1="0" x2="1" y2="0"><stop offset="100%"></stop><stop offset="0%"></stop></linearGradient></defs><path d="M11.613 18.413 7.473 20.7a.8.8 0 0 1-1.177-.828l.802-4.987a.801.801 0 0 0-.215-.685l-3.457-3.57a.802.802 0 0 1 .452-1.348l4.711-.732a.8.8 0 0 0 .602-.45l2.084-4.44a.8.8 0 0 1 1.45 0l2.084 4.44a.8.8 0 0 0 .602.45l4.711.732a.801.801 0 0 1 .452 1.349l-3.457 3.57a.8.8 0 0 0-.215.684l.801 4.987a.8.8 0 0 1-1.177.828l-4.14-2.287a.8.8 0 0 0-.773 0Z" fill="url(#star-gradient-:ds262:)"></path></svg><svg fill="none" xmlns="http://www.w3.org/2000/svg" viewBox="0 0 24 24" role="img" aria-hidden="true"><defs><linearGradient id="star-gradient-:ds263:" x1="0" y1="0" x2="1" y2="0"><stop offset="100%"></stop><stop offset="0%"></stop></linearGradient></defs><path d="M11.613 18.413 7.473 20.7a.8.8 0 0 1-1.177-.828l.802-4.987a.801.801 0 0 0-.215-.685l-3.457-3.57a.802.802 0 0 1 .452-1.348l4.711-.732a.8.8 0 0 0 .602-.45l2.084-4.44a.8.8 0 0 1 1.45 0l2.084 4.44a.8.8 0 0 0 .602.45l4.711.732a.801.801 0 0 1 .452 1.349l-3.457 3.57a.8.8 0 0 0-.215.684l.801 4.987a.8.8 0 0 1-1.177.828l-4.14-2.287a.8.8 0 0 0-.773 0Z" fill="url(#star-gradient-:ds263:)"></path></svg><svg fill="none" xmlns="http://www.w3.org/2000/svg" viewBox="0 0 24 24" role="img" aria-hidden="true"><defs><linearGradient id="star-gradient-:ds264:" x1="0" y1="0" x2="1" y2="0"><stop offset="100%"></stop><stop offset="0%"></stop></linearGradient></defs><path d="M11.613 18.413 7.473 20.7a.8.8 0 0 1-1.177-.828l.802-4.987a.801.801 0 0 0-.215-.685l-3.457-3.57a.802.802 0 0 1 .452-1.348l4.711-.732a.8.8 0 0 0 .602-.45l2.084-4.44a.8.8 0 0 1 1.45 0l2.084 4.44a.8.8 0 0 0 .602.45l4.711.732a.801.801 0 0 1 .452 1.349l-3.457 3.57a.8.8 0 0 0-.215.684l.801 4.987a.8.8 0 0 1-1.177.828l-4.14-2.287a.8.8 0 0 0-.773 0Z" fill="url(#star-gradient-:ds264:)"></path></svg><svg fill="none" xmlns="http://www.w3.org/2000/svg" viewBox="0 0 24 24" role="img" aria-hidden="true"><defs><linearGradient id="star-gradient-:ds265:" x1="0" y1="0" x2="1" y2="0"><stop offset="100%"></stop><stop offset="0%"></stop></linearGradient></defs><path d="M11.613 18.413 7.473 20.7a.8.8 0 0 1-1.177-.828l.802-4.987a.801.801 0 0 0-.215-.685l-3.457-3.57a.802.802 0 0 1 .452-1.348l4.711-.732a.8.8 0 0 0 .602-.45l2.084-4.44a.8.8 0 0 1 1.45 0l2.084 4.44a.8.8 0 0 0 .602.45l4.711.732a.801.801 0 0 1 .452 1.349l-3.457 3.57a.8.8 0 0 0-.215.684l.801 4.987a.8.8 0 0 1-1.177.828l-4.14-2.287a.8.8 0 0 0-.773 0Z" fill="url(#star-gradient-:ds265:)"></path></svg><svg fill="none" xmlns="http://www.w3.org/2000/svg" viewBox="0 0 24 24" role="img" aria-hidden="true"><defs><linearGradient id="star-gradient-:ds266:" x1="0" y1="0" x2="1" y2="0"><stop offset="63.33000000000002%"></stop><stop offset="0%"></stop></linearGradient></defs><path d="M11.613 18.413 7.473 20.7a.8.8 0 0 1-1.177-.828l.802-4.987a.801.801 0 0 0-.215-.685l-3.457-3.57a.802.802 0 0 1 .452-1.348l4.711-.732a.8.8 0 0 0 .602-.45l2.084-4.44a.8.8 0 0 1 1.45 0l2.084 4.44a.8.8 0 0 0 .602.45l4.711.732a.801.801 0 0 1 .452 1.349l-3.457 3.57a.8.8 0 0 0-.215.684l.801 4.987a.8.8 0 0 1-1.177.828l-4.14-2.287a.8.8 0 0 0-.773 0Z" fill="url(#star-gradient-:ds266:)"></path></svg></div><div class="ds-c-rating__body"><span class="ds-c-rating__rating-content" aria-hidden="true">(30)</span></div></span></a></div></div></div></div><div class="pt__wrapper__bottom"><div class="pt__data-entry"></div><div class="pt__cost"><div class="pt__cost__contextual--wrapper" data-testid="whole-contextual-price"><span data-testid="contextual-price" class="pt__cost__contextual pt__cost__contextual--with-nectar-not-associated"><span class="pt__cost--price" data-testid="contextual-price-text">£14.50</span></span><span data-testid="text-with-nectar" class="pt__with-or-without-nectar">with Nectar</span></div><div data-testid="pt-retail-price-and-unit" class="pt__cost__retail-price__wrapper"><span class="pt__cost__retail-price pt__cost__retail-price--with-nectar-not-associated" data-testid="pt-retail-price">£17.00</span><span data-testid="pt-unit-price" class="pt__cost__unit-price-per-measure">£3.22 / ltr</span></div></div></div></div><div class="pt__controls" data-testid="pt-control-buttons"><div class="pt-button"><button data-testid="add-button" aria-label="Add Guinness Draught In Can Stout Beer 12x440ml to trolley" class="ln-c-button ln-c-button--filled ln-c-button--full pt__add-button" type="button">Add</button></div></div></div></div><div class="pt__icons__fav"><div data-testid="fav_heart-tooltip" class="ln-c-tooltip"><div><button class="pt__icons__fav--cta" data-testid="favourite-icon-empty" aria-label="Add to favourites"><svg role="presentation" class="pt__icons__fav--icon-empty ln-c-icon" viewBox="0 0 24 24" xmlns="http://www.w3.org/2000/svg"><title>Favourites</title><path d="M12 9.04l-1.992-2.002a3.502 3.502 0 0 0-4.975-.003 3.579 3.579 0 0 0 .003 5.034l6.842 6.88a.17.17 0 0 0 .243 0l6.842-6.88a3.576 3.576 0 0 0 .003-5.034 3.505 3.505 0 0 0-4.975.003l-1.992 2.003zm0-2.836l.759-.755a5.505 5.505 0 0 1 7.625.176 5.576 5.576 0 0 1-.003 7.855l-6.842 6.88a2.17 2.17 0 0 1-3.08 0l-6.841-6.88a5.579 5.579 0 0 1-.003-7.855 5.502 5.502 0 0 1 7.625-.176l.76.755z" fill="currentColor"></path></svg></button></div><div aria-live="polite" aria-atomic="true" role="tooltip"></div></div></div></article></li><li class="pt-grid-item ln-o-grid__item ln-u-6/12@xs ln-u-1/3@sm ln-u-3/12@md ln-u-2/12@xl"><article data-testid="product-tile-7093148" class="ln-c-card pt pt-card"><div aria-hidden="true"></div><div class="pt__content"><div class="pt__image-wrapper"><div><div class="pt-image__ribbon-wrapper"><a href="https://www.sainsburys.co.uk/gol-ui/product/crabbies-original-ginger-beer-500ml" class="pt-image pt-image__link" tabindex="-1" aria-hidden="true"><picture><source srcset="https://assets.sainsburys-groceries.co.uk/gol/7093148/image.webp" type="image/webp"><source srcset="https://assets.sainsburys-groceries.co.uk/gol/7093148/image.jpg" type="image/jpeg"><img title="Crabbies Original Alcoholic Ginger Beer 500ml" src="https://assets.sainsburys-groceries.co.uk/gol/7093148/image.jpg" alt="Crabbies Original Alcoholic Ginger Beer 500ml" aria-hidden="true" data-testid="pt-image"></picture></a></div></div><div class="product-header product-header--citrus">&nbsp;</div></div><div class="pt__wrapper"><div class="pt__wrapper-inner"><div class="pt__wrapper__top"><div class="pt__info"><div class="product-description-box"><div><h2 class="pt__info__description" data-testid="product-tile-description"><a href="https://www.sainsburys.co.uk/gol-ui/product/crabbies-original-ginger-beer-500ml" class="pt__link" title="Crabbies Original Alcoholic Ginger Beer 500ml" aria-label="Crabbies Original Alcoholic Ginger Beer 500ml">Crabbies Original Alcoholic Ginger Beer 500ml</a></h2></div></div><div class="star-rating-container"><div><a href="https://www.sainsburys.co.uk/gol-ui/product/crabbies-original-ginger-beer-500ml" class="star-rating-link" data-testid="star-rating" aria-label="4.8 out of 5, 14 reviews"><span class="ds-c-rating ds-c-rating--primary ds-c-rating--md" data-testid="review-count" data-pkgid="@sainsburys-tech/fable-3.53.0-rating"><div class="ds-c-rating__stars" role="img" title="Rating 4.8 out of 5" aria-label="Rating 4.8 out of 5, from 14 reviews"><svg fill="none" xmlns="http://www.w3.org/2000/svg" viewBox="0 0 24 24" role="img" aria-hidden="true"><defs><linearGradient id="star-gradient-:ds267:" x1="0" y1="0" x2="1" y2="0"><stop offset="100%"></stop><stop offset="0%"></stop></linearGradient></defs><path d="M11.613 18.413 7.473 20.7a.8.8 0 0 1-1.177-.828l.802-4.987a.801.801 0 0 0-.215-.685l-3.457-3.57a.802.802 0 0 1 .452-1.348l4.711-.732a.8.8 0 0 0 .602-.45l2.084-4.44a.8.8 0 0 1 1.45 0l2.084 4.44a.8.8 0 0 0 .602.45l4.711.732a.801.801 0 0 1 .452 1.349l-3.457 3.57a.8.8 0 0 0-.215.684l.801 4.987a.8.8 0 0 1-1.177.828l-4.14-2.287a.8.8 0 0 0-.773 0Z" fill="url(#star-gradient-:ds267:)"></path></svg><svg fill="none" xmlns="http://www.w3.org/2000/svg" viewBox="0 0 24 24" role="img" aria-hidden="true"><defs><linearGradient id="star-gradient-:ds268:" x1="0" y1="0" x2="1" y2="0"><stop offset="100%"></stop><stop offset="0%"></stop></linearGradient></defs><path d="M11.613 18.413 7.473 20.7a.8.8 0 0 1-1.177-.828l.802-4.987a.801.801 0 0 0-.215-.685l-3.457-3.57a.802.802 0 0 1 .452-1.348l4.711-.732a.8.8 0 0 0 .602-.45l2.084-4.44a.8.8 0 0 1 1.45 0l2.084 4.44a.8.8 0 0 0 .602.45l4.711.732a.801.801 0 0 1 .452 1.349l-3.457 3.57a.8.8 0 0 0-.215.684l.801 4.987a.8.8 0 0 1-1.177.828l-4.14-2.287a.8.8 0 0 0-.773 0Z" fill="url(#star-gradient-:ds268:)"></path></svg><svg fill="none" xmlns="http://www.w3.org/2000/svg" viewBox="0 0 24 24" role="img" aria-hidden="true"><defs><linearGradient id="star-gradient-:ds269:" x1="0" y1="0" x2="1" y2="0"><stop offset="100%"></stop><stop offset="0%"></stop></linearGradient></defs><path d="M11.613 18.413 7.473 20.7a.8.8 0 0 1-1.177-.828l.802-4.987a.801.801 0 0 0-.215-.685l-3.457-3.57a.802.802 0 0 1 .452-1.348l4.711-.732a.8.8 0 0 0 .602-.45l2.084-4.44a.8.8 0 0 1 1.45 0l2.084 4.44a.8.8 0 0 0 .602.45l4.711.732a.801.801 0 0 1 .452 1.349l-3.457 3.57a.8.8 0 0 0-.215.684l.801 4.987a.8.8 0 0 1-1.177.828l-4.14-2.287a.8.8 0 0 0-.773 0Z" fill="url(#star-gradient-:ds269:)"></path></svg><svg fill="none" xmlns="http://www.w3.org/2000/svg" viewBox="0 0 24 24" role="img" aria-hidden="true"><defs><linearGradient id="star-gradient-:ds270:" x1="0" y1="0" x2="1" y2="0"><stop offset="100%"></stop><stop offset="0%"></stop></linearGradient></defs><path d="M11.613 18.413 7.473 20.7a.8.8 0 0 1-1.177-.828l.802-4.987a.801.801 0 0 0-.215-.685l-3.457-3.57a.802.802 0 0 1 .452-1.348l4.711-.732a.8.8 0 0 0 .602-.45l2.084-4.44a.8.8 0 0 1 1.45 0l2.084 4.44a.8.8 0 0 0 .602.45l4.711.732a.801.801 0 0 1 .452 1.349l-3.457 3.57a.8.8 0 0 0-.215.684l.801 4.987a.8.8 0 0 1-1.177.828l-4.14-2.287a.8.8 0 0 0-.773 0Z" fill="url(#star-gradient-:ds270:)"></path></svg><svg fill="none" xmlns="http://www.w3.org/2000/svg" viewBox="0 0 24 24" role="img" aria-hidden="true"><defs><linearGradient id="star-gradient-:ds271:" x1="0" y1="0" x2="1" y2="0"><stop offset="78.57000000000002%"></stop><stop offset="0%"></stop></linearGradient></defs><path d="M11.613 18.413 7.473 20.7a.8.8 0 0 1-1.177-.828l.802-4.987a.801.801 0 0 0-.215-.685l-3.457-3.57a.802.802 0 0 1 .452-1.348l4.711-.732a.8.8 0 0 0 .602-.45l2.084-4.44a.8.8 0 0 1 1.45 0l2.084 4.44a.8.8 0 0 0 .602.45l4.711.732a.801.801 0 0 1 .452 1.349l-3.457 3.57a.8.8 0 0 0-.215.684l.801 4.987a.8.8 0 0 1-1.177.828l-4.14-2.287a.8.8 0 0 0-.773 0Z" fill="url(#star-gradient-:ds271:)"></path></svg></div><div class="ds-c-rating__body"><span class="ds-c-rating__rating-content" aria-hidden="true">(14)</span></div></span></a></div></div></div></div><div class="pt__wrapper__bottom"><div class="pt__data-entry"></div><div class="pt__cost"><div data-testid="pt-retail-price-and-unit" class="pt__cost__retail-price__wrapper pt__cost__retail-price__wrapper--no-promo"><span class="pt__cost__retail-price" data-testid="pt-retail-price">£1.80</span><span data-testid="pt-unit-price" class="pt__cost__unit-price-per-measure">£3.60 / ltr</span></div></div></div></div><div class="pt__controls" data-testid="pt-control-buttons"><div class="pt-button"><button data-testid="add-button" aria-label="Add Crabbies Original Alcoholic Ginger Beer 500ml to trolley" class="ln-c-button ln-c-button--filled ln-c-button--full pt__add-button" type="button">Add</button></div></div></div></div><div class="pt__icons__fav"><div data-testid="fav_heart-tooltip" class="ln-c-tooltip"><div><button class="pt__icons__fav--cta" data-testid="favourite-icon-empty" aria-label="Add to favourites"><svg role="presentation" class="pt__icons__fav--icon-empty ln-c-icon" viewBox="0 0 24 24" xmlns="http://www.w3.org/2000/svg"><title>Favourites</title><path d="M12 9.04l-1.992-2.002a3.502 3.502 0 0 0-4.975-.003 3.579 3.579 0 0 0 .003 5.034l6.842 6.88a.17.17 0 0 0 .243 0l6.842-6.88a3.576 3.576 0 0 0 .003-5.034 3.505 3.505 0 0 0-4.975.003l-1.992 2.003zm0-2.836l.759-.755a5.505 5.505 0 0 1 7.625.176 5.576 5.576 0 0 1-.003 7.855l-6.842 6.88a2.17 2.17 0 0 1-3.08 0l-6.841-6.88a5.579 5.579 0 0 1-.003-7.855 5.502 5.502 0 0 1 7.625-.176l.76.755z" fill="currentColor"></path></svg></button></div><div aria-live="polite" aria-atomic="true" role="tooltip"></div></div></div></article></li><li class="pt-grid-item ln-o-grid__item ln-u-6/12@xs ln-u-1/3@sm ln-u-3/12@md ln-u-2/12@xl"><article data-testid="product-tile-6500558" class="ln-c-card pt pt-card"><div aria-hidden="true"></div><div class="pt__content"><div class="pt__image-wrapper"><div><div class="pt-image__ribbon-wrapper"><a href="https://www.sainsburys.co.uk/gol-ui/product/erdinger-weissbier-wheat-beer-bottle-500ml" class="pt-image pt-image__link" tabindex="-1" aria-hidden="true"><picture><source srcset="https://assets.sainsburys-groceries.co.uk/gol/6500558/image.webp" type="image/webp"><source srcset="https://assets.sainsburys-groceries.co.uk/gol/6500558/image.jpg" type="image/jpeg"><img title="Erdinger Weissbier Wheat Beer Bottle 500ml" src="https://assets.sainsburys-groceries.co.uk/gol/6500558/image.jpg" alt="Erdinger Weissbier Wheat Beer Bottle 500ml" aria-hidden="true" data-testid="pt-image"></picture></a></div></div><div class="product-header product-header--citrus">&nbsp;</div></div><div class="pt__wrapper"><div class="pt__wrapper-inner"><div class="pt__wrapper__top"><div class="pt__info"><div class="product-description-box"><div><h2 class="pt__info__description" data-testid="product-tile-description"><a href="https://www.sainsburys.co.uk/gol-ui/product/erdinger-weissbier-wheat-beer-bottle-500ml" class="pt__link" title="Erdinger Weissbier Wheat Beer Bottle 500ml" aria-label="Erdinger Weissbier Wheat Beer Bottle 500ml">Erdinger Weissbier Wheat Beer Bottle 500ml</a></h2></div></div><div class="star-rating-container"><div><a href="https://www.sainsburys.co.uk/gol-ui/product/erdinger-weissbier-wheat-beer-bottle-500ml" class="star-rating-link" data-testid="star-rating" aria-label="4.4 out of 5, 62 reviews"><span class="ds-c-rating ds-c-rating--primary ds-c-rating--md" data-testid="review-count" data-pkgid="@sainsburys-tech/fable-3.53.0-rating"><div class="ds-c-rating__stars" role="img" title="Rating 4.4 out of 5" aria-label="Rating 4.4 out of 5, from 62 reviews"><svg fill="none" xmlns="http://www.w3.org/2000/svg" viewBox="0 0 24 24" role="img" aria-hidden="true"><defs><linearGradient id="star-gradient-:ds272:" x1="0" y1="0" x2="1" y2="0"><stop offset="100%"></stop><stop offset="0%"></stop></linearGradient></defs><path d="M11.613 18.413 7.473 20.7a.8.8 0 0 1-1.177-.828l.802-4.987a.801.801 0 0 0-.215-.685l-3.457-3.57a.802.802 0 0 1 .452-1.348l4.711-.732a.8.8 0 0 0 .602-.45l2.084-4.44a.8.8 0 0 1 1.45 0l2.084 4.44a.8.8 0 0 0 .602.45l4.711.732a.801.801 0 0 1 .452 1.349l-3.457 3.57a.8.8 0 0 0-.215.684l.801 4.987a.8.8 0 0 1-1.177.828l-4.14-2.287a.8.8 0 0 0-.773 0Z" fill="url(#star-gradient-:ds272:)"></path></svg><svg fill="none" xmlns="http://www.w3.org/2000/svg" viewBox="0 0 24 24" role="img" aria-hidden="true"><defs><linearGradient id="star-gradient-:ds273:" x1="0" y1="0" x2="1" y2="0"><stop offset="100%"></stop><stop offset="0%"></stop></linearGradient></defs><path d="M11.613 18.413 7.473 20.7a.8.8 0 0 1-1.177-.828l.802-4.987a.801.801 0 0 0-.215-.685l-3.457-3.57a.802.802 0 0 1 .452-1.348l4.711-.732a.8.8 0 0 0 .602-.45l2.084-4.44a.8.8 0 0 1 1.45 0l2.084 4.44a.8.8 0 0 0 .602.45l4.711.732a.801.801 0 0 1 .452 1.349l-3.457 3.57a.8.8 0 0 0-.215.684l.801 4.987a.8.8 0 0 1-1.177.828l-4.14-2.287a.8.8 0 0 0-.773 0Z" fill="url(#star-gradient-:ds273:)"></path></svg><svg fill="none" xmlns="http://www.w3.org/2000/svg" viewBox="0 0 24 24" role="img" aria-hidden="true"><defs><linearGradient id="star-gradient-:ds274:" x1="0" y1="0" x2="1" y2="0"><stop offset="100%"></stop><stop offset="0%"></stop></linearGradient></defs><path d="M11.613 18.413 7.473 20.7a.8.8 0 0 1-1.177-.828l.802-4.987a.801.801 0 0 0-.215-.685l-3.457-3.57a.802.802 0 0 1 .452-1.348l4.711-.732a.8.8 0 0 0 .602-.45l2.084-4.44a.8.8 0 0 1 1.45 0l2.084 4.44a.8.8 0 0 0 .602.45l4.711.732a.801.801 0 0 1 .452 1.349l-3.457 3.57a.8.8 0 0 0-.215.684l.801 4.987a.8.8 0 0 1-1.177.828l-4.14-2.287a.8.8 0 0 0-.773 0Z" fill="url(#star-gradient-:ds274:)"></path></svg><svg fill="none" xmlns="http://www.w3.org/2000/svg" viewBox="0 0 24 24" role="img" aria-hidden="true"><defs><linearGradient id="star-gradient-:ds275:" x1="0" y1="0" x2="1" y2="0"><stop offset="100%"></stop><stop offset="0%"></stop></linearGradient></defs><path d="M11.613 18.413 7.473 20.7a.8.8 0 0 1-1.177-.828l.802-4.987a.801.801 0 0 0-.215-.685l-3.457-3.57a.802.802 0 0 1 .452-1.348l4.711-.732a.8.8 0 0 0 .602-.45l2.084-4.44a.8.8 0 0 1 1.45 0l2.084 4.44a.8.8 0 0 0 .602.45l4.711.732a.801.801 0 0 1 .452 1.349l-3.457 3.57a.8.8 0 0 0-.215.684l.801 4.987a.8.8 0 0 1-1.177.828l-4.14-2.287a.8.8 0 0 0-.773 0Z" fill="url(#star-gradient-:ds275:)"></path></svg><svg fill="none" xmlns="http://www.w3.org/2000/svg" viewBox="0 0 24 24" role="img" aria-hidden="true"><defs><linearGradient id="star-gradient-:ds276:" x1="0" y1="0" x2="1" y2="0"><stop offset="43.550000000000026%"></stop><stop offset="0%"></stop></linearGradient></defs><path d="M11.613 18.413 7.473 20.7a.8.8 0 0 1-1.177-.828l.802-4.987a.801.801 0 0 0-.215-.685l-3.457-3.57a.802.802 0 0 1 .452-1.348l4.711-.732a.8.8 0 0 0 .602-.45l2.084-4.44a.8.8 0 0 1 1.45 0l2.084 4.44a.8.8 0 0 0 .602.45l4.711.732a.801.801 0 0 1 .452 1.349l-3.457 3.57a.8.8 0 0 0-.215.684l.801 4.987a.8.8 0 0 1-1.177.828l-4.14-2.287a.8.8 0 0 0-.773 0Z" fill="url(#star-gradient-:ds276:)"></path></svg></div><div class="ds-c-rating__body"><span class="ds-c-rating__rating-content" aria-hidden="true">(62)</span></div></span></a></div></div></div></div><div class="pt__wrapper__bottom"><div class="pt__data-entry"></div><div class="pt__cost"><div data-testid="pt-retail-price-and-unit" class="pt__cost__retail-price__wrapper pt__cost__retail-price__wrapper--no-promo"><span class="pt__cost__retail-price" data-testid="pt-retail-price">£2.00</span><span data-testid="pt-unit-price" class="pt__cost__unit-price-per-measure">£4.00 / ltr</span></div></div></div></div><div class="pt__controls" data-testid="pt-control-buttons"><div class="pt-button"><button data-testid="add-button" aria-label="Add Erdinger Weissbier Wheat Beer Bottle 500ml to trolley" class="ln-c-button ln-c-button--filled ln-c-button--full pt__add-button" type="button">Add</button></div></div></div></div><div class="pt__icons__fav"><div data-testid="fav_heart-tooltip" class="ln-c-tooltip"><div><button class="pt__icons__fav--cta" data-testid="favourite-icon-empty" aria-label="Add to favourites"><svg role="presentation" class="pt__icons__fav--icon-empty ln-c-icon" viewBox="0 0 24 24" xmlns="http://www.w3.org/2000/svg"><title>Favourites</title><path d="M12 9.04l-1.992-2.002a3.502 3.502 0 0 0-4.975-.003 3.579 3.579 0 0 0 .003 5.034l6.842 6.88a.17.17 0 0 0 .243 0l6.842-6.88a3.576 3.576 0 0 0 .003-5.034 3.505 3.505 0 0 0-4.975.003l-1.992 2.003zm0-2.836l.759-.755a5.505 5.505 0 0 1 7.625.176 5.576 5.576 0 0 1-.003 7.855l-6.842 6.88a2.17 2.17 0 0 1-3.08 0l-6.841-6.88a5.579 5.579 0 0 1-.003-7.855 5.502 5.502 0 0 1 7.625-.176l.76.755z" fill="currentColor"></path></svg></button></div><div aria-live="polite" aria-atomic="true" role="tooltip"></div></div></div></article></li><li class="pt-grid-item ln-o-grid__item ln-u-6/12@xs ln-u-1/3@sm ln-u-3/12@md ln-u-2/12@xl"><article data-testid="product-tile-8159652" class="ln-c-card pt pt-card"><div aria-hidden="true"></div><div class="pt__content"><div class="pt__image-wrapper"><div><div class="pt-image__ribbon-wrapper"><a href="https://www.sainsburys.co.uk/gol-ui/product/hobgoblin-ruby-beer-x4-568ml" class="pt-image pt-image__link" tabindex="-1" aria-hidden="true"><picture><source srcset="https://assets.sainsburys-groceries.co.uk/gol/8159652/image.webp" type="image/webp"><source srcset="https://assets.sainsburys-groceries.co.uk/gol/8159652/image.jpg" type="image/jpeg"><img title="Hobgoblin Ruby Ale Beer Pint Can 4x568ml" src="https://assets.sainsburys-groceries.co.uk/gol/8159652/image.jpg" alt="Hobgoblin Ruby Ale Beer Pint Can 4x568ml" aria-hidden="true" data-testid="pt-image"></picture></a></div></div><div class="product-header product-header--citrus">&nbsp;</div></div><div class="pt__wrapper"><div class="pt__wrapper-inner"><div class="pt__wrapper__top"><div class="pt__info"><div class="product-description-box"><div><h2 class="pt__info__description" data-testid="product-tile-description"><a href="https://www.sainsburys.co.uk/gol-ui/product/hobgoblin-ruby-beer-x4-568ml" class="pt__link" title="Hobgoblin Ruby Ale Beer Pint Can 4x568ml" aria-label="Hobgoblin Ruby Ale Beer Pint Can 4x568ml">Hobgoblin Ruby Ale Beer Pint Can 4x568ml</a></h2></div></div><div class="star-rating-container"><div><a href="https://www.sainsburys.co.uk/gol-ui/product/hobgoblin-ruby-beer-x4-568ml" class="star-rating-link" data-testid="star-rating" aria-label="4.7 out of 5, 26 reviews"><span class="ds-c-rating ds-c-rating--primary ds-c-rating--md" data-testid="review-count" data-pkgid="@sainsburys-tech/fable-3.53.0-rating"><div class="ds-c-rating__stars" role="img" title="Rating 4.7 out of 5" aria-label="Rating 4.7 out of 5, from 26 reviews"><svg fill="none" xmlns="http://www.w3.org/2000/svg" viewBox="0 0 24 24" role="img" aria-hidden="true"><defs><linearGradient id="star-gradient-:ds277:" x1="0" y1="0" x2="1" y2="0"><stop offset="100%"></stop><stop offset="0%"></stop></linearGradient></defs><path d="M11.613 18.413 7.473 20.7a.8.8 0 0 1-1.177-.828l.802-4.987a.801.801 0 0 0-.215-.685l-3.457-3.57a.802.802 0 0 1 .452-1.348l4.711-.732a.8.8 0 0 0 .602-.45l2.084-4.44a.8.8 0 0 1 1.45 0l2.084 4.44a.8.8 0 0 0 .602.45l4.711.732a.801.801 0 0 1 .452 1.349l-3.457 3.57a.8.8 0 0 0-.215.684l.801 4.987a.8.8 0 0 1-1.177.828l-4.14-2.287a.8.8 0 0 0-.773 0Z" fill="url(#star-gradient-:ds277:)"></path></svg><svg fill="none" xmlns="http://www.w3.org/2000/svg" viewBox="0 0 24 24" role="img" aria-hidden="true"><defs><linearGradient id="star-gradient-:ds278:" x1="0" y1="0" x2="1" y2="0"><stop offset="100%"></stop><stop offset="0%"></stop></linearGradient></defs><path d="M11.613 18.413 7.473 20.7a.8.8 0 0 1-1.177-.828l.802-4.987a.801.801 0 0 0-.215-.685l-3.457-3.57a.802.802 0 0 1 .452-1.348l4.711-.732a.8.8 0 0 0 .602-.45l2.084-4.44a.8.8 0 0 1 1.45 0l2.084 4.44a.8.8 0 0 0 .602.45l4.711.732a.801.801 0 0 1 .452 1.349l-3.457 3.57a.8.8 0 0 0-.215.684l.801 4.987a.8.8 0 0 1-1.177.828l-4.14-2.287a.8.8 0 0 0-.773 0Z" fill="url(#star-gradient-:ds278:)"></path></svg><svg fill="none" xmlns="http://www.w3.org/2000/svg" viewBox="0 0 24 24" role="img" aria-hidden="true"><defs><linearGradient id="star-gradient-:ds279:" x1="0" y1="0" x2="1" y2="0"><stop offset="100%"></stop><stop offset="0%"></stop></linearGradient></defs><path d="M11.613 18.413 7.473 20.7a.8.8 0 0 1-1.177-.828l.802-4.987a.801.801 0 0 0-.215-.685l-3.457-3.57a.802.802 0 0 1 .452-1.348l4.711-.732a.8.8 0 0 0 .602-.45l2.084-4.44a.8.8 0 0 1 1.45 0l2.084 4.44a.8.8 0 0 0 .602.45l4.711.732a.801.801 0 0 1 .452 1.349l-3.457 3.57a.8.8 0 0 0-.215.684l.801 4.987a.8.8 0 0 1-1.177.828l-4.14-2.287a.8.8 0 0 0-.773 0Z" fill="url(#star-gradient-:ds279:)"></path></svg><svg fill="none" xmlns="http://www.w3.org/2000/svg" viewBox="0 0 24 24" role="img" aria-hidden="true"><defs><linearGradient id="star-gradient-:ds280:" x1="0" y1="0" x2="1" y2="0"><stop offset="100%"></stop><stop offset="0%"></stop></linearGradient></defs><path d="M11.613 18.413 7.473 20.7a.8.8 0 0 1-1.177-.828l.802-4.987a.801.801 0 0 0-.215-.685l-3.457-3.57a.802.802 0 0 1 .452-1.348l4.711-.732a.8.8 0 0 0 .602-.45l2.084-4.44a.8.8 0 0 1 1.45 0l2.084 4.44a.8.8 0 0 0 .602.45l4.711.732a.801.801 0 0 1 .452 1.349l-3.457 3.57a.8.8 0 0 0-.215.684l.801 4.987a.8.8 0 0 1-1.177.828l-4.14-2.287a.8.8 0 0 0-.773 0Z" fill="url(#star-gradient-:ds280:)"></path></svg><svg fill="none" xmlns="http://www.w3.org/2000/svg" viewBox="0 0 24 24" role="img" aria-hidden="true"><defs><linearGradient id="star-gradient-:ds281:" x1="0" y1="0" x2="1" y2="0"><stop offset="65.38000000000004%"></stop><stop offset="0%"></stop></linearGradient></defs><path d="M11.613 18.413 7.473 20.7a.8.8 0 0 1-1.177-.828l.802-4.987a.801.801 0 0 0-.215-.685l-3.457-3.57a.802.802 0 0 1 .452-1.348l4.711-.732a.8.8 0 0 0 .602-.45l2.084-4.44a.8.8 0 0 1 1.45 0l2.084 4.44a.8.8 0 0 0 .602.45l4.711.732a.801.801 0 0 1 .452 1.349l-3.457 3.57a.8.8 0 0 0-.215.684l.801 4.987a.8.8 0 0 1-1.177.828l-4.14-2.287a.8.8 0 0 0-.773 0Z" fill="url(#star-gradient-:ds281:)"></path></svg></div><div class="ds-c-rating__body"><span class="ds-c-rating__rating-content" aria-hidden="true">(26)</span></div></span></a></div></div></div></div><div class="pt__wrapper__bottom"><div class="pt__data-entry"></div><div class="pt__cost"><div data-testid="pt-retail-price-and-unit" class="pt__cost__retail-price__wrapper pt__cost__retail-price__wrapper--no-promo"><span class="pt__cost__retail-price" data-testid="pt-retail-price">£6.00</span><span data-testid="pt-unit-price" class="pt__cost__unit-price-per-measure">£2.64 / ltr</span></div></div></div></div><div class="pt__controls" data-testid="pt-control-buttons"><div class="pt-button"><button data-testid="add-button" aria-label="Add Hobgoblin Ruby Ale Beer Pint Can 4x568ml to trolley" class="ln-c-button ln-c-button--filled ln-c-button--full pt__add-button" type="button">Add</button></div></div></div></div><div class="pt__icons__fav"><div data-testid="fav_heart-tooltip" class="ln-c-tooltip"><div><button class="pt__icons__fav--cta" data-testid="favourite-icon-empty" aria-label="Add to favourites"><svg role="presentation" class="pt__icons__fav--icon-empty ln-c-icon" viewBox="0 0 24 24" xmlns="http://www.w3.org/2000/svg"><title>Favourites</title><path d="M12 9.04l-1.992-2.002a3.502 3.502 0 0 0-4.975-.003 3.579 3.579 0 0 0 .003 5.034l6.842 6.88a.17.17 0 0 0 .243 0l6.842-6.88a3.576 3.576 0 0 0 .003-5.034 3.505 3.505 0 0 0-4.975.003l-1.992 2.003zm0-2.836l.759-.755a5.505 5.505 0 0 1 7.625.176 5.576 5.576 0 0 1-.003 7.855l-6.842 6.88a2.17 2.17 0 0 1-3.08 0l-6.841-6.88a5.579 5.579 0 0 1-.003-7.855 5.502 5.502 0 0 1 7.625-.176l.76.755z" fill="currentColor"></path></svg></button></div><div aria-live="polite" aria-atomic="true" role="tooltip"></div></div></div></article></li><li class="pt-grid-item ln-o-grid__item ln-u-6/12@xs ln-u-1/3@sm ln-u-3/12@md ln-u-2/12@xl"><article data-testid="product-tile-8131085" class="ln-c-card pt pt-card"><div aria-hidden="true"></div><div class="pt__content"><div class="pt__image-wrapper"><div><div class="pt-image__ribbon-wrapper"><a href="https://www.sainsburys.co.uk/gol-ui/product/leffe-blonde-12x330ml" class="pt-image pt-image__link" tabindex="-1" aria-hidden="true"><picture><source srcset="https://assets.sainsburys-groceries.co.uk/gol/8131085/image.webp" type="image/webp"><source srcset="https://assets.sainsburys-groceries.co.uk/gol/8131085/image.jpg" type="image/jpeg"><img title="Leffe Blonde Abbey Beer Bottles 12x330ml" src="https://assets.sainsburys-groceries.co.uk/gol/8131085/image.jpg" alt="Leffe Blonde Abbey Beer Bottles 12x330ml" aria-hidden="true" data-testid="pt-image"></picture></a></div></div><div class="product-header product-header--citrus">&nbsp;</div></div><div class="pt__wrapper"><div class="pt__wrapper-inner"><div class="pt__wrapper__top"><div class="pt__info"><div class="product-description-box"><div><h2 class="pt__info__description" data-testid="product-tile-description"><a href="https://www.sainsburys.co.uk/gol-ui/product/leffe-blonde-12x330ml" class="pt__link" title="Leffe Blonde Abbey Beer Bottles 12x330ml" aria-label="Leffe Blonde Abbey Beer Bottles 12x330ml">Leffe Blonde Abbey Beer Bottles 12x330ml</a></h2></div></div><div class="star-rating-container"><div><a href="https://www.sainsburys.co.uk/gol-ui/product/leffe-blonde-12x330ml" class="star-rating-link" data-testid="star-rating" aria-label="5 out of 5, 5 reviews"><span class="ds-c-rating ds-c-rating--primary ds-c-rating--md" data-testid="review-count" data-pkgid="@sainsburys-tech/fable-3.53.0-rating"><div class="ds-c-rating__stars" role="img" title="Rating 5 out of 5" aria-label="Rating 5 out of 5, from 5 reviews"><svg fill="none" xmlns="http://www.w3.org/2000/svg" viewBox="0 0 24 24" role="img" aria-hidden="true"><defs><linearGradient id="star-gradient-:ds282:" x1="0" y1="0" x2="1" y2="0"><stop offset="100%"></stop><stop offset="0%"></stop></linearGradient></defs><path d="M11.613 18.413 7.473 20.7a.8.8 0 0 1-1.177-.828l.802-4.987a.801.801 0 0 0-.215-.685l-3.457-3.57a.802.802 0 0 1 .452-1.348l4.711-.732a.8.8 0 0 0 .602-.45l2.084-4.44a.8.8 0 0 1 1.45 0l2.084 4.44a.8.8 0 0 0 .602.45l4.711.732a.801.801 0 0 1 .452 1.349l-3.457 3.57a.8.8 0 0 0-.215.684l.801 4.987a.8.8 0 0 1-1.177.828l-4.14-2.287a.8.8 0 0 0-.773 0Z" fill="url(#star-gradient-:ds282:)"></path></svg><svg fill="none" xmlns="http://www.w3.org/2000/svg" viewBox="0 0 24 24" role="img" aria-hidden="true"><defs><linearGradient id="star-gradient-:ds283:" x1="0" y1="0" x2="1" y2="0"><stop offset="100%"></stop><stop offset="0%"></stop></linearGradient></defs><path d="M11.613 18.413 7.473 20.7a.8.8 0 0 1-1.177-.828l.802-4.987a.801.801 0 0 0-.215-.685l-3.457-3.57a.802.802 0 0 1 .452-1.348l4.711-.732a.8.8 0 0 0 .602-.45l2.084-4.44a.8.8 0 0 1 1.45 0l2.084 4.44a.8.8 0 0 0 .602.45l4.711.732a.801.801 0 0 1 .452 1.349l-3.457 3.57a.8.8 0 0 0-.215.684l.801 4.987a.8.8 0 0 1-1.177.828l-4.14-2.287a.8.8 0 0 0-.773 0Z" fill="url(#star-gradient-:ds283:)"></path></svg><svg fill="none" xmlns="http://www.w3.org/2000/svg" viewBox="0 0 24 24" role="img" aria-hidden="true"><defs><linearGradient id="star-gradient-:ds284:" x1="0" y1="0" x2="1" y2="0"><stop offset="100%"></stop><stop offset="0%"></stop></linearGradient></defs><path d="M11.613 18.413 7.473 20.7a.8.8 0 0 1-1.177-.828l.802-4.987a.801.801 0 0 0-.215-.685l-3.457-3.57a.802.802 0 0 1 .452-1.348l4.711-.732a.8.8 0 0 0 .602-.45l2.084-4.44a.8.8 0 0 1 1.45 0l2.084 4.44a.8.8 0 0 0 .602.45l4.711.732a.801.801 0 0 1 .452 1.349l-3.457 3.57a.8.8 0 0 0-.215.684l.801 4.987a.8.8 0 0 1-1.177.828l-4.14-2.287a.8.8 0 0 0-.773 0Z" fill="url(#star-gradient-:ds284:)"></path></svg><svg fill="none" xmlns="http://www.w3.org/2000/svg" viewBox="0 0 24 24" role="img" aria-hidden="true"><defs><linearGradient id="star-gradient-:ds285:" x1="0" y1="0" x2="1" y2="0"><stop offset="100%"></stop><stop offset="0%"></stop></linearGradient></defs><path d="M11.613 18.413 7.473 20.7a.8.8 0 0 1-1.177-.828l.802-4.987a.801.801 0 0 0-.215-.685l-3.457-3.57a.802.802 0 0 1 .452-1.348l4.711-.732a.8.8 0 0 0 .602-.45l2.084-4.44a.8.8 0 0 1 1.45 0l2.084 4.44a.8.8 0 0 0 .602.45l4.711.732a.801.801 0 0 1 .452 1.349l-3.457 3.57a.8.8 0 0 0-.215.684l.801 4.987a.8.8 0 0 1-1.177.828l-4.14-2.287a.8.8 0 0 0-.773 0Z" fill="url(#star-gradient-:ds285:)"></path></svg><svg fill="none" xmlns="http://www.w3.org/2000/svg" viewBox="0 0 24 24" role="img" aria-hidden="true"><defs><linearGradient id="star-gradient-:ds286:" x1="0" y1="0" x2="1" y2="0"><stop offset="100%"></stop><stop offset="0%"></stop></linearGradient></defs><path d="M11.613 18.413 7.473 20.7a.8.8 0 0 1-1.177-.828l.802-4.987a.801.801 0 0 0-.215-.685l-3.457-3.57a.802.802 0 0 1 .452-1.348l4.711-.732a.8.8 0 0 0 .602-.45l2.084-4.44a.8.8 0 0 1 1.45 0l2.084 4.44a.8.8 0 0 0 .602.45l4.711.732a.801.801 0 0 1 .452 1.349l-3.457 3.57a.8.8 0 0 0-.215.684l.801 4.987a.8.8 0 0 1-1.177.828l-4.14-2.287a.8.8 0 0 0-.773 0Z" fill="url(#star-gradient-:ds286:)"></path></svg></div><div class="ds-c-rating__body"><span class="ds-c-rating__rating-content" aria-hidden="true">(5)</span></div></span></a></div></div></div></div><div class="pt__wrapper__bottom"><div class="pt__data-entry"></div><div class="pt__cost"><div data-testid="pt-retail-price-and-unit" class="pt__cost__retail-price__wrapper pt__cost__retail-price__wrapper--no-promo"><span class="pt__cost__retail-price" data-testid="pt-retail-price">£16.75</span><span data-testid="pt-unit-price" class="pt__cost__unit-price-per-measure">£4.23 / ltr</span></div></div></div></div><div class="pt__controls" data-testid="pt-control-buttons"><div class="pt-button"><button data-testid="add-button" aria-label="Add Leffe Blonde Abbey Beer Bottles 12x330ml to trolley" class="ln-c-button ln-c-button--filled ln-c-button--full pt__add-button" type="button">Add</button></div></div></div></div><div class="pt__icons__fav"><div data-testid="fav_heart-tooltip" class="ln-c-tooltip"><div><button class="pt__icons__fav--cta" data-testid="favourite-icon-empty" aria-label="Add to favourites"><svg role="presentation" class="pt__icons__fav--icon-empty ln-c-icon" viewBox="0 0 24 24" xmlns="http://www.w3.org/2000/svg"><title>Favourites</title><path d="M12 9.04l-1.992-2.002a3.502 3.502 0 0 0-4.975-.003 3.579 3.579 0 0 0 .003 5.034l6.842 6.88a.17.17 0 0 0 .243 0l6.842-6.88a3.576 3.576 0 0 0 .003-5.034 3.505 3.505 0 0 0-4.975.003l-1.992 2.003zm0-2.836l.759-.755a5.505 5.505 0 0 1 7.625.176 5.576 5.576 0 0 1-.003 7.855l-6.842 6.88a2.17 2.17 0 0 1-3.08 0l-6.841-6.88a5.579 5.579 0 0 1-.003-7.855 5.502 5.502 0 0 1 7.625-.176l.76.755z" fill="currentColor"></path></svg></button></div><div aria-live="polite" aria-atomic="true" role="tooltip"></div></div></div></article></li><li class="pt-grid-item ln-o-grid__item ln-u-6/12@xs ln-u-1/3@sm ln-u-3/12@md ln-u-2/12@xl"><article data-testid="product-tile-2798509" class="ln-c-card pt pt-card"><div aria-hidden="true"></div><div class="pt__content"><div class="pt__image-wrapper"><div><div class="pt-image__ribbon-wrapper"><a href="https://www.sainsburys.co.uk/gol-ui/product/wychwood-hobgoblin-extra-strong-ale-500ml" class="pt-image pt-image__link" tabindex="-1" aria-hidden="true"><picture><source srcset="https://assets.sainsburys-groceries.co.uk/gol/2798509/image.webp" type="image/webp"><source srcset="https://assets.sainsburys-groceries.co.uk/gol/2798509/image.jpg" type="image/jpeg"><img title="Hobgoblin Ruby Ale Beer Bottle 500ml" src="https://assets.sainsburys-groceries.co.uk/gol/2798509/image.jpg" alt="Hobgoblin Ruby Ale Beer Bottle 500ml" aria-hidden="true" data-testid="pt-image"></picture></a></div></div><div class="product-header product-header--citrus">&nbsp;</div></div><div class="pt__wrapper"><div class="pt__wrapper-inner"><div class="pt__wrapper__top"><div class="pt__info"><div class="product-description-box"><div><h2 class="pt__info__description" data-testid="product-tile-description"><a href="https://www.sainsburys.co.uk/gol-ui/product/wychwood-hobgoblin-extra-strong-ale-500ml" class="pt__link" title="Hobgoblin Ruby Ale Beer Bottle 500ml" aria-label="Hobgoblin Ruby Ale Beer Bottle 500ml">Hobgoblin Ruby Ale Beer Bottle 500ml</a></h2></div></div><div class="star-rating-container"><div><a href="https://www.sainsburys.co.uk/gol-ui/product/wychwood-hobgoblin-extra-strong-ale-500ml" class="star-rating-link" data-testid="star-rating" aria-label="4.7 out of 5, 26 reviews"><span class="ds-c-rating ds-c-rating--primary ds-c-rating--md" data-testid="review-count" data-pkgid="@sainsburys-tech/fable-3.53.0-rating"><div class="ds-c-rating__stars" role="img" title="Rating 4.7 out of 5" aria-label="Rating 4.7 out of 5, from 26 reviews"><svg fill="none" xmlns="http://www.w3.org/2000/svg" viewBox="0 0 24 24" role="img" aria-hidden="true"><defs><linearGradient id="star-gradient-:ds287:" x1="0" y1="0" x2="1" y2="0"><stop offset="100%"></stop><stop offset="0%"></stop></linearGradient></defs><path d="M11.613 18.413 7.473 20.7a.8.8 0 0 1-1.177-.828l.802-4.987a.801.801 0 0 0-.215-.685l-3.457-3.57a.802.802 0 0 1 .452-1.348l4.711-.732a.8.8 0 0 0 .602-.45l2.084-4.44a.8.8 0 0 1 1.45 0l2.084 4.44a.8.8 0 0 0 .602.45l4.711.732a.801.801 0 0 1 .452 1.349l-3.457 3.57a.8.8 0 0 0-.215.684l.801 4.987a.8.8 0 0 1-1.177.828l-4.14-2.287a.8.8 0 0 0-.773 0Z" fill="url(#star-gradient-:ds287:)"></path></svg><svg fill="none" xmlns="http://www.w3.org/2000/svg" viewBox="0 0 24 24" role="img" aria-hidden="true"><defs><linearGradient id="star-gradient-:ds288:" x1="0" y1="0" x2="1" y2="0"><stop offset="100%"></stop><stop offset="0%"></stop></linearGradient></defs><path d="M11.613 18.413 7.473 20.7a.8.8 0 0 1-1.177-.828l.802-4.987a.801.801 0 0 0-.215-.685l-3.457-3.57a.802.802 0 0 1 .452-1.348l4.711-.732a.8.8 0 0 0 .602-.45l2.084-4.44a.8.8 0 0 1 1.45 0l2.084 4.44a.8.8 0 0 0 .602.45l4.711.732a.801.801 0 0 1 .452 1.349l-3.457 3.57a.8.8 0 0 0-.215.684l.801 4.987a.8.8 0 0 1-1.177.828l-4.14-2.287a.8.8 0 0 0-.773 0Z" fill="url(#star-gradient-:ds288:)"></path></svg><svg fill="none" xmlns="http://www.w3.org/2000/svg" viewBox="0 0 24 24" role="img" aria-hidden="true"><defs><linearGradient id="star-gradient-:ds289:" x1="0" y1="0" x2="1" y2="0"><stop offset="100%"></stop><stop offset="0%"></stop></linearGradient></defs><path d="M11.613 18.413 7.473 20.7a.8.8 0 0 1-1.177-.828l.802-4.987a.801.801 0 0 0-.215-.685l-3.457-3.57a.802.802 0 0 1 .452-1.348l4.711-.732a.8.8 0 0 0 .602-.45l2.084-4.44a.8.8 0 0 1 1.45 0l2.084 4.44a.8.8 0 0 0 .602.45l4.711.732a.801.801 0 0 1 .452 1.349l-3.457 3.57a.8.8 0 0 0-.215.684l.801 4.987a.8.8 0 0 1-1.177.828l-4.14-2.287a.8.8 0 0 0-.773 0Z" fill="url(#star-gradient-:ds289:)"></path></svg><svg fill="none" xmlns="http://www.w3.org/2000/svg" viewBox="0 0 24 24" role="img" aria-hidden="true"><defs><linearGradient id="star-gradient-:ds290:" x1="0" y1="0" x2="1" y2="0"><stop offset="100%"></stop><stop offset="0%"></stop></linearGradient></defs><path d="M11.613 18.413 7.473 20.7a.8.8 0 0 1-1.177-.828l.802-4.987a.801.801 0 0 0-.215-.685l-3.457-3.57a.802.802 0 0 1 .452-1.348l4.711-.732a.8.8 0 0 0 .602-.45l2.084-4.44a.8.8 0 0 1 1.45 0l2.084 4.44a.8.8 0 0 0 .602.45l4.711.732a.801.801 0 0 1 .452 1.349l-3.457 3.57a.8.8 0 0 0-.215.684l.801 4.987a.8.8 0 0 1-1.177.828l-4.14-2.287a.8.8 0 0 0-.773 0Z" fill="url(#star-gradient-:ds290:)"></path></svg><svg fill="none" xmlns="http://www.w3.org/2000/svg" viewBox="0 0 24 24" role="img" aria-hidden="true"><defs><linearGradient id="star-gradient-:ds291:" x1="0" y1="0" x2="1" y2="0"><stop offset="65.38000000000004%"></stop><stop offset="0%"></stop></linearGradient></defs><path d="M11.613 18.413 7.473 20.7a.8.8 0 0 1-1.177-.828l.802-4.987a.801.801 0 0 0-.215-.685l-3.457-3.57a.802.802 0 0 1 .452-1.348l4.711-.732a.8.8 0 0 0 .602-.45l2.084-4.44a.8.8 0 0 1 1.45 0l2.084 4.44a.8.8 0 0 0 .602.45l4.711.732a.801.801 0 0 1 .452 1.349l-3.457 3.57a.8.8 0 0 0-.215.684l.801 4.987a.8.8 0 0 1-1.177.828l-4.14-2.287a.8.8 0 0 0-.773 0Z" fill="url(#star-gradient-:ds291:)"></path></svg></div><div class="ds-c-rating__body"><span class="ds-c-rating__rating-content" aria-hidden="true">(26)</span></div></span></a></div></div></div><div class="pt__badges"><div class="pd__shortmeta__item"><div class="pd__label" aria-label="LOW EVERYDAY PRICE" style="border: 1px solid rgb(215, 0, 0); color: rgb(215, 0, 0);">LOW EVERYDAY PRICE</div></div></div></div><div class="pt__wrapper__bottom"><div class="pt__data-entry"></div><div class="pt__cost"><div data-testid="pt-retail-price-and-unit" class="pt__cost__retail-price__wrapper pt__cost__retail-price__wrapper--no-promo"><span class="pt__cost__retail-price" data-testid="pt-retail-price">£1.60</span><span data-testid="pt-unit-price" class="pt__cost__unit-price-per-measure">£3.20 / ltr</span></div></div></div></div><div class="pt__controls" data-testid="pt-control-buttons"><div class="pt-button"><button data-testid="add-button" aria-label="Add Hobgoblin Ruby Ale Beer Bottle 500ml to trolley" class="ln-c-button ln-c-button--filled ln-c-button--full pt__add-button" type="button">Add</button></div></div></div></div><div class="pt__icons__fav"><div data-testid="fav_heart-tooltip" class="ln-c-tooltip"><div><button class="pt__icons__fav--cta" data-testid="favourite-icon-empty" aria-label="Add to favourites"><svg role="presentation" class="pt__icons__fav--icon-empty ln-c-icon" viewBox="0 0 24 24" xmlns="http://www.w3.org/2000/svg"><title>Favourites</title><path d="M12 9.04l-1.992-2.002a3.502 3.502 0 0 0-4.975-.003 3.579 3.579 0 0 0 .003 5.034l6.842 6.88a.17.17 0 0 0 .243 0l6.842-6.88a3.576 3.576 0 0 0 .003-5.034 3.505 3.505 0 0 0-4.975.003l-1.992 2.003zm0-2.836l.759-.755a5.505 5.505 0 0 1 7.625.176 5.576 5.576 0 0 1-.003 7.855l-6.842 6.88a2.17 2.17 0 0 1-3.08 0l-6.841-6.88a5.579 5.579 0 0 1-.003-7.855 5.502 5.502 0 0 1 7.625-.176l.76.755z" fill="currentColor"></path></svg></button></div><div aria-live="polite" aria-atomic="true" role="tooltip"></div></div></div></article></li><li class="pt-grid-item ln-o-grid__item ln-u-6/12@xs ln-u-1/3@sm ln-u-3/12@md ln-u-2/12@xl"><article data-testid="product-tile-6406398" class="ln-c-card pt pt-card"><div aria-hidden="true"></div><div class="pt__content"><div class="pt__image-wrapper"><div><div class="pt-image__ribbon-wrapper"><a href="https://www.sainsburys.co.uk/gol-ui/product/leffe-blond-abbey-beer-bottles-4x330ml" class="pt-image pt-image__link" tabindex="-1" aria-hidden="true"><picture><source srcset="https://assets.sainsburys-groceries.co.uk/gol/6406398/image.webp" type="image/webp"><source srcset="https://assets.sainsburys-groceries.co.uk/gol/6406398/image.jpg" type="image/jpeg"><img title="Leffe Blonde Abbey Beer Bottles 4x330ml" src="https://assets.sainsburys-groceries.co.uk/gol/6406398/image.jpg" alt="Leffe Blonde Abbey Beer Bottles 4x330ml" aria-hidden="true" data-testid="pt-image"></picture></a></div></div><div class="product-header product-header--citrus">&nbsp;</div></div><div class="pt__wrapper"><div class="pt__wrapper-inner"><div class="pt__wrapper__top"><div class="pt__info"><div class="product-description-box"><div><h2 class="pt__info__description" data-testid="product-tile-description"><a href="https://www.sainsburys.co.uk/gol-ui/product/leffe-blond-abbey-beer-bottles-4x330ml" class="pt__link" title="Leffe Blonde Abbey Beer Bottles 4x330ml" aria-label="Leffe Blonde Abbey Beer Bottles 4x330ml">Leffe Blonde Abbey Beer Bottles 4x330ml</a></h2></div></div><div class="star-rating-container"><div><a href="https://www.sainsburys.co.uk/gol-ui/product/leffe-blond-abbey-beer-bottles-4x330ml" class="star-rating-link" data-testid="star-rating" aria-label="4.1 out of 5, 14 reviews"><span class="ds-c-rating ds-c-rating--primary ds-c-rating--md" data-testid="review-count" data-pkgid="@sainsburys-tech/fable-3.53.0-rating"><div class="ds-c-rating__stars" role="img" title="Rating 4.1 out of 5" aria-label="Rating 4.1 out of 5, from 14 reviews"><svg fill="none" xmlns="http://www.w3.org/2000/svg" viewBox="0 0 24 24" role="img" aria-hidden="true"><defs><linearGradient id="star-gradient-:ds292:" x1="0" y1="0" x2="1" y2="0"><stop offset="100%"></stop><stop offset="0%"></stop></linearGradient></defs><path d="M11.613 18.413 7.473 20.7a.8.8 0 0 1-1.177-.828l.802-4.987a.801.801 0 0 0-.215-.685l-3.457-3.57a.802.802 0 0 1 .452-1.348l4.711-.732a.8.8 0 0 0 .602-.45l2.084-4.44a.8.8 0 0 1 1.45 0l2.084 4.44a.8.8 0 0 0 .602.45l4.711.732a.801.801 0 0 1 .452 1.349l-3.457 3.57a.8.8 0 0 0-.215.684l.801 4.987a.8.8 0 0 1-1.177.828l-4.14-2.287a.8.8 0 0 0-.773 0Z" fill="url(#star-gradient-:ds292:)"></path></svg><svg fill="none" xmlns="http://www.w3.org/2000/svg" viewBox="0 0 24 24" role="img" aria-hidden="true"><defs><linearGradient id="star-gradient-:ds293:" x1="0" y1="0" x2="1" y2="0"><stop offset="100%"></stop><stop offset="0%"></stop></linearGradient></defs><path d="M11.613 18.413 7.473 20.7a.8.8 0 0 1-1.177-.828l.802-4.987a.801.801 0 0 0-.215-.685l-3.457-3.57a.802.802 0 0 1 .452-1.348l4.711-.732a.8.8 0 0 0 .602-.45l2.084-4.44a.8.8 0 0 1 1.45 0l2.084 4.44a.8.8 0 0 0 .602.45l4.711.732a.801.801 0 0 1 .452 1.349l-3.457 3.57a.8.8 0 0 0-.215.684l.801 4.987a.8.8 0 0 1-1.177.828l-4.14-2.287a.8.8 0 0 0-.773 0Z" fill="url(#star-gradient-:ds293:)"></path></svg><svg fill="none" xmlns="http://www.w3.org/2000/svg" viewBox="0 0 24 24" role="img" aria-hidden="true"><defs><linearGradient id="star-gradient-:ds294:" x1="0" y1="0" x2="1" y2="0"><stop offset="100%"></stop><stop offset="0%"></stop></linearGradient></defs><path d="M11.613 18.413 7.473 20.7a.8.8 0 0 1-1.177-.828l.802-4.987a.801.801 0 0 0-.215-.685l-3.457-3.57a.802.802 0 0 1 .452-1.348l4.711-.732a.8.8 0 0 0 .602-.45l2.084-4.44a.8.8 0 0 1 1.45 0l2.084 4.44a.8.8 0 0 0 .602.45l4.711.732a.801.801 0 0 1 .452 1.349l-3.457 3.57a.8.8 0 0 0-.215.684l.801 4.987a.8.8 0 0 1-1.177.828l-4.14-2.287a.8.8 0 0 0-.773 0Z" fill="url(#star-gradient-:ds294:)"></path></svg><svg fill="none" xmlns="http://www.w3.org/2000/svg" viewBox="0 0 24 24" role="img" aria-hidden="true"><defs><linearGradient id="star-gradient-:ds295:" x1="0" y1="0" x2="1" y2="0"><stop offset="100%"></stop><stop offset="0%"></stop></linearGradient></defs><path d="M11.613 18.413 7.473 20.7a.8.8 0 0 1-1.177-.828l.802-4.987a.801.801 0 0 0-.215-.685l-3.457-3.57a.802.802 0 0 1 .452-1.348l4.711-.732a.8.8 0 0 0 .602-.45l2.084-4.44a.8.8 0 0 1 1.45 0l2.084 4.44a.8.8 0 0 0 .602.45l4.711.732a.801.801 0 0 1 .452 1.349l-3.457 3.57a.8.8 0 0 0-.215.684l.801 4.987a.8.8 0 0 1-1.177.828l-4.14-2.287a.8.8 0 0 0-.773 0Z" fill="url(#star-gradient-:ds295:)"></path></svg><svg fill="none" xmlns="http://www.w3.org/2000/svg" viewBox="0 0 24 24" role="img" aria-hidden="true"><defs><linearGradient id="star-gradient-:ds296:" x1="0" y1="0" x2="1" y2="0"><stop offset="7.139999999999969%"></stop><stop offset="0%"></stop></linearGradient></defs><path d="M11.613 18.413 7.473 20.7a.8.8 0 0 1-1.177-.828l.802-4.987a.801.801 0 0 0-.215-.685l-3.457-3.57a.802.802 0 0 1 .452-1.348l4.711-.732a.8.8 0 0 0 .602-.45l2.084-4.44a.8.8 0 0 1 1.45 0l2.084 4.44a.8.8 0 0 0 .602.45l4.711.732a.801.801 0 0 1 .452 1.349l-3.457 3.57a.8.8 0 0 0-.215.684l.801 4.987a.8.8 0 0 1-1.177.828l-4.14-2.287a.8.8 0 0 0-.773 0Z" fill="url(#star-gradient-:ds296:)"></path></svg></div><div class="ds-c-rating__body"><span class="ds-c-rating__rating-content" aria-hidden="true">(14)</span></div></span></a></div></div></div></div><div class="pt__wrapper__bottom"><div class="pt__data-entry"></div><div class="pt__cost"><div data-testid="pt-retail-price-and-unit" class="pt__cost__retail-price__wrapper pt__cost__retail-price__wrapper--no-promo"><span class="pt__cost__retail-price" data-testid="pt-retail-price">£6.00</span><span data-testid="pt-unit-price" class="pt__cost__unit-price-per-measure">£4.55 / ltr</span></div></div></div></div><div class="pt__controls" data-testid="pt-control-buttons"><div class="pt-button"><button data-testid="add-button" aria-label="Add Leffe Blonde Abbey Beer Bottles 4x330ml to trolley" class="ln-c-button ln-c-button--filled ln-c-button--full pt__add-button" type="button">Add</button></div></div></div></div><div class="pt__icons__fav"><div data-testid="fav_heart-tooltip" class="ln-c-tooltip"><div><button class="pt__icons__fav--cta" data-testid="favourite-icon-empty" aria-label="Add to favourites"><svg role="presentation" class="pt__icons__fav--icon-empty ln-c-icon" viewBox="0 0 24 24" xmlns="http://www.w3.org/2000/svg"><title>Favourites</title><path d="M12 9.04l-1.992-2.002a3.502 3.502 0 0 0-4.975-.003 3.579 3.579 0 0 0 .003 5.034l6.842 6.88a.17.17 0 0 0 .243 0l6.842-6.88a3.576 3.576 0 0 0 .003-5.034 3.505 3.505 0 0 0-4.975.003l-1.992 2.003zm0-2.836l.759-.755a5.505 5.505 0 0 1 7.625.176 5.576 5.576 0 0 1-.003 7.855l-6.842 6.88a2.17 2.17 0 0 1-3.08 0l-6.841-6.88a5.579 5.579 0 0 1-.003-7.855 5.502 5.502 0 0 1 7.625-.176l.76.755z" fill="currentColor"></path></svg></button></div><div aria-live="polite" aria-atomic="true" role="tooltip"></div></div></div></article></li><li class="pt-grid-item ln-o-grid__item ln-u-6/12@xs ln-u-1/3@sm ln-u-3/12@md ln-u-2/12@xl"><article data-testid="product-tile-8012843" class="ln-c-card pt pt-card"><div aria-hidden="true"><div class="product-details-title__tag"><span data-testid="nectar-price-label" class="promotional-tag--nectar">Nectar Price</span></div></div><div class="pt__content"><div class="pt__image-wrapper"><div><div class="pt-image__ribbon-wrapper"><a href="https://www.sainsburys.co.uk/gol-ui/product/stella-artois-lager-beer-bottles-12x330ml" class="pt-image pt-image__link" tabindex="-1" aria-hidden="true"><picture><source srcset="https://assets.sainsburys-groceries.co.uk/gol/8012843/image.webp" type="image/webp"><source srcset="https://assets.sainsburys-groceries.co.uk/gol/8012843/image.jpg" type="image/jpeg"><img title="Stella Artois Premium Lager Beer Bottles 12x330ml" src="https://assets.sainsburys-groceries.co.uk/gol/8012843/image.jpg" alt="Stella Artois Premium Lager Beer Bottles 12x330ml" aria-hidden="true" data-testid="pt-image"></picture></a></div></div><div class="product-header product-header--citrus">&nbsp;</div></div><div class="pt__wrapper"><div class="pt__wrapper-inner"><div class="pt__wrapper__top"><div class="pt__info"><div class="product-description-box"><div><h2 class="pt__info__description" data-testid="product-tile-description"><a href="https://www.sainsburys.co.uk/gol-ui/product/stella-artois-lager-beer-bottles-12x330ml" class="pt__link" title="Stella Artois Premium Lager Beer Bottles 12x330ml" aria-label="Nectar Price, Stella Artois Premium Lager Beer Bottles 12x330ml">Stella Artois Premium Lager Beer Bottles 12x330ml</a></h2></div></div><div class="star-rating-container"><div><a href="https://www.sainsburys.co.uk/gol-ui/product/stella-artois-lager-beer-bottles-12x330ml" class="star-rating-link" data-testid="star-rating" aria-label="3.2 out of 5, 95 reviews"><span class="ds-c-rating ds-c-rating--primary ds-c-rating--md" data-testid="review-count" data-pkgid="@sainsburys-tech/fable-3.53.0-rating"><div class="ds-c-rating__stars" role="img" title="Rating 3.2 out of 5" aria-label="Rating 3.2 out of 5, from 95 reviews"><svg fill="none" xmlns="http://www.w3.org/2000/svg" viewBox="0 0 24 24" role="img" aria-hidden="true"><defs><linearGradient id="star-gradient-:ds297:" x1="0" y1="0" x2="1" y2="0"><stop offset="100%"></stop><stop offset="0%"></stop></linearGradient></defs><path d="M11.613 18.413 7.473 20.7a.8.8 0 0 1-1.177-.828l.802-4.987a.801.801 0 0 0-.215-.685l-3.457-3.57a.802.802 0 0 1 .452-1.348l4.711-.732a.8.8 0 0 0 .602-.45l2.084-4.44a.8.8 0 0 1 1.45 0l2.084 4.44a.8.8 0 0 0 .602.45l4.711.732a.801.801 0 0 1 .452 1.349l-3.457 3.57a.8.8 0 0 0-.215.684l.801 4.987a.8.8 0 0 1-1.177.828l-4.14-2.287a.8.8 0 0 0-.773 0Z" fill="url(#star-gradient-:ds297:)"></path></svg><svg fill="none" xmlns="http://www.w3.org/2000/svg" viewBox="0 0 24 24" role="img" aria-hidden="true"><defs><linearGradient id="star-gradient-:ds298:" x1="0" y1="0" x2="1" y2="0"><stop offset="100%"></stop><stop offset="0%"></stop></linearGradient></defs><path d="M11.613 18.413 7.473 20.7a.8.8 0 0 1-1.177-.828l.802-4.987a.801.801 0 0 0-.215-.685l-3.457-3.57a.802.802 0 0 1 .452-1.348l4.711-.732a.8.8 0 0 0 .602-.45l2.084-4.44a.8.8 0 0 1 1.45 0l2.084 4.44a.8.8 0 0 0 .602.45l4.711.732a.801.801 0 0 1 .452 1.349l-3.457 3.57a.8.8 0 0 0-.215.684l.801 4.987a.8.8 0 0 1-1.177.828l-4.14-2.287a.8.8 0 0 0-.773 0Z" fill="url(#star-gradient-:ds298:)"></path></svg><svg fill="none" xmlns="http://www.w3.org/2000/svg" viewBox="0 0 24 24" role="img" aria-hidden="true"><defs><linearGradient id="star-gradient-:ds299:" x1="0" y1="0" x2="1" y2="0"><stop offset="100%"></stop><stop offset="0%"></stop></linearGradient></defs><path d="M11.613 18.413 7.473 20.7a.8.8 0 0 1-1.177-.828l.802-4.987a.801.801 0 0 0-.215-.685l-3.457-3.57a.802.802 0 0 1 .452-1.348l4.711-.732a.8.8 0 0 0 .602-.45l2.084-4.44a.8.8 0 0 1 1.45 0l2.084 4.44a.8.8 0 0 0 .602.45l4.711.732a.801.801 0 0 1 .452 1.349l-3.457 3.57a.8.8 0 0 0-.215.684l.801 4.987a.8.8 0 0 1-1.177.828l-4.14-2.287a.8.8 0 0 0-.773 0Z" fill="url(#star-gradient-:ds299:)"></path></svg><svg fill="none" xmlns="http://www.w3.org/2000/svg" viewBox="0 0 24 24" role="img" aria-hidden="true"><defs><linearGradient id="star-gradient-:ds300:" x1="0" y1="0" x2="1" y2="0"><stop offset="16.84000000000001%"></stop><stop offset="0%"></stop></linearGradient></defs><path d="M11.613 18.413 7.473 20.7a.8.8 0 0 1-1.177-.828l.802-4.987a.801.801 0 0 0-.215-.685l-3.457-3.57a.802.802 0 0 1 .452-1.348l4.711-.732a.8.8 0 0 0 .602-.45l2.084-4.44a.8.8 0 0 1 1.45 0l2.084 4.44a.8.8 0 0 0 .602.45l4.711.732a.801.801 0 0 1 .452 1.349l-3.457 3.57a.8.8 0 0 0-.215.684l.801 4.987a.8.8 0 0 1-1.177.828l-4.14-2.287a.8.8 0 0 0-.773 0Z" fill="url(#star-gradient-:ds300:)"></path></svg><svg fill="none" xmlns="http://www.w3.org/2000/svg" viewBox="0 0 24 24" role="img" aria-hidden="true"><defs><linearGradient id="star-gradient-:ds301:" x1="0" y1="0" x2="1" y2="0"><stop offset="0%"></stop><stop offset="0%"></stop></linearGradient></defs><path d="M11.613 18.413 7.473 20.7a.8.8 0 0 1-1.177-.828l.802-4.987a.801.801 0 0 0-.215-.685l-3.457-3.57a.802.802 0 0 1 .452-1.348l4.711-.732a.8.8 0 0 0 .602-.45l2.084-4.44a.8.8 0 0 1 1.45 0l2.084 4.44a.8.8 0 0 0 .602.45l4.711.732a.801.801 0 0 1 .452 1.349l-3.457 3.57a.8.8 0 0 0-.215.684l.801 4.987a.8.8 0 0 1-1.177.828l-4.14-2.287a.8.8 0 0 0-.773 0Z" fill="url(#star-gradient-:ds301:)"></path></svg></div><div class="ds-c-rating__body"><span class="ds-c-rating__rating-content" aria-hidden="true">(95)</span></div></span></a></div></div></div></div><div class="pt__wrapper__bottom"><div class="pt__data-entry"></div><div class="pt__cost"><div class="pt__cost__contextual--wrapper" data-testid="whole-contextual-price"><span data-testid="contextual-price" class="pt__cost__contextual pt__cost__contextual--with-nectar-not-associated"><span class="pt__cost--price" data-testid="contextual-price-text">£10.00</span></span><span data-testid="text-with-nectar" class="pt__with-or-without-nectar">with Nectar</span></div><div data-testid="pt-retail-price-and-unit" class="pt__cost__retail-price__wrapper"><span class="pt__cost__retail-price pt__cost__retail-price--with-nectar-not-associated" data-testid="pt-retail-price">£12.00</span><span data-testid="pt-unit-price" class="pt__cost__unit-price-per-measure">£3.03 / ltr</span></div></div></div></div><div class="pt__controls" data-testid="pt-control-buttons"><div class="pt-button"><button data-testid="add-button" aria-label="Add Stella Artois Premium Lager Beer Bottles 12x330ml to trolley" class="ln-c-button ln-c-button--filled ln-c-button--full pt__add-button" type="button">Add</button></div></div></div></div><div class="pt__icons__fav"><div data-testid="fav_heart-tooltip" class="ln-c-tooltip"><div><button class="pt__icons__fav--cta" data-testid="favourite-icon-empty" aria-label="Add to favourites"><svg role="presentation" class="pt__icons__fav--icon-empty ln-c-icon" viewBox="0 0 24 24" xmlns="http://www.w3.org/2000/svg"><title>Favourites</title><path d="M12 9.04l-1.992-2.002a3.502 3.502 0 0 0-4.975-.003 3.579 3.579 0 0 0 .003 5.034l6.842 6.88a.17.17 0 0 0 .243 0l6.842-6.88a3.576 3.576 0 0 0 .003-5.034 3.505 3.505 0 0 0-4.975.003l-1.992 2.003zm0-2.836l.759-.755a5.505 5.505 0 0 1 7.625.176 5.576 5.576 0 0 1-.003 7.855l-6.842 6.88a2.17 2.17 0 0 1-3.08 0l-6.841-6.88a5.579 5.579 0 0 1-.003-7.855 5.502 5.502 0 0 1 7.625-.176l.76.755z" fill="currentColor"></path></svg></button></div><div aria-live="polite" aria-atomic="true" role="tooltip"></div></div></div></article></li><li class="pt-grid-item ln-o-grid__item ln-u-6/12@xs ln-u-1/3@sm ln-u-3/12@md ln-u-2/12@xl"><article data-testid="product-tile-7855600" class="ln-c-card pt pt-card"><div aria-hidden="true"></div><div class="pt__content"><div class="pt__image-wrapper"><div><div class="pt-image__ribbon-wrapper"><a href="https://www.sainsburys.co.uk/gol-ui/product/peroni-nastro-azzurro-lager-gluten-free-4x330ml" class="pt-image pt-image__link" tabindex="-1" aria-hidden="true"><picture><source srcset="https://assets.sainsburys-groceries.co.uk/gol/7855600/image.webp" type="image/webp"><source srcset="https://assets.sainsburys-groceries.co.uk/gol/7855600/image.jpg" type="image/jpeg"><img title="Peroni Nastro Azzurro Gluten Free Beer Lager Bottles 4x330ml" src="https://assets.sainsburys-groceries.co.uk/gol/7855600/image.jpg" alt="Peroni Nastro Azzurro Gluten Free Beer Lager Bottles 4x330ml" aria-hidden="true" data-testid="pt-image"></picture></a></div></div><div class="product-header product-header--citrus">&nbsp;</div></div><div class="pt__wrapper"><div class="pt__wrapper-inner"><div class="pt__wrapper__top"><div class="pt__info"><div class="product-description-box"><div><h2 class="pt__info__description" data-testid="product-tile-description"><a href="https://www.sainsburys.co.uk/gol-ui/product/peroni-nastro-azzurro-lager-gluten-free-4x330ml" class="pt__link" title="Peroni Nastro Azzurro Gluten Free Beer Lager Bottles 4x330ml" aria-label="Peroni Nastro Azzurro Gluten Free Beer Lager Bottles 4x330ml">Peroni Nastro Azzurro Gluten Free Beer Lager Bottles 4x330ml</a></h2></div></div><div class="star-rating-container"><div><a href="https://www.sainsburys.co.uk/gol-ui/product/peroni-nastro-azzurro-lager-gluten-free-4x330ml" class="star-rating-link" data-testid="star-rating" aria-label="4.5 out of 5, 8 reviews"><span class="ds-c-rating ds-c-rating--primary ds-c-rating--md" data-testid="review-count" data-pkgid="@sainsburys-tech/fable-3.53.0-rating"><div class="ds-c-rating__stars" role="img" title="Rating 4.5 out of 5" aria-label="Rating 4.5 out of 5, from 8 reviews"><svg fill="none" xmlns="http://www.w3.org/2000/svg" viewBox="0 0 24 24" role="img" aria-hidden="true"><defs><linearGradient id="star-gradient-:ds302:" x1="0" y1="0" x2="1" y2="0"><stop offset="100%"></stop><stop offset="0%"></stop></linearGradient></defs><path d="M11.613 18.413 7.473 20.7a.8.8 0 0 1-1.177-.828l.802-4.987a.801.801 0 0 0-.215-.685l-3.457-3.57a.802.802 0 0 1 .452-1.348l4.711-.732a.8.8 0 0 0 .602-.45l2.084-4.44a.8.8 0 0 1 1.45 0l2.084 4.44a.8.8 0 0 0 .602.45l4.711.732a.801.801 0 0 1 .452 1.349l-3.457 3.57a.8.8 0 0 0-.215.684l.801 4.987a.8.8 0 0 1-1.177.828l-4.14-2.287a.8.8 0 0 0-.773 0Z" fill="url(#star-gradient-:ds302:)"></path></svg><svg fill="none" xmlns="http://www.w3.org/2000/svg" viewBox="0 0 24 24" role="img" aria-hidden="true"><defs><linearGradient id="star-gradient-:ds303:" x1="0" y1="0" x2="1" y2="0"><stop offset="100%"></stop><stop offset="0%"></stop></linearGradient></defs><path d="M11.613 18.413 7.473 20.7a.8.8 0 0 1-1.177-.828l.802-4.987a.801.801 0 0 0-.215-.685l-3.457-3.57a.802.802 0 0 1 .452-1.348l4.711-.732a.8.8 0 0 0 .602-.45l2.084-4.44a.8.8 0 0 1 1.45 0l2.084 4.44a.8.8 0 0 0 .602.45l4.711.732a.801.801 0 0 1 .452 1.349l-3.457 3.57a.8.8 0 0 0-.215.684l.801 4.987a.8.8 0 0 1-1.177.828l-4.14-2.287a.8.8 0 0 0-.773 0Z" fill="url(#star-gradient-:ds303:)"></path></svg><svg fill="none" xmlns="http://www.w3.org/2000/svg" viewBox="0 0 24 24" role="img" aria-hidden="true"><defs><linearGradient id="star-gradient-:ds304:" x1="0" y1="0" x2="1" y2="0"><stop offset="100%"></stop><stop offset="0%"></stop></linearGradient></defs><path d="M11.613 18.413 7.473 20.7a.8.8 0 0 1-1.177-.828l.802-4.987a.801.801 0 0 0-.215-.685l-3.457-3.57a.802.802 0 0 1 .452-1.348l4.711-.732a.8.8 0 0 0 .602-.45l2.084-4.44a.8.8 0 0 1 1.45 0l2.084 4.44a.8.8 0 0 0 .602.45l4.711.732a.801.801 0 0 1 .452 1.349l-3.457 3.57a.8.8 0 0 0-.215.684l.801 4.987a.8.8 0 0 1-1.177.828l-4.14-2.287a.8.8 0 0 0-.773 0Z" fill="url(#star-gradient-:ds304:)"></path></svg><svg fill="none" xmlns="http://www.w3.org/2000/svg" viewBox="0 0 24 24" role="img" aria-hidden="true"><defs><linearGradient id="star-gradient-:ds305:" x1="0" y1="0" x2="1" y2="0"><stop offset="100%"></stop><stop offset="0%"></stop></linearGradient></defs><path d="M11.613 18.413 7.473 20.7a.8.8 0 0 1-1.177-.828l.802-4.987a.801.801 0 0 0-.215-.685l-3.457-3.57a.802.802 0 0 1 .452-1.348l4.711-.732a.8.8 0 0 0 .602-.45l2.084-4.44a.8.8 0 0 1 1.45 0l2.084 4.44a.8.8 0 0 0 .602.45l4.711.732a.801.801 0 0 1 .452 1.349l-3.457 3.57a.8.8 0 0 0-.215.684l.801 4.987a.8.8 0 0 1-1.177.828l-4.14-2.287a.8.8 0 0 0-.773 0Z" fill="url(#star-gradient-:ds305:)"></path></svg><svg fill="none" xmlns="http://www.w3.org/2000/svg" viewBox="0 0 24 24" role="img" aria-hidden="true"><defs><linearGradient id="star-gradient-:ds306:" x1="0" y1="0" x2="1" y2="0"><stop offset="50%"></stop><stop offset="0%"></stop></linearGradient></defs><path d="M11.613 18.413 7.473 20.7a.8.8 0 0 1-1.177-.828l.802-4.987a.801.801 0 0 0-.215-.685l-3.457-3.57a.802.802 0 0 1 .452-1.348l4.711-.732a.8.8 0 0 0 .602-.45l2.084-4.44a.8.8 0 0 1 1.45 0l2.084 4.44a.8.8 0 0 0 .602.45l4.711.732a.801.801 0 0 1 .452 1.349l-3.457 3.57a.8.8 0 0 0-.215.684l.801 4.987a.8.8 0 0 1-1.177.828l-4.14-2.287a.8.8 0 0 0-.773 0Z" fill="url(#star-gradient-:ds306:)"></path></svg></div><div class="ds-c-rating__body"><span class="ds-c-rating__rating-content" aria-hidden="true">(8)</span></div></span></a></div></div></div></div><div class="pt__wrapper__bottom"><div class="pt__data-entry"></div><div class="pt__cost"><div data-testid="pt-retail-price-and-unit" class="pt__cost__retail-price__wrapper pt__cost__retail-price__wrapper--no-promo"><span class="pt__cost__retail-price" data-testid="pt-retail-price">£7.50</span><span data-testid="pt-unit-price" class="pt__cost__unit-price-per-measure">£5.68 / ltr</span></div></div></div></div><div class="pt__controls" data-testid="pt-control-buttons"><div class="pt-button"><button data-testid="add-button" aria-label="Add Peroni Nastro Azzurro Gluten Free Beer Lager Bottles 4x330ml to trolley" class="ln-c-button ln-c-button--filled ln-c-button--full pt__add-button" type="button">Add</button></div></div></div></div><div class="pt__icons__fav"><div data-testid="fav_heart-tooltip" class="ln-c-tooltip"><div><button class="pt__icons__fav--cta" data-testid="favourite-icon-empty" aria-label="Add to favourites"><svg role="presentation" class="pt__icons__fav--icon-empty ln-c-icon" viewBox="0 0 24 24" xmlns="http://www.w3.org/2000/svg"><title>Favourites</title><path d="M12 9.04l-1.992-2.002a3.502 3.502 0 0 0-4.975-.003 3.579 3.579 0 0 0 .003 5.034l6.842 6.88a.17.17 0 0 0 .243 0l6.842-6.88a3.576 3.576 0 0 0 .003-5.034 3.505 3.505 0 0 0-4.975.003l-1.992 2.003zm0-2.836l.759-.755a5.505 5.505 0 0 1 7.625.176 5.576 5.576 0 0 1-.003 7.855l-6.842 6.88a2.17 2.17 0 0 1-3.08 0l-6.841-6.88a5.579 5.579 0 0 1-.003-7.855 5.502 5.502 0 0 1 7.625-.176l.76.755z" fill="currentColor"></path></svg></button></div><div aria-live="polite" aria-atomic="true" role="tooltip"></div></div></div></article></li><li class="pt-grid-item ln-o-grid__item ln-u-6/12@xs ln-u-1/3@sm ln-u-3/12@md ln-u-2/12@xl"><article data-testid="product-tile-8153048" class="ln-c-card pt pt-card"><div aria-hidden="true"></div><div class="pt__content"><div class="pt__image-wrapper"><div><div class="pt-image__ribbon-wrapper"><a href="https://www.sainsburys.co.uk/gol-ui/product/old-speckled-hen-english-pale-ale-10x440ml" class="pt-image pt-image__link" tabindex="-1" aria-hidden="true"><picture><source srcset="https://assets.sainsburys-groceries.co.uk/gol/8153048/image.webp" type="image/webp"><source srcset="https://assets.sainsburys-groceries.co.uk/gol/8153048/image.jpg" type="image/jpeg"><img title="Old Speckled Hen Pale Ale Beer Cans 10x440ml" src="https://assets.sainsburys-groceries.co.uk/gol/8153048/image.jpg" alt="Old Speckled Hen Pale Ale Beer Cans 10x440ml" aria-hidden="true" data-testid="pt-image"></picture></a></div></div><div class="product-header product-header--citrus">&nbsp;</div></div><div class="pt__wrapper"><div class="pt__wrapper-inner"><div class="pt__wrapper__top"><div class="pt__info"><div class="product-description-box"><div><h2 class="pt__info__description" data-testid="product-tile-description"><a href="https://www.sainsburys.co.uk/gol-ui/product/old-speckled-hen-english-pale-ale-10x440ml" class="pt__link" title="Old Speckled Hen Pale Ale Beer Cans 10x440ml" aria-label="Old Speckled Hen Pale Ale Beer Cans 10x440ml">Old Speckled Hen Pale Ale Beer Cans 10x440ml</a></h2></div></div><div class="star-rating-container"><div><a href="https://www.sainsburys.co.uk/gol-ui/product/old-speckled-hen-english-pale-ale-10x440ml" class="star-rating-link" data-testid="star-rating" aria-label="4.4 out of 5, 14 reviews"><span class="ds-c-rating ds-c-rating--primary ds-c-rating--md" data-testid="review-count" data-pkgid="@sainsburys-tech/fable-3.53.0-rating"><div class="ds-c-rating__stars" role="img" title="Rating 4.4 out of 5" aria-label="Rating 4.4 out of 5, from 14 reviews"><svg fill="none" xmlns="http://www.w3.org/2000/svg" viewBox="0 0 24 24" role="img" aria-hidden="true"><defs><linearGradient id="star-gradient-:ds307:" x1="0" y1="0" x2="1" y2="0"><stop offset="100%"></stop><stop offset="0%"></stop></linearGradient></defs><path d="M11.613 18.413 7.473 20.7a.8.8 0 0 1-1.177-.828l.802-4.987a.801.801 0 0 0-.215-.685l-3.457-3.57a.802.802 0 0 1 .452-1.348l4.711-.732a.8.8 0 0 0 .602-.45l2.084-4.44a.8.8 0 0 1 1.45 0l2.084 4.44a.8.8 0 0 0 .602.45l4.711.732a.801.801 0 0 1 .452 1.349l-3.457 3.57a.8.8 0 0 0-.215.684l.801 4.987a.8.8 0 0 1-1.177.828l-4.14-2.287a.8.8 0 0 0-.773 0Z" fill="url(#star-gradient-:ds307:)"></path></svg><svg fill="none" xmlns="http://www.w3.org/2000/svg" viewBox="0 0 24 24" role="img" aria-hidden="true"><defs><linearGradient id="star-gradient-:ds308:" x1="0" y1="0" x2="1" y2="0"><stop offset="100%"></stop><stop offset="0%"></stop></linearGradient></defs><path d="M11.613 18.413 7.473 20.7a.8.8 0 0 1-1.177-.828l.802-4.987a.801.801 0 0 0-.215-.685l-3.457-3.57a.802.802 0 0 1 .452-1.348l4.711-.732a.8.8 0 0 0 .602-.45l2.084-4.44a.8.8 0 0 1 1.45 0l2.084 4.44a.8.8 0 0 0 .602.45l4.711.732a.801.801 0 0 1 .452 1.349l-3.457 3.57a.8.8 0 0 0-.215.684l.801 4.987a.8.8 0 0 1-1.177.828l-4.14-2.287a.8.8 0 0 0-.773 0Z" fill="url(#star-gradient-:ds308:)"></path></svg><svg fill="none" xmlns="http://www.w3.org/2000/svg" viewBox="0 0 24 24" role="img" aria-hidden="true"><defs><linearGradient id="star-gradient-:ds309:" x1="0" y1="0" x2="1" y2="0"><stop offset="100%"></stop><stop offset="0%"></stop></linearGradient></defs><path d="M11.613 18.413 7.473 20.7a.8.8 0 0 1-1.177-.828l.802-4.987a.801.801 0 0 0-.215-.685l-3.457-3.57a.802.802 0 0 1 .452-1.348l4.711-.732a.8.8 0 0 0 .602-.45l2.084-4.44a.8.8 0 0 1 1.45 0l2.084 4.44a.8.8 0 0 0 .602.45l4.711.732a.801.801 0 0 1 .452 1.349l-3.457 3.57a.8.8 0 0 0-.215.684l.801 4.987a.8.8 0 0 1-1.177.828l-4.14-2.287a.8.8 0 0 0-.773 0Z" fill="url(#star-gradient-:ds309:)"></path></svg><svg fill="none" xmlns="http://www.w3.org/2000/svg" viewBox="0 0 24 24" role="img" aria-hidden="true"><defs><linearGradient id="star-gradient-:ds310:" x1="0" y1="0" x2="1" y2="0"><stop offset="100%"></stop><stop offset="0%"></stop></linearGradient></defs><path d="M11.613 18.413 7.473 20.7a.8.8 0 0 1-1.177-.828l.802-4.987a.801.801 0 0 0-.215-.685l-3.457-3.57a.802.802 0 0 1 .452-1.348l4.711-.732a.8.8 0 0 0 .602-.45l2.084-4.44a.8.8 0 0 1 1.45 0l2.084 4.44a.8.8 0 0 0 .602.45l4.711.732a.801.801 0 0 1 .452 1.349l-3.457 3.57a.8.8 0 0 0-.215.684l.801 4.987a.8.8 0 0 1-1.177.828l-4.14-2.287a.8.8 0 0 0-.773 0Z" fill="url(#star-gradient-:ds310:)"></path></svg><svg fill="none" xmlns="http://www.w3.org/2000/svg" viewBox="0 0 24 24" role="img" aria-hidden="true"><defs><linearGradient id="star-gradient-:ds311:" x1="0" y1="0" x2="1" y2="0"><stop offset="42.86000000000003%"></stop><stop offset="0%"></stop></linearGradient></defs><path d="M11.613 18.413 7.473 20.7a.8.8 0 0 1-1.177-.828l.802-4.987a.801.801 0 0 0-.215-.685l-3.457-3.57a.802.802 0 0 1 .452-1.348l4.711-.732a.8.8 0 0 0 .602-.45l2.084-4.44a.8.8 0 0 1 1.45 0l2.084 4.44a.8.8 0 0 0 .602.45l4.711.732a.801.801 0 0 1 .452 1.349l-3.457 3.57a.8.8 0 0 0-.215.684l.801 4.987a.8.8 0 0 1-1.177.828l-4.14-2.287a.8.8 0 0 0-.773 0Z" fill="url(#star-gradient-:ds311:)"></path></svg></div><div class="ds-c-rating__body"><span class="ds-c-rating__rating-content" aria-hidden="true">(14)</span></div></span></a></div></div></div></div><div class="pt__wrapper__bottom"><div class="pt__data-entry"></div><div class="pt__cost"><div data-testid="pt-retail-price-and-unit" class="pt__cost__retail-price__wrapper pt__cost__retail-price__wrapper--no-promo"><span class="pt__cost__retail-price" data-testid="pt-retail-price">£12.50</span><span data-testid="pt-unit-price" class="pt__cost__unit-price-per-measure">£2.84 / ltr</span></div></div></div></div><div class="pt__controls" data-testid="pt-control-buttons"><div class="pt-button"><button data-testid="add-button" aria-label="Add Old Speckled Hen Pale Ale Beer Cans 10x440ml to trolley" class="ln-c-button ln-c-button--filled ln-c-button--full pt__add-button" type="button">Add</button></div></div></div></div><div class="pt__icons__fav"><div data-testid="fav_heart-tooltip" class="ln-c-tooltip"><div><button class="pt__icons__fav--cta" data-testid="favourite-icon-empty" aria-label="Add to favourites"><svg role="presentation" class="pt__icons__fav--icon-empty ln-c-icon" viewBox="0 0 24 24" xmlns="http://www.w3.org/2000/svg"><title>Favourites</title><path d="M12 9.04l-1.992-2.002a3.502 3.502 0 0 0-4.975-.003 3.579 3.579 0 0 0 .003 5.034l6.842 6.88a.17.17 0 0 0 .243 0l6.842-6.88a3.576 3.576 0 0 0 .003-5.034 3.505 3.505 0 0 0-4.975.003l-1.992 2.003zm0-2.836l.759-.755a5.505 5.505 0 0 1 7.625.176 5.576 5.576 0 0 1-.003 7.855l-6.842 6.88a2.17 2.17 0 0 1-3.08 0l-6.841-6.88a5.579 5.579 0 0 1-.003-7.855 5.502 5.502 0 0 1 7.625-.176l.76.755z" fill="currentColor"></path></svg></button></div><div aria-live="polite" aria-atomic="true" role="tooltip"></div></div></div></article></li><li class="pt-grid-item ln-o-grid__item ln-u-6/12@xs ln-u-1/3@sm ln-u-3/12@md ln-u-2/12@xl"><article data-testid="product-tile-7057184" class="ln-c-card pt pt-card"><div aria-hidden="true"></div><div class="pt__content"><div class="pt__image-wrapper"><div><div class="pt-image__ribbon-wrapper"><a href="https://www.sainsburys.co.uk/gol-ui/product/thwaites-wainwright-golden-ale-500ml" class="pt-image pt-image__link" tabindex="-1" aria-hidden="true"><picture><source srcset="https://assets.sainsburys-groceries.co.uk/gol/7057184/image.webp" type="image/webp"><source srcset="https://assets.sainsburys-groceries.co.uk/gol/7057184/image.jpg" type="image/jpeg"><img title="Wainwright Golden Ale Beer Bottle 500ml" src="https://assets.sainsburys-groceries.co.uk/gol/7057184/image.jpg" alt="Wainwright Golden Ale Beer Bottle 500ml" aria-hidden="true" data-testid="pt-image"></picture></a></div></div><div class="product-header product-header--citrus">&nbsp;</div></div><div class="pt__wrapper"><div class="pt__wrapper-inner"><div class="pt__wrapper__top"><div class="pt__info"><div class="product-description-box"><div><h2 class="pt__info__description" data-testid="product-tile-description"><a href="https://www.sainsburys.co.uk/gol-ui/product/thwaites-wainwright-golden-ale-500ml" class="pt__link" title="Wainwright Golden Ale Beer Bottle 500ml" aria-label="Wainwright Golden Ale Beer Bottle 500ml">Wainwright Golden Ale Beer Bottle 500ml</a></h2></div></div><div class="star-rating-container"><div><a href="https://www.sainsburys.co.uk/gol-ui/product/thwaites-wainwright-golden-ale-500ml" class="star-rating-link" data-testid="star-rating" aria-label="4 out of 5, 4 reviews"><span class="ds-c-rating ds-c-rating--primary ds-c-rating--md" data-testid="review-count" data-pkgid="@sainsburys-tech/fable-3.53.0-rating"><div class="ds-c-rating__stars" role="img" title="Rating 4 out of 5" aria-label="Rating 4 out of 5, from 4 reviews"><svg fill="none" xmlns="http://www.w3.org/2000/svg" viewBox="0 0 24 24" role="img" aria-hidden="true"><defs><linearGradient id="star-gradient-:ds312:" x1="0" y1="0" x2="1" y2="0"><stop offset="100%"></stop><stop offset="0%"></stop></linearGradient></defs><path d="M11.613 18.413 7.473 20.7a.8.8 0 0 1-1.177-.828l.802-4.987a.801.801 0 0 0-.215-.685l-3.457-3.57a.802.802 0 0 1 .452-1.348l4.711-.732a.8.8 0 0 0 .602-.45l2.084-4.44a.8.8 0 0 1 1.45 0l2.084 4.44a.8.8 0 0 0 .602.45l4.711.732a.801.801 0 0 1 .452 1.349l-3.457 3.57a.8.8 0 0 0-.215.684l.801 4.987a.8.8 0 0 1-1.177.828l-4.14-2.287a.8.8 0 0 0-.773 0Z" fill="url(#star-gradient-:ds312:)"></path></svg><svg fill="none" xmlns="http://www.w3.org/2000/svg" viewBox="0 0 24 24" role="img" aria-hidden="true"><defs><linearGradient id="star-gradient-:ds313:" x1="0" y1="0" x2="1" y2="0"><stop offset="100%"></stop><stop offset="0%"></stop></linearGradient></defs><path d="M11.613 18.413 7.473 20.7a.8.8 0 0 1-1.177-.828l.802-4.987a.801.801 0 0 0-.215-.685l-3.457-3.57a.802.802 0 0 1 .452-1.348l4.711-.732a.8.8 0 0 0 .602-.45l2.084-4.44a.8.8 0 0 1 1.45 0l2.084 4.44a.8.8 0 0 0 .602.45l4.711.732a.801.801 0 0 1 .452 1.349l-3.457 3.57a.8.8 0 0 0-.215.684l.801 4.987a.8.8 0 0 1-1.177.828l-4.14-2.287a.8.8 0 0 0-.773 0Z" fill="url(#star-gradient-:ds313:)"></path></svg><svg fill="none" xmlns="http://www.w3.org/2000/svg" viewBox="0 0 24 24" role="img" aria-hidden="true"><defs><linearGradient id="star-gradient-:ds314:" x1="0" y1="0" x2="1" y2="0"><stop offset="100%"></stop><stop offset="0%"></stop></linearGradient></defs><path d="M11.613 18.413 7.473 20.7a.8.8 0 0 1-1.177-.828l.802-4.987a.801.801 0 0 0-.215-.685l-3.457-3.57a.802.802 0 0 1 .452-1.348l4.711-.732a.8.8 0 0 0 .602-.45l2.084-4.44a.8.8 0 0 1 1.45 0l2.084 4.44a.8.8 0 0 0 .602.45l4.711.732a.801.801 0 0 1 .452 1.349l-3.457 3.57a.8.8 0 0 0-.215.684l.801 4.987a.8.8 0 0 1-1.177.828l-4.14-2.287a.8.8 0 0 0-.773 0Z" fill="url(#star-gradient-:ds314:)"></path></svg><svg fill="none" xmlns="http://www.w3.org/2000/svg" viewBox="0 0 24 24" role="img" aria-hidden="true"><defs><linearGradient id="star-gradient-:ds315:" x1="0" y1="0" x2="1" y2="0"><stop offset="100%"></stop><stop offset="0%"></stop></linearGradient></defs><path d="M11.613 18.413 7.473 20.7a.8.8 0 0 1-1.177-.828l.802-4.987a.801.801 0 0 0-.215-.685l-3.457-3.57a.802.802 0 0 1 .452-1.348l4.711-.732a.8.8 0 0 0 .602-.45l2.084-4.44a.8.8 0 0 1 1.45 0l2.084 4.44a.8.8 0 0 0 .602.45l4.711.732a.801.801 0 0 1 .452 1.349l-3.457 3.57a.8.8 0 0 0-.215.684l.801 4.987a.8.8 0 0 1-1.177.828l-4.14-2.287a.8.8 0 0 0-.773 0Z" fill="url(#star-gradient-:ds315:)"></path></svg><svg fill="none" xmlns="http://www.w3.org/2000/svg" viewBox="0 0 24 24" role="img" aria-hidden="true"><defs><linearGradient id="star-gradient-:ds316:" x1="0" y1="0" x2="1" y2="0"><stop offset="0%"></stop><stop offset="0%"></stop></linearGradient></defs><path d="M11.613 18.413 7.473 20.7a.8.8 0 0 1-1.177-.828l.802-4.987a.801.801 0 0 0-.215-.685l-3.457-3.57a.802.802 0 0 1 .452-1.348l4.711-.732a.8.8 0 0 0 .602-.45l2.084-4.44a.8.8 0 0 1 1.45 0l2.084 4.44a.8.8 0 0 0 .602.45l4.711.732a.801.801 0 0 1 .452 1.349l-3.457 3.57a.8.8 0 0 0-.215.684l.801 4.987a.8.8 0 0 1-1.177.828l-4.14-2.287a.8.8 0 0 0-.773 0Z" fill="url(#star-gradient-:ds316:)"></path></svg></div><div class="ds-c-rating__body"><span class="ds-c-rating__rating-content" aria-hidden="true">(4)</span></div></span></a></div></div></div></div><div class="pt__wrapper__bottom"><div class="pt__data-entry"></div><ul class="pt__promotions" data-testid="pt-promotions"><li class="pt__promotion"><div><div class="promotion-message"><a href="/gol-ui/promo-lister/10650144" target="_self" class="promotion-message__link promotion-message__link--purple" data-testid="pt-promotions-10650144" aria-label="Wainwright Golden Ale Beer Bottle 500ml, Buy any 4 for £7.00 with Nectar">Buy any 4 for £7.00 with Nectar</a></div></div></li></ul><div class="pt__cost"><div data-testid="pt-retail-price-and-unit" class="pt__cost__retail-price__wrapper pt__cost__retail-price__wrapper--no-promo"><span class="pt__cost__retail-price" data-testid="pt-retail-price">£2.10</span><span data-testid="pt-unit-price" class="pt__cost__unit-price-per-measure">£4.20 / ltr</span></div></div></div></div><div class="pt__controls" data-testid="pt-control-buttons"><div class="pt-button"><button data-testid="add-button" aria-label="Add Wainwright Golden Ale Beer Bottle 500ml to trolley" class="ln-c-button ln-c-button--filled ln-c-button--full pt__add-button" type="button">Add</button></div></div></div></div><div class="pt__icons__fav"><div data-testid="fav_heart-tooltip" class="ln-c-tooltip"><div><button class="pt__icons__fav--cta" data-testid="favourite-icon-empty" aria-label="Add to favourites"><svg role="presentation" class="pt__icons__fav--icon-empty ln-c-icon" viewBox="0 0 24 24" xmlns="http://www.w3.org/2000/svg"><title>Favourites</title><path d="M12 9.04l-1.992-2.002a3.502 3.502 0 0 0-4.975-.003 3.579 3.579 0 0 0 .003 5.034l6.842 6.88a.17.17 0 0 0 .243 0l6.842-6.88a3.576 3.576 0 0 0 .003-5.034 3.505 3.505 0 0 0-4.975.003l-1.992 2.003zm0-2.836l.759-.755a5.505 5.505 0 0 1 7.625.176 5.576 5.576 0 0 1-.003 7.855l-6.842 6.88a2.17 2.17 0 0 1-3.08 0l-6.841-6.88a5.579 5.579 0 0 1-.003-7.855 5.502 5.502 0 0 1 7.625-.176l.76.755z" fill="currentColor"></path></svg></button></div><div aria-live="polite" aria-atomic="true" role="tooltip"></div></div></div></article></li></ul></div></div><section class="ln-o-section ln-u-soft-sm"><div class="search-feedback"><h3>Search feedback</h3><span>Were these results helpful?</span><div class="search-feedback__buttons"><button data-testid="feedback-btn-confirm" class="ln-c-button ln-c-button--outlined feedback-btn" type="button">Yes</button><button data-testid="feedback-btn-reject" class="ln-c-button ln-c-button--outlined feedback-btn" type="button">No</button></div></div><div class="conditional-render-wrapper"><div data-testid="product-pagination" class="ln-o-grid"><div class="ln-o-grid__item ln-u-12/12"><nav class="product-pagination ln-c-pagination ln-c-pagination--first-last ln-c-pagination--pages" aria-label="Page navigation"><ul class="ln-c-pagination__list"><li class="ln-c-pagination__item ln-c-pagination__item--first"><button rel="first" class="ln-c-pagination__link is-disabled" disabled="" aria-label="First page" type="button" aria-disabled="true"><svg aria-hidden="true" class="ln-c-icon" viewBox="0 0 24 24" xmlns="http://www.w3.org/2000/svg"><title>Arrow first</title><path d="M12.414 12l6.293 6.293a1 1 0 0 1-1.414 1.414l-7-7a1 1 0 0 1 0-1.414l7-7a1 1 0 0 1 1.414 1.414L12.414 12zM6 6a1 1 0 1 1 0-2 1 1 0 0 1 0 2zm0 14a1 1 0 1 1 0-2 1 1 0 0 1 0 2zM7 5v14H5V5h2z" fill="currentColor"></path></svg></button></li><li class="ln-c-pagination__item ln-c-pagination__item--previous"><button rel="prev" class="ln-c-pagination__link is-disabled" disabled="" aria-label="Previous page" type="button" aria-disabled="true"><svg aria-hidden="true" class="ln-c-icon" viewBox="0 0 24 24" xmlns="http://www.w3.org/2000/svg"><title>Arrow left</title><path d="M9.414 12l6.293-6.293a1 1 0 1 0-1.414-1.414l-7 7a1 1 0 0 0 0 1.414l7 7a1 1 0 0 0 1.414-1.414L9.414 12z" fill="currentColor"></path></svg></button></li><li class="ln-c-pagination__info" aria-live="polite" aria-atomic="true"><span class="ln-u-visually-hidden@max-xs">Page&nbsp;</span>1 of 7</li><li class="ln-c-pagination__item ln-c-pagination__item--page is-current"><a rel="first" class="ln-c-pagination__link" aria-label="Current page, 1st page" aria-current="true" href="#1">1</a></li><li class="ln-c-pagination__item ln-c-pagination__item--page"><a rel="next" class="ln-c-pagination__link" aria-label="2nd page" href="#2">2</a></li><li class="ln-c-pagination__item ln-c-pagination__item--page"><a class="ln-c-pagination__link" aria-label="3rd page" href="#3">3</a></li><li class="ln-c-pagination__item ln-c-pagination__item--page"><a class="ln-c-pagination__link" aria-label="4th page" href="#4">4</a></li><li class="ln-c-pagination__item ln-c-pagination__item--page"><a class="ln-c-pagination__link" aria-label="5th page" href="#5">5</a></li><li class="ln-c-pagination__item ln-c-pagination__item--page"><a class="ln-c-pagination__link" aria-label="6th page" href="#6">6</a></li><li class="ln-c-pagination__item ln-c-pagination__item--page"><a rel="last" class="ln-c-pagination__link" aria-label="7th page" href="#7">7</a></li><li class="ln-c-pagination__item ln-c-pagination__item--next"><a rel="next" class="ln-c-pagination__link" aria-label="Next page" href="#2"><svg aria-hidden="true" class="ln-c-icon" viewBox="0 0 24 24" xmlns="http://www.w3.org/2000/svg"><title>Arrow right</title><path d="M8.293 18.293a1 1 0 0 0 1.414 1.414l7-7a1 1 0 0 0 0-1.414l-7-7a1 1 0 0 0-1.414 1.414L14.586 12l-6.293 6.293z" fill="currentColor"></path></svg></a></li><li class="ln-c-pagination__item ln-c-pagination__item--last"><a rel="last" class="ln-c-pagination__link" aria-label="Last page" href="#7"><svg aria-hidden="true" class="ln-c-icon" viewBox="0 0 24 24" xmlns="http://www.w3.org/2000/svg"><title>Arrow last</title><path d="M11.586 12l-6.293 6.293a1 1 0 0 0 1.414 1.414l7-7a1 1 0 0 0 0-1.414l-7-7a1 1 0 0 0-1.414 1.414L11.586 12zM18 6a1 1 0 1 0 0-2 1 1 0 0 0 0 2zm0 14a1 1 0 1 0 0-2 1 1 0 0 0 0 2zM17 5v14h2V5h-2z" fill="currentColor"></path></svg></a></li></ul></nav></div></div></div><div class="pt-extra-row"><ul class="ln-o-grid ln-o-grid--matrix ln-o-grid--equal-height"><li class="pt-grid-item ln-o-grid__item ln-u-1/2@xs ln-u-1/3@sm ln-u-1/4@md ln-u-1/5@xl"><article data-testid="product-tile-8071198" class="ln-c-card pt pt-card"><div aria-hidden="true"><div class="product-details-title__tag"><span data-testid="nectar-price-label" class="promotional-tag--nectar">Nectar Price</span></div></div><div class="pt__content pt__content--with-header"><div class="pt__image-wrapper"><div><div class="pt-image__ribbon-wrapper"><a href="https://www.sainsburys.co.uk/gol-ui/product/aqua-libra-sparkling-water-infused-with-raspberry-blackcurrant-4x330ml" class="pt-image pt-image__link" tabindex="-1" aria-hidden="true"><picture><source srcset="https://assets.sainsburys-groceries.co.uk/gol/8071198/image.webp" type="image/webp"><source srcset="https://assets.sainsburys-groceries.co.uk/gol/8071198/image.jpg" type="image/jpeg"><img title="Aqua Libra Sparkling Water Infused with Raspberry &amp; Blackcurrant 4x330ml" src="https://assets.sainsburys-groceries.co.uk/gol/8071198/image.jpg" alt="Aqua Libra Sparkling Water Infused with Raspberry &amp; Blackcurrant 4x330ml" aria-hidden="true" data-testid="pt-image"></picture></a></div></div><div data-testid="citrus-label"><div data-testid="product-header" class="product-header product-header--citrus" aria-hidden="true">Sponsored</div></div></div><div class="pt__wrapper"><div class="pt__wrapper-inner"><div class="pt__wrapper__top"><div class="pt__info"><div class="product-description-box"><div><h2 class="pt__info__description" data-testid="product-tile-description"><a href="https://www.sainsburys.co.uk/gol-ui/product/aqua-libra-sparkling-water-infused-with-raspberry-blackcurrant-4x330ml" class="pt__link" title="Aqua Libra Sparkling Water Infused with Raspberry &amp; Blackcurrant 4x330ml" aria-label="Nectar Price, Sponsored, Aqua Libra Sparkling Water Infused with Raspberry &amp; Blackcur...">Aqua Libra Sparkling Water Infused with Raspberry &amp; Blackcur...</a></h2></div></div><div class="star-rating-container"><div><a href="https://www.sainsburys.co.uk/gol-ui/product/aqua-libra-sparkling-water-infused-with-raspberry-blackcurrant-4x330ml" class="star-rating-link" data-testid="star-rating" aria-label="3 out of 5, 24 reviews"><span class="ds-c-rating ds-c-rating--primary ds-c-rating--md" data-testid="review-count" data-pkgid="@sainsburys-tech/fable-3.53.0-rating"><div class="ds-c-rating__stars" role="img" title="Rating 3 out of 5" aria-label="Rating 3 out of 5, from 24 reviews"><svg fill="none" xmlns="http://www.w3.org/2000/svg" viewBox="0 0 24 24" role="img" aria-hidden="true"><defs><linearGradient id="star-gradient-:ds317:" x1="0" y1="0" x2="1" y2="0"><stop offset="100%"></stop><stop offset="0%"></stop></linearGradient></defs><path d="M11.613 18.413 7.473 20.7a.8.8 0 0 1-1.177-.828l.802-4.987a.801.801 0 0 0-.215-.685l-3.457-3.57a.802.802 0 0 1 .452-1.348l4.711-.732a.8.8 0 0 0 .602-.45l2.084-4.44a.8.8 0 0 1 1.45 0l2.084 4.44a.8.8 0 0 0 .602.45l4.711.732a.801.801 0 0 1 .452 1.349l-3.457 3.57a.8.8 0 0 0-.215.684l.801 4.987a.8.8 0 0 1-1.177.828l-4.14-2.287a.8.8 0 0 0-.773 0Z" fill="url(#star-gradient-:ds317:)"></path></svg><svg fill="none" xmlns="http://www.w3.org/2000/svg" viewBox="0 0 24 24" role="img" aria-hidden="true"><defs><linearGradient id="star-gradient-:ds318:" x1="0" y1="0" x2="1" y2="0"><stop offset="100%"></stop><stop offset="0%"></stop></linearGradient></defs><path d="M11.613 18.413 7.473 20.7a.8.8 0 0 1-1.177-.828l.802-4.987a.801.801 0 0 0-.215-.685l-3.457-3.57a.802.802 0 0 1 .452-1.348l4.711-.732a.8.8 0 0 0 .602-.45l2.084-4.44a.8.8 0 0 1 1.45 0l2.084 4.44a.8.8 0 0 0 .602.45l4.711.732a.801.801 0 0 1 .452 1.349l-3.457 3.57a.8.8 0 0 0-.215.684l.801 4.987a.8.8 0 0 1-1.177.828l-4.14-2.287a.8.8 0 0 0-.773 0Z" fill="url(#star-gradient-:ds318:)"></path></svg><svg fill="none" xmlns="http://www.w3.org/2000/svg" viewBox="0 0 24 24" role="img" aria-hidden="true"><defs><linearGradient id="star-gradient-:ds319:" x1="0" y1="0" x2="1" y2="0"><stop offset="100%"></stop><stop offset="0%"></stop></linearGradient></defs><path d="M11.613 18.413 7.473 20.7a.8.8 0 0 1-1.177-.828l.802-4.987a.801.801 0 0 0-.215-.685l-3.457-3.57a.802.802 0 0 1 .452-1.348l4.711-.732a.8.8 0 0 0 .602-.45l2.084-4.44a.8.8 0 0 1 1.45 0l2.084 4.44a.8.8 0 0 0 .602.45l4.711.732a.801.801 0 0 1 .452 1.349l-3.457 3.57a.8.8 0 0 0-.215.684l.801 4.987a.8.8 0 0 1-1.177.828l-4.14-2.287a.8.8 0 0 0-.773 0Z" fill="url(#star-gradient-:ds319:)"></path></svg><svg fill="none" xmlns="http://www.w3.org/2000/svg" viewBox="0 0 24 24" role="img" aria-hidden="true"><defs><linearGradient id="star-gradient-:ds320:" x1="0" y1="0" x2="1" y2="0"><stop offset="4.170000000000007%"></stop><stop offset="0%"></stop></linearGradient></defs><path d="M11.613 18.413 7.473 20.7a.8.8 0 0 1-1.177-.828l.802-4.987a.801.801 0 0 0-.215-.685l-3.457-3.57a.802.802 0 0 1 .452-1.348l4.711-.732a.8.8 0 0 0 .602-.45l2.084-4.44a.8.8 0 0 1 1.45 0l2.084 4.44a.8.8 0 0 0 .602.45l4.711.732a.801.801 0 0 1 .452 1.349l-3.457 3.57a.8.8 0 0 0-.215.684l.801 4.987a.8.8 0 0 1-1.177.828l-4.14-2.287a.8.8 0 0 0-.773 0Z" fill="url(#star-gradient-:ds320:)"></path></svg><svg fill="none" xmlns="http://www.w3.org/2000/svg" viewBox="0 0 24 24" role="img" aria-hidden="true"><defs><linearGradient id="star-gradient-:ds321:" x1="0" y1="0" x2="1" y2="0"><stop offset="0%"></stop><stop offset="0%"></stop></linearGradient></defs><path d="M11.613 18.413 7.473 20.7a.8.8 0 0 1-1.177-.828l.802-4.987a.801.801 0 0 0-.215-.685l-3.457-3.57a.802.802 0 0 1 .452-1.348l4.711-.732a.8.8 0 0 0 .602-.45l2.084-4.44a.8.8 0 0 1 1.45 0l2.084 4.44a.8.8 0 0 0 .602.45l4.711.732a.801.801 0 0 1 .452 1.349l-3.457 3.57a.8.8 0 0 0-.215.684l.801 4.987a.8.8 0 0 1-1.177.828l-4.14-2.287a.8.8 0 0 0-.773 0Z" fill="url(#star-gradient-:ds321:)"></path></svg></div><div class="ds-c-rating__body"><span class="ds-c-rating__rating-content" aria-hidden="true">(24)</span></div></span></a></div></div></div></div><div class="pt__wrapper__bottom"><div class="pt__data-entry"></div><div class="pt__cost"><div class="pt__cost__contextual--wrapper" data-testid="whole-contextual-price"><span data-testid="contextual-price" class="pt__cost__contextual pt__cost__contextual--with-nectar-not-associated"><span class="pt__cost--price" data-testid="contextual-price-text">£2.50</span></span><span data-testid="text-with-nectar" class="pt__with-or-without-nectar">with Nectar</span></div><div data-testid="pt-retail-price-and-unit" class="pt__cost__retail-price__wrapper"><span class="pt__cost__retail-price pt__cost__retail-price--with-nectar-not-associated" data-testid="pt-retail-price">£3.35</span><span data-testid="pt-unit-price" class="pt__cost__unit-price-per-measure">25p / 100ml</span></div></div></div></div><div class="pt__controls" data-testid="pt-control-buttons"><div class="pt-button"><button data-testid="add-button" aria-label="Add Aqua Libra Sparkling Water Infused with Raspberry &amp; Blackcurrant 4x330ml to trolley" class="ln-c-button ln-c-button--filled ln-c-button--full pt__add-button" type="button">Add</button></div></div></div></div><div class="pt__icons__fav"><div data-testid="fav_heart-tooltip" class="ln-c-tooltip"><div><button class="pt__icons__fav--cta" data-testid="favourite-icon-empty" aria-label="Add to favourites"><svg role="presentation" class="pt__icons__fav--icon-empty ln-c-icon" viewBox="0 0 24 24" xmlns="http://www.w3.org/2000/svg"><title>Favourites</title><path d="M12 9.04l-1.992-2.002a3.502 3.502 0 0 0-4.975-.003 3.579 3.579 0 0 0 .003 5.034l6.842 6.88a.17.17 0 0 0 .243 0l6.842-6.88a3.576 3.576 0 0 0 .003-5.034 3.505 3.505 0 0 0-4.975.003l-1.992 2.003zm0-2.836l.759-.755a5.505 5.505 0 0 1 7.625.176 5.576 5.576 0 0 1-.003 7.855l-6.842 6.88a2.17 2.17 0 0 1-3.08 0l-6.841-6.88a5.579 5.579 0 0 1-.003-7.855 5.502 5.502 0 0 1 7.625-.176l.76.755z" fill="currentColor"></path></svg></button></div><div aria-live="polite" aria-atomic="true" role="tooltip"></div></div></div></article></li><li class="pt-grid-item ln-o-grid__item ln-u-1/2@xs ln-u-1/3@sm ln-u-1/4@md ln-u-1/5@xl"><article data-testid="product-tile-8071193" class="ln-c-card pt pt-card"><div aria-hidden="true"><div class="product-details-title__tag"><span data-testid="nectar-price-label" class="promotional-tag--nectar">Nectar Price</span></div></div><div class="pt__content pt__content--with-header"><div class="pt__image-wrapper"><div><div class="pt-image__ribbon-wrapper"><a href="https://www.sainsburys.co.uk/gol-ui/product/aqua-libra-sparkling-water-infused-with-cucumber-mint-lime-4x330ml" class="pt-image pt-image__link" tabindex="-1" aria-hidden="true"><picture><source srcset="https://assets.sainsburys-groceries.co.uk/gol/8071193/image.webp" type="image/webp"><source srcset="https://assets.sainsburys-groceries.co.uk/gol/8071193/image.jpg" type="image/jpeg"><img title="Aqua Libra Sparkling Water Infused with Cucumber Mint &amp; Lime 4x330ml" src="https://assets.sainsburys-groceries.co.uk/gol/8071193/image.jpg" alt="Aqua Libra Sparkling Water Infused with Cucumber Mint &amp; Lime 4x330ml" aria-hidden="true" data-testid="pt-image"></picture></a></div></div><div data-testid="citrus-label"><div data-testid="product-header" class="product-header product-header--citrus" aria-hidden="true">Sponsored</div></div></div><div class="pt__wrapper"><div class="pt__wrapper-inner"><div class="pt__wrapper__top"><div class="pt__info"><div class="product-description-box"><div><h2 class="pt__info__description" data-testid="product-tile-description"><a href="https://www.sainsburys.co.uk/gol-ui/product/aqua-libra-sparkling-water-infused-with-cucumber-mint-lime-4x330ml" class="pt__link" title="Aqua Libra Sparkling Water Infused with Cucumber Mint &amp; Lime 4x330ml" aria-label="Nectar Price, Sponsored, Aqua Libra Sparkling Water Infused with Cucumber Mint &amp; Lime...">Aqua Libra Sparkling Water Infused with Cucumber Mint &amp; Lime...</a></h2></div></div><div class="star-rating-container"><div><a href="https://www.sainsburys.co.uk/gol-ui/product/aqua-libra-sparkling-water-infused-with-cucumber-mint-lime-4x330ml" class="star-rating-link" data-testid="star-rating" aria-label="3.5 out of 5, 43 reviews"><span class="ds-c-rating ds-c-rating--primary ds-c-rating--md" data-testid="review-count" data-pkgid="@sainsburys-tech/fable-3.53.0-rating"><div class="ds-c-rating__stars" role="img" title="Rating 3.5 out of 5" aria-label="Rating 3.5 out of 5, from 43 reviews"><svg fill="none" xmlns="http://www.w3.org/2000/svg" viewBox="0 0 24 24" role="img" aria-hidden="true"><defs><linearGradient id="star-gradient-:ds322:" x1="0" y1="0" x2="1" y2="0"><stop offset="100%"></stop><stop offset="0%"></stop></linearGradient></defs><path d="M11.613 18.413 7.473 20.7a.8.8 0 0 1-1.177-.828l.802-4.987a.801.801 0 0 0-.215-.685l-3.457-3.57a.802.802 0 0 1 .452-1.348l4.711-.732a.8.8 0 0 0 .602-.45l2.084-4.44a.8.8 0 0 1 1.45 0l2.084 4.44a.8.8 0 0 0 .602.45l4.711.732a.801.801 0 0 1 .452 1.349l-3.457 3.57a.8.8 0 0 0-.215.684l.801 4.987a.8.8 0 0 1-1.177.828l-4.14-2.287a.8.8 0 0 0-.773 0Z" fill="url(#star-gradient-:ds322:)"></path></svg><svg fill="none" xmlns="http://www.w3.org/2000/svg" viewBox="0 0 24 24" role="img" aria-hidden="true"><defs><linearGradient id="star-gradient-:ds323:" x1="0" y1="0" x2="1" y2="0"><stop offset="100%"></stop><stop offset="0%"></stop></linearGradient></defs><path d="M11.613 18.413 7.473 20.7a.8.8 0 0 1-1.177-.828l.802-4.987a.801.801 0 0 0-.215-.685l-3.457-3.57a.802.802 0 0 1 .452-1.348l4.711-.732a.8.8 0 0 0 .602-.45l2.084-4.44a.8.8 0 0 1 1.45 0l2.084 4.44a.8.8 0 0 0 .602.45l4.711.732a.801.801 0 0 1 .452 1.349l-3.457 3.57a.8.8 0 0 0-.215.684l.801 4.987a.8.8 0 0 1-1.177.828l-4.14-2.287a.8.8 0 0 0-.773 0Z" fill="url(#star-gradient-:ds323:)"></path></svg><svg fill="none" xmlns="http://www.w3.org/2000/svg" viewBox="0 0 24 24" role="img" aria-hidden="true"><defs><linearGradient id="star-gradient-:ds324:" x1="0" y1="0" x2="1" y2="0"><stop offset="100%"></stop><stop offset="0%"></stop></linearGradient></defs><path d="M11.613 18.413 7.473 20.7a.8.8 0 0 1-1.177-.828l.802-4.987a.801.801 0 0 0-.215-.685l-3.457-3.57a.802.802 0 0 1 .452-1.348l4.711-.732a.8.8 0 0 0 .602-.45l2.084-4.44a.8.8 0 0 1 1.45 0l2.084 4.44a.8.8 0 0 0 .602.45l4.711.732a.801.801 0 0 1 .452 1.349l-3.457 3.57a.8.8 0 0 0-.215.684l.801 4.987a.8.8 0 0 1-1.177.828l-4.14-2.287a.8.8 0 0 0-.773 0Z" fill="url(#star-gradient-:ds324:)"></path></svg><svg fill="none" xmlns="http://www.w3.org/2000/svg" viewBox="0 0 24 24" role="img" aria-hidden="true"><defs><linearGradient id="star-gradient-:ds325:" x1="0" y1="0" x2="1" y2="0"><stop offset="48.839999999999996%"></stop><stop offset="0%"></stop></linearGradient></defs><path d="M11.613 18.413 7.473 20.7a.8.8 0 0 1-1.177-.828l.802-4.987a.801.801 0 0 0-.215-.685l-3.457-3.57a.802.802 0 0 1 .452-1.348l4.711-.732a.8.8 0 0 0 .602-.45l2.084-4.44a.8.8 0 0 1 1.45 0l2.084 4.44a.8.8 0 0 0 .602.45l4.711.732a.801.801 0 0 1 .452 1.349l-3.457 3.57a.8.8 0 0 0-.215.684l.801 4.987a.8.8 0 0 1-1.177.828l-4.14-2.287a.8.8 0 0 0-.773 0Z" fill="url(#star-gradient-:ds325:)"></path></svg><svg fill="none" xmlns="http://www.w3.org/2000/svg" viewBox="0 0 24 24" role="img" aria-hidden="true"><defs><linearGradient id="star-gradient-:ds326:" x1="0" y1="0" x2="1" y2="0"><stop offset="0%"></stop><stop offset="0%"></stop></linearGradient></defs><path d="M11.613 18.413 7.473 20.7a.8.8 0 0 1-1.177-.828l.802-4.987a.801.801 0 0 0-.215-.685l-3.457-3.57a.802.802 0 0 1 .452-1.348l4.711-.732a.8.8 0 0 0 .602-.45l2.084-4.44a.8.8 0 0 1 1.45 0l2.084 4.44a.8.8 0 0 0 .602.45l4.711.732a.801.801 0 0 1 .452 1.349l-3.457 3.57a.8.8 0 0 0-.215.684l.801 4.987a.8.8 0 0 1-1.177.828l-4.14-2.287a.8.8 0 0 0-.773 0Z" fill="url(#star-gradient-:ds326:)"></path></svg></div><div class="ds-c-rating__body"><span class="ds-c-rating__rating-content" aria-hidden="true">(43)</span></div></span></a></div></div></div></div><div class="pt__wrapper__bottom"><div class="pt__data-entry"></div><div class="pt__cost"><div class="pt__cost__contextual--wrapper" data-testid="whole-contextual-price"><span data-testid="contextual-price" class="pt__cost__contextual pt__cost__contextual--with-nectar-not-associated"><span class="pt__cost--price" data-testid="contextual-price-text">£2.50</span></span><span data-testid="text-with-nectar" class="pt__with-or-without-nectar">with Nectar</span></div><div data-testid="pt-retail-price-and-unit" class="pt__cost__retail-price__wrapper"><span class="pt__cost__retail-price pt__cost__retail-price--with-nectar-not-associated" data-testid="pt-retail-price">£3.35</span><span data-testid="pt-unit-price" class="pt__cost__unit-price-per-measure">25p / 100ml</span></div></div></div></div><div class="pt__controls" data-testid="pt-control-buttons"><div class="pt-button"><button data-testid="add-button" aria-label="Add Aqua Libra Sparkling Water Infused with Cucumber Mint &amp; Lime 4x330ml to trolley" class="ln-c-button ln-c-button--filled ln-c-button--full pt__add-button" type="button">Add</button></div></div></div></div><div class="pt__icons__fav"><div data-testid="fav_heart-tooltip" class="ln-c-tooltip"><div><button class="pt__icons__fav--cta" data-testid="favourite-icon-empty" aria-label="Add to favourites"><svg role="presentation" class="pt__icons__fav--icon-empty ln-c-icon" viewBox="0 0 24 24" xmlns="http://www.w3.org/2000/svg"><title>Favourites</title><path d="M12 9.04l-1.992-2.002a3.502 3.502 0 0 0-4.975-.003 3.579 3.579 0 0 0 .003 5.034l6.842 6.88a.17.17 0 0 0 .243 0l6.842-6.88a3.576 3.576 0 0 0 .003-5.034 3.505 3.505 0 0 0-4.975.003l-1.992 2.003zm0-2.836l.759-.755a5.505 5.505 0 0 1 7.625.176 5.576 5.576 0 0 1-.003 7.855l-6.842 6.88a2.17 2.17 0 0 1-3.08 0l-6.841-6.88a5.579 5.579 0 0 1-.003-7.855 5.502 5.502 0 0 1 7.625-.176l.76.755z" fill="currentColor"></path></svg></button></div><div aria-live="polite" aria-atomic="true" role="tooltip"></div></div></div></article></li><li class="pt-grid-item ln-o-grid__item ln-u-1/2@xs ln-u-1/3@sm ln-u-1/4@md ln-u-1/5@xl"><article data-testid="product-tile-8144760" class="ln-c-card pt pt-card"><div aria-hidden="true"><div class="product-details-title__tag"><span data-testid="nectar-price-label" class="promotional-tag--nectar">Nectar Price</span></div></div><div class="pt__content pt__content--with-header"><div class="pt__image-wrapper"><div><div class="pt-image__ribbon-wrapper"><a href="https://www.sainsburys.co.uk/gol-ui/product/aqua-libra-sparkling-water-infused-with-blood-orange-mango-4x330ml" class="pt-image pt-image__link" tabindex="-1" aria-hidden="true"><picture><source srcset="https://assets.sainsburys-groceries.co.uk/gol/8144760/image.webp" type="image/webp"><source srcset="https://assets.sainsburys-groceries.co.uk/gol/8144760/image.jpg" type="image/jpeg"><img title="Aqua Libra Sparkling Water Infused with Blood Orange &amp; Mango 4x330ml" src="https://assets.sainsburys-groceries.co.uk/gol/8144760/image.jpg" alt="Aqua Libra Sparkling Water Infused with Blood Orange &amp; Mango 4x330ml" aria-hidden="true" data-testid="pt-image"></picture></a></div></div><div data-testid="citrus-label"><div data-testid="product-header" class="product-header product-header--citrus" aria-hidden="true">Sponsored</div></div></div><div class="pt__wrapper"><div class="pt__wrapper-inner"><div class="pt__wrapper__top"><div class="pt__info"><div class="product-description-box"><div><h2 class="pt__info__description" data-testid="product-tile-description"><a href="https://www.sainsburys.co.uk/gol-ui/product/aqua-libra-sparkling-water-infused-with-blood-orange-mango-4x330ml" class="pt__link" title="Aqua Libra Sparkling Water Infused with Blood Orange &amp; Mango 4x330ml" aria-label="Nectar Price, Sponsored, Aqua Libra Sparkling Water Infused with Blood Orange &amp; Mango...">Aqua Libra Sparkling Water Infused with Blood Orange &amp; Mango...</a></h2></div></div><div class="star-rating-container"><div><a href="https://www.sainsburys.co.uk/gol-ui/product/aqua-libra-sparkling-water-infused-with-blood-orange-mango-4x330ml" class="star-rating-link" data-testid="star-rating" aria-label="4.2 out of 5, 11 reviews"><span class="ds-c-rating ds-c-rating--primary ds-c-rating--md" data-testid="review-count" data-pkgid="@sainsburys-tech/fable-3.53.0-rating"><div class="ds-c-rating__stars" role="img" title="Rating 4.2 out of 5" aria-label="Rating 4.2 out of 5, from 11 reviews"><svg fill="none" xmlns="http://www.w3.org/2000/svg" viewBox="0 0 24 24" role="img" aria-hidden="true"><defs><linearGradient id="star-gradient-:ds327:" x1="0" y1="0" x2="1" y2="0"><stop offset="100%"></stop><stop offset="0%"></stop></linearGradient></defs><path d="M11.613 18.413 7.473 20.7a.8.8 0 0 1-1.177-.828l.802-4.987a.801.801 0 0 0-.215-.685l-3.457-3.57a.802.802 0 0 1 .452-1.348l4.711-.732a.8.8 0 0 0 .602-.45l2.084-4.44a.8.8 0 0 1 1.45 0l2.084 4.44a.8.8 0 0 0 .602.45l4.711.732a.801.801 0 0 1 .452 1.349l-3.457 3.57a.8.8 0 0 0-.215.684l.801 4.987a.8.8 0 0 1-1.177.828l-4.14-2.287a.8.8 0 0 0-.773 0Z" fill="url(#star-gradient-:ds327:)"></path></svg><svg fill="none" xmlns="http://www.w3.org/2000/svg" viewBox="0 0 24 24" role="img" aria-hidden="true"><defs><linearGradient id="star-gradient-:ds328:" x1="0" y1="0" x2="1" y2="0"><stop offset="100%"></stop><stop offset="0%"></stop></linearGradient></defs><path d="M11.613 18.413 7.473 20.7a.8.8 0 0 1-1.177-.828l.802-4.987a.801.801 0 0 0-.215-.685l-3.457-3.57a.802.802 0 0 1 .452-1.348l4.711-.732a.8.8 0 0 0 .602-.45l2.084-4.44a.8.8 0 0 1 1.45 0l2.084 4.44a.8.8 0 0 0 .602.45l4.711.732a.801.801 0 0 1 .452 1.349l-3.457 3.57a.8.8 0 0 0-.215.684l.801 4.987a.8.8 0 0 1-1.177.828l-4.14-2.287a.8.8 0 0 0-.773 0Z" fill="url(#star-gradient-:ds328:)"></path></svg><svg fill="none" xmlns="http://www.w3.org/2000/svg" viewBox="0 0 24 24" role="img" aria-hidden="true"><defs><linearGradient id="star-gradient-:ds329:" x1="0" y1="0" x2="1" y2="0"><stop offset="100%"></stop><stop offset="0%"></stop></linearGradient></defs><path d="M11.613 18.413 7.473 20.7a.8.8 0 0 1-1.177-.828l.802-4.987a.801.801 0 0 0-.215-.685l-3.457-3.57a.802.802 0 0 1 .452-1.348l4.711-.732a.8.8 0 0 0 .602-.45l2.084-4.44a.8.8 0 0 1 1.45 0l2.084 4.44a.8.8 0 0 0 .602.45l4.711.732a.801.801 0 0 1 .452 1.349l-3.457 3.57a.8.8 0 0 0-.215.684l.801 4.987a.8.8 0 0 1-1.177.828l-4.14-2.287a.8.8 0 0 0-.773 0Z" fill="url(#star-gradient-:ds329:)"></path></svg><svg fill="none" xmlns="http://www.w3.org/2000/svg" viewBox="0 0 24 24" role="img" aria-hidden="true"><defs><linearGradient id="star-gradient-:ds330:" x1="0" y1="0" x2="1" y2="0"><stop offset="100%"></stop><stop offset="0%"></stop></linearGradient></defs><path d="M11.613 18.413 7.473 20.7a.8.8 0 0 1-1.177-.828l.802-4.987a.801.801 0 0 0-.215-.685l-3.457-3.57a.802.802 0 0 1 .452-1.348l4.711-.732a.8.8 0 0 0 .602-.45l2.084-4.44a.8.8 0 0 1 1.45 0l2.084 4.44a.8.8 0 0 0 .602.45l4.711.732a.801.801 0 0 1 .452 1.349l-3.457 3.57a.8.8 0 0 0-.215.684l.801 4.987a.8.8 0 0 1-1.177.828l-4.14-2.287a.8.8 0 0 0-.773 0Z" fill="url(#star-gradient-:ds330:)"></path></svg><svg fill="none" xmlns="http://www.w3.org/2000/svg" viewBox="0 0 24 24" role="img" aria-hidden="true"><defs><linearGradient id="star-gradient-:ds331:" x1="0" y1="0" x2="1" y2="0"><stop offset="18.179999999999996%"></stop><stop offset="0%"></stop></linearGradient></defs><path d="M11.613 18.413 7.473 20.7a.8.8 0 0 1-1.177-.828l.802-4.987a.801.801 0 0 0-.215-.685l-3.457-3.57a.802.802 0 0 1 .452-1.348l4.711-.732a.8.8 0 0 0 .602-.45l2.084-4.44a.8.8 0 0 1 1.45 0l2.084 4.44a.8.8 0 0 0 .602.45l4.711.732a.801.801 0 0 1 .452 1.349l-3.457 3.57a.8.8 0 0 0-.215.684l.801 4.987a.8.8 0 0 1-1.177.828l-4.14-2.287a.8.8 0 0 0-.773 0Z" fill="url(#star-gradient-:ds331:)"></path></svg></div><div class="ds-c-rating__body"><span class="ds-c-rating__rating-content" aria-hidden="true">(11)</span></div></span></a></div></div></div></div><div class="pt__wrapper__bottom"><div class="pt__data-entry"></div><div class="pt__cost"><div class="pt__cost__contextual--wrapper" data-testid="whole-contextual-price"><span data-testid="contextual-price" class="pt__cost__contextual pt__cost__contextual--with-nectar-not-associated"><span class="pt__cost--price" data-testid="contextual-price-text">£2.50</span></span><span data-testid="text-with-nectar" class="pt__with-or-without-nectar">with Nectar</span></div><div data-testid="pt-retail-price-and-unit" class="pt__cost__retail-price__wrapper"><span class="pt__cost__retail-price pt__cost__retail-price--with-nectar-not-associated" data-testid="pt-retail-price">£3.35</span><span data-testid="pt-unit-price" class="pt__cost__unit-price-per-measure">25p / 100ml</span></div></div></div></div><div class="pt__controls" data-testid="pt-control-buttons"><div class="pt-button"><button data-testid="add-button" aria-label="Add Aqua Libra Sparkling Water Infused with Blood Orange &amp; Mango 4x330ml to trolley" class="ln-c-button ln-c-button--filled ln-c-button--full pt__add-button" type="button">Add</button></div></div></div></div><div class="pt__icons__fav"><div data-testid="fav_heart-tooltip" class="ln-c-tooltip"><div><button class="pt__icons__fav--cta" data-testid="favourite-icon-empty" aria-label="Add to favourites"><svg role="presentation" class="pt__icons__fav--icon-empty ln-c-icon" viewBox="0 0 24 24" xmlns="http://www.w3.org/2000/svg"><title>Favourites</title><path d="M12 9.04l-1.992-2.002a3.502 3.502 0 0 0-4.975-.003 3.579 3.579 0 0 0 .003 5.034l6.842 6.88a.17.17 0 0 0 .243 0l6.842-6.88a3.576 3.576 0 0 0 .003-5.034 3.505 3.505 0 0 0-4.975.003l-1.992 2.003zm0-2.836l.759-.755a5.505 5.505 0 0 1 7.625.176 5.576 5.576 0 0 1-.003 7.855l-6.842 6.88a2.17 2.17 0 0 1-3.08 0l-6.841-6.88a5.579 5.579 0 0 1-.003-7.855 5.502 5.502 0 0 1 7.625-.176l.76.755z" fill="currentColor"></path></svg></button></div><div aria-live="polite" aria-atomic="true" role="tooltip"></div></div></div></article></li><li class="pt-grid-item ln-o-grid__item ln-u-1/2@xs ln-u-1/3@sm ln-u-1/4@md ln-u-1/5@xl"><article data-testid="product-tile-8076824" class="ln-c-card pt pt-card"><div aria-hidden="true"><div class="product-details-title__tag"><span data-testid="nectar-price-label" class="promotional-tag--nectar">Nectar Price</span></div></div><div class="pt__content pt__content--with-header"><div class="pt__image-wrapper"><div><div class="pt-image__ribbon-wrapper"><a href="https://www.sainsburys.co.uk/gol-ui/product/purdeys-natural-energy-rejuvenate-grape-apple-with-ginseng-4x250ml" class="pt-image pt-image__link" tabindex="-1" aria-hidden="true"><picture><source srcset="https://assets.sainsburys-groceries.co.uk/gol/8076824/image.webp" type="image/webp"><source srcset="https://assets.sainsburys-groceries.co.uk/gol/8076824/image.jpg" type="image/jpeg"><img title="Purdey's Natural Energy Rejuvenate Sparkling Grape &amp; Apple with Ginseng Can 4x250ml" src="https://assets.sainsburys-groceries.co.uk/gol/8076824/image.jpg" alt="Purdey's Natural Energy Rejuvenate Sparkling Grape &amp; Apple with Ginseng Can 4x250ml" aria-hidden="true" data-testid="pt-image"></picture></a></div></div><div data-testid="citrus-label"><div data-testid="product-header" class="product-header product-header--citrus" aria-hidden="true">Sponsored</div></div></div><div class="pt__wrapper"><div class="pt__wrapper-inner"><div class="pt__wrapper__top"><div class="pt__info"><div class="product-description-box"><div><h2 class="pt__info__description" data-testid="product-tile-description"><a href="https://www.sainsburys.co.uk/gol-ui/product/purdeys-natural-energy-rejuvenate-grape-apple-with-ginseng-4x250ml" class="pt__link" title="Purdey's Natural Energy Rejuvenate Sparkling Grape &amp; Apple with Ginseng Can 4x250ml" aria-label="Nectar Price, Sponsored, Purdey's Natural Energy Rejuvenate Sparkling Grape &amp; Apple w...">Purdey's Natural Energy Rejuvenate Sparkling Grape &amp; Apple w...</a></h2></div></div><div class="star-rating-container"><div><a href="https://www.sainsburys.co.uk/gol-ui/product/purdeys-natural-energy-rejuvenate-grape-apple-with-ginseng-4x250ml" class="star-rating-link" data-testid="star-rating" aria-label="3.3 out of 5, 19 reviews"><span class="ds-c-rating ds-c-rating--primary ds-c-rating--md" data-testid="review-count" data-pkgid="@sainsburys-tech/fable-3.53.0-rating"><div class="ds-c-rating__stars" role="img" title="Rating 3.3 out of 5" aria-label="Rating 3.3 out of 5, from 19 reviews"><svg fill="none" xmlns="http://www.w3.org/2000/svg" viewBox="0 0 24 24" role="img" aria-hidden="true"><defs><linearGradient id="star-gradient-:ds332:" x1="0" y1="0" x2="1" y2="0"><stop offset="100%"></stop><stop offset="0%"></stop></linearGradient></defs><path d="M11.613 18.413 7.473 20.7a.8.8 0 0 1-1.177-.828l.802-4.987a.801.801 0 0 0-.215-.685l-3.457-3.57a.802.802 0 0 1 .452-1.348l4.711-.732a.8.8 0 0 0 .602-.45l2.084-4.44a.8.8 0 0 1 1.45 0l2.084 4.44a.8.8 0 0 0 .602.45l4.711.732a.801.801 0 0 1 .452 1.349l-3.457 3.57a.8.8 0 0 0-.215.684l.801 4.987a.8.8 0 0 1-1.177.828l-4.14-2.287a.8.8 0 0 0-.773 0Z" fill="url(#star-gradient-:ds332:)"></path></svg><svg fill="none" xmlns="http://www.w3.org/2000/svg" viewBox="0 0 24 24" role="img" aria-hidden="true"><defs><linearGradient id="star-gradient-:ds333:" x1="0" y1="0" x2="1" y2="0"><stop offset="100%"></stop><stop offset="0%"></stop></linearGradient></defs><path d="M11.613 18.413 7.473 20.7a.8.8 0 0 1-1.177-.828l.802-4.987a.801.801 0 0 0-.215-.685l-3.457-3.57a.802.802 0 0 1 .452-1.348l4.711-.732a.8.8 0 0 0 .602-.45l2.084-4.44a.8.8 0 0 1 1.45 0l2.084 4.44a.8.8 0 0 0 .602.45l4.711.732a.801.801 0 0 1 .452 1.349l-3.457 3.57a.8.8 0 0 0-.215.684l.801 4.987a.8.8 0 0 1-1.177.828l-4.14-2.287a.8.8 0 0 0-.773 0Z" fill="url(#star-gradient-:ds333:)"></path></svg><svg fill="none" xmlns="http://www.w3.org/2000/svg" viewBox="0 0 24 24" role="img" aria-hidden="true"><defs><linearGradient id="star-gradient-:ds334:" x1="0" y1="0" x2="1" y2="0"><stop offset="100%"></stop><stop offset="0%"></stop></linearGradient></defs><path d="M11.613 18.413 7.473 20.7a.8.8 0 0 1-1.177-.828l.802-4.987a.801.801 0 0 0-.215-.685l-3.457-3.57a.802.802 0 0 1 .452-1.348l4.711-.732a.8.8 0 0 0 .602-.45l2.084-4.44a.8.8 0 0 1 1.45 0l2.084 4.44a.8.8 0 0 0 .602.45l4.711.732a.801.801 0 0 1 .452 1.349l-3.457 3.57a.8.8 0 0 0-.215.684l.801 4.987a.8.8 0 0 1-1.177.828l-4.14-2.287a.8.8 0 0 0-.773 0Z" fill="url(#star-gradient-:ds334:)"></path></svg><svg fill="none" xmlns="http://www.w3.org/2000/svg" viewBox="0 0 24 24" role="img" aria-hidden="true"><defs><linearGradient id="star-gradient-:ds335:" x1="0" y1="0" x2="1" y2="0"><stop offset="31.579999999999984%"></stop><stop offset="0%"></stop></linearGradient></defs><path d="M11.613 18.413 7.473 20.7a.8.8 0 0 1-1.177-.828l.802-4.987a.801.801 0 0 0-.215-.685l-3.457-3.57a.802.802 0 0 1 .452-1.348l4.711-.732a.8.8 0 0 0 .602-.45l2.084-4.44a.8.8 0 0 1 1.45 0l2.084 4.44a.8.8 0 0 0 .602.45l4.711.732a.801.801 0 0 1 .452 1.349l-3.457 3.57a.8.8 0 0 0-.215.684l.801 4.987a.8.8 0 0 1-1.177.828l-4.14-2.287a.8.8 0 0 0-.773 0Z" fill="url(#star-gradient-:ds335:)"></path></svg><svg fill="none" xmlns="http://www.w3.org/2000/svg" viewBox="0 0 24 24" role="img" aria-hidden="true"><defs><linearGradient id="star-gradient-:ds336:" x1="0" y1="0" x2="1" y2="0"><stop offset="0%"></stop><stop offset="0%"></stop></linearGradient></defs><path d="M11.613 18.413 7.473 20.7a.8.8 0 0 1-1.177-.828l.802-4.987a.801.801 0 0 0-.215-.685l-3.457-3.57a.802.802 0 0 1 .452-1.348l4.711-.732a.8.8 0 0 0 .602-.45l2.084-4.44a.8.8 0 0 1 1.45 0l2.084 4.44a.8.8 0 0 0 .602.45l4.711.732a.801.801 0 0 1 .452 1.349l-3.457 3.57a.8.8 0 0 0-.215.684l.801 4.987a.8.8 0 0 1-1.177.828l-4.14-2.287a.8.8 0 0 0-.773 0Z" fill="url(#star-gradient-:ds336:)"></path></svg></div><div class="ds-c-rating__body"><span class="ds-c-rating__rating-content" aria-hidden="true">(19)</span></div></span></a></div></div></div></div><div class="pt__wrapper__bottom"><div class="pt__data-entry"></div><div class="pt__cost"><div class="pt__cost__contextual--wrapper" data-testid="whole-contextual-price"><span data-testid="contextual-price" class="pt__cost__contextual pt__cost__contextual--with-nectar-not-associated"><span class="pt__cost--price" data-testid="contextual-price-text">£2.50</span></span><span data-testid="text-with-nectar" class="pt__with-or-without-nectar">with Nectar</span></div><div data-testid="pt-retail-price-and-unit" class="pt__cost__retail-price__wrapper"><span class="pt__cost__retail-price pt__cost__retail-price--with-nectar-not-associated" data-testid="pt-retail-price">£4.00</span><span data-testid="pt-unit-price" class="pt__cost__unit-price-per-measure">40p / 100ml</span></div></div></div></div><div class="pt__controls" data-testid="pt-control-buttons"><div class="pt-button"><button data-testid="add-button" aria-label="Add Purdey's Natural Energy Rejuvenate Sparkling Grape &amp; Apple with Ginseng Can 4x250ml to trolley" class="ln-c-button ln-c-button--filled ln-c-button--full pt__add-button" type="button">Add</button></div></div></div></div><div class="pt__icons__fav"><div data-testid="fav_heart-tooltip" class="ln-c-tooltip"><div><button class="pt__icons__fav--cta" data-testid="favourite-icon-empty" aria-label="Add to favourites"><svg role="presentation" class="pt__icons__fav--icon-empty ln-c-icon" viewBox="0 0 24 24" xmlns="http://www.w3.org/2000/svg"><title>Favourites</title><path d="M12 9.04l-1.992-2.002a3.502 3.502 0 0 0-4.975-.003 3.579 3.579 0 0 0 .003 5.034l6.842 6.88a.17.17 0 0 0 .243 0l6.842-6.88a3.576 3.576 0 0 0 .003-5.034 3.505 3.505 0 0 0-4.975.003l-1.992 2.003zm0-2.836l.759-.755a5.505 5.505 0 0 1 7.625.176 5.576 5.576 0 0 1-.003 7.855l-6.842 6.88a2.17 2.17 0 0 1-3.08 0l-6.841-6.88a5.579 5.579 0 0 1-.003-7.855 5.502 5.502 0 0 1 7.625-.176l.76.755z" fill="currentColor"></path></svg></button></div><div aria-live="polite" aria-atomic="true" role="tooltip"></div></div></div></article></li><li class="pt-grid-item ln-o-grid__item ln-u-1/2@xs ln-u-1/3@sm ln-u-1/4@md ln-u-1/5@xl"><article data-testid="product-tile-8185486" class="ln-c-card pt pt-card"><div aria-hidden="true"></div><div class="pt__content pt__content--with-header"><div class="pt__image-wrapper"><div><div class="pt-image__ribbon-wrapper"><a href="https://www.sainsburys.co.uk/gol-ui/product/fosters-proper-lager-shandy-beer-can-4x440ml" class="pt-image pt-image__link" tabindex="-1" aria-hidden="true"><picture><source srcset="https://assets.sainsburys-groceries.co.uk/gol/8185486/image.webp" type="image/webp"><source srcset="https://assets.sainsburys-groceries.co.uk/gol/8185486/image.jpg" type="image/jpeg"><img title="Fosters Proper Lager Shandy Beer Can 4x440ml" src="https://assets.sainsburys-groceries.co.uk/gol/8185486/image.jpg" alt="Fosters Proper Lager Shandy Beer Can 4x440ml" aria-hidden="true" data-testid="pt-image"></picture></a></div></div><div data-testid="citrus-label"><div data-testid="product-header" class="product-header product-header--citrus" aria-hidden="true">Sponsored</div></div></div><div class="pt__wrapper"><div class="pt__wrapper-inner"><div class="pt__wrapper__top"><div class="pt__info"><div class="product-description-box"><div><h2 class="pt__info__description" data-testid="product-tile-description"><a href="https://www.sainsburys.co.uk/gol-ui/product/fosters-proper-lager-shandy-beer-can-4x440ml" class="pt__link" title="Fosters Proper Lager Shandy Beer Can 4x440ml" aria-label="Sponsored, Fosters Proper Lager Shandy Beer Can 4x440ml">Fosters Proper Lager Shandy Beer Can 4x440ml</a></h2></div></div><div class="star-rating-container"><div><a href="https://www.sainsburys.co.uk/gol-ui/product/fosters-proper-lager-shandy-beer-can-4x440ml" class="star-rating-link" data-testid="star-rating" aria-label="4 out of 5, 5 reviews"><span class="ds-c-rating ds-c-rating--primary ds-c-rating--md" data-testid="review-count" data-pkgid="@sainsburys-tech/fable-3.53.0-rating"><div class="ds-c-rating__stars" role="img" title="Rating 4 out of 5" aria-label="Rating 4 out of 5, from 5 reviews"><svg fill="none" xmlns="http://www.w3.org/2000/svg" viewBox="0 0 24 24" role="img" aria-hidden="true"><defs><linearGradient id="star-gradient-:ds337:" x1="0" y1="0" x2="1" y2="0"><stop offset="100%"></stop><stop offset="0%"></stop></linearGradient></defs><path d="M11.613 18.413 7.473 20.7a.8.8 0 0 1-1.177-.828l.802-4.987a.801.801 0 0 0-.215-.685l-3.457-3.57a.802.802 0 0 1 .452-1.348l4.711-.732a.8.8 0 0 0 .602-.45l2.084-4.44a.8.8 0 0 1 1.45 0l2.084 4.44a.8.8 0 0 0 .602.45l4.711.732a.801.801 0 0 1 .452 1.349l-3.457 3.57a.8.8 0 0 0-.215.684l.801 4.987a.8.8 0 0 1-1.177.828l-4.14-2.287a.8.8 0 0 0-.773 0Z" fill="url(#star-gradient-:ds337:)"></path></svg><svg fill="none" xmlns="http://www.w3.org/2000/svg" viewBox="0 0 24 24" role="img" aria-hidden="true"><defs><linearGradient id="star-gradient-:ds338:" x1="0" y1="0" x2="1" y2="0"><stop offset="100%"></stop><stop offset="0%"></stop></linearGradient></defs><path d="M11.613 18.413 7.473 20.7a.8.8 0 0 1-1.177-.828l.802-4.987a.801.801 0 0 0-.215-.685l-3.457-3.57a.802.802 0 0 1 .452-1.348l4.711-.732a.8.8 0 0 0 .602-.45l2.084-4.44a.8.8 0 0 1 1.45 0l2.084 4.44a.8.8 0 0 0 .602.45l4.711.732a.801.801 0 0 1 .452 1.349l-3.457 3.57a.8.8 0 0 0-.215.684l.801 4.987a.8.8 0 0 1-1.177.828l-4.14-2.287a.8.8 0 0 0-.773 0Z" fill="url(#star-gradient-:ds338:)"></path></svg><svg fill="none" xmlns="http://www.w3.org/2000/svg" viewBox="0 0 24 24" role="img" aria-hidden="true"><defs><linearGradient id="star-gradient-:ds339:" x1="0" y1="0" x2="1" y2="0"><stop offset="100%"></stop><stop offset="0%"></stop></linearGradient></defs><path d="M11.613 18.413 7.473 20.7a.8.8 0 0 1-1.177-.828l.802-4.987a.801.801 0 0 0-.215-.685l-3.457-3.57a.802.802 0 0 1 .452-1.348l4.711-.732a.8.8 0 0 0 .602-.45l2.084-4.44a.8.8 0 0 1 1.45 0l2.084 4.44a.8.8 0 0 0 .602.45l4.711.732a.801.801 0 0 1 .452 1.349l-3.457 3.57a.8.8 0 0 0-.215.684l.801 4.987a.8.8 0 0 1-1.177.828l-4.14-2.287a.8.8 0 0 0-.773 0Z" fill="url(#star-gradient-:ds339:)"></path></svg><svg fill="none" xmlns="http://www.w3.org/2000/svg" viewBox="0 0 24 24" role="img" aria-hidden="true"><defs><linearGradient id="star-gradient-:ds340:" x1="0" y1="0" x2="1" y2="0"><stop offset="100%"></stop><stop offset="0%"></stop></linearGradient></defs><path d="M11.613 18.413 7.473 20.7a.8.8 0 0 1-1.177-.828l.802-4.987a.801.801 0 0 0-.215-.685l-3.457-3.57a.802.802 0 0 1 .452-1.348l4.711-.732a.8.8 0 0 0 .602-.45l2.084-4.44a.8.8 0 0 1 1.45 0l2.084 4.44a.8.8 0 0 0 .602.45l4.711.732a.801.801 0 0 1 .452 1.349l-3.457 3.57a.8.8 0 0 0-.215.684l.801 4.987a.8.8 0 0 1-1.177.828l-4.14-2.287a.8.8 0 0 0-.773 0Z" fill="url(#star-gradient-:ds340:)"></path></svg><svg fill="none" xmlns="http://www.w3.org/2000/svg" viewBox="0 0 24 24" role="img" aria-hidden="true"><defs><linearGradient id="star-gradient-:ds341:" x1="0" y1="0" x2="1" y2="0"><stop offset="0%"></stop><stop offset="0%"></stop></linearGradient></defs><path d="M11.613 18.413 7.473 20.7a.8.8 0 0 1-1.177-.828l.802-4.987a.801.801 0 0 0-.215-.685l-3.457-3.57a.802.802 0 0 1 .452-1.348l4.711-.732a.8.8 0 0 0 .602-.45l2.084-4.44a.8.8 0 0 1 1.45 0l2.084 4.44a.8.8 0 0 0 .602.45l4.711.732a.801.801 0 0 1 .452 1.349l-3.457 3.57a.8.8 0 0 0-.215.684l.801 4.987a.8.8 0 0 1-1.177.828l-4.14-2.287a.8.8 0 0 0-.773 0Z" fill="url(#star-gradient-:ds341:)"></path></svg></div><div class="ds-c-rating__body"><span class="ds-c-rating__rating-content" aria-hidden="true">(5)</span></div></span></a></div></div></div></div><div class="pt__wrapper__bottom"><div class="pt__data-entry"></div><div class="pt__cost"><div data-testid="pt-retail-price-and-unit" class="pt__cost__retail-price__wrapper pt__cost__retail-price__wrapper--no-promo"><span class="pt__cost__retail-price" data-testid="pt-retail-price">£3.75</span><span data-testid="pt-unit-price" class="pt__cost__unit-price-per-measure">£2.13 / ltr</span></div></div></div></div><div class="pt__controls" data-testid="pt-control-buttons"><div class="pt-button"><button data-testid="add-button" aria-label="Add Fosters Proper Lager Shandy Beer Can 4x440ml to trolley" class="ln-c-button ln-c-button--filled ln-c-button--full pt__add-button" type="button">Add</button></div></div></div></div><div class="pt__icons__fav"><div data-testid="fav_heart-tooltip" class="ln-c-tooltip"><div><button class="pt__icons__fav--cta" data-testid="favourite-icon-empty" aria-label="Add to favourites"><svg role="presentation" class="pt__icons__fav--icon-empty ln-c-icon" viewBox="0 0 24 24" xmlns="http://www.w3.org/2000/svg"><title>Favourites</title><path d="M12 9.04l-1.992-2.002a3.502 3.502 0 0 0-4.975-.003 3.579 3.579 0 0 0 .003 5.034l6.842 6.88a.17.17 0 0 0 .243 0l6.842-6.88a3.576 3.576 0 0 0 .003-5.034 3.505 3.505 0 0 0-4.975.003l-1.992 2.003zm0-2.836l.759-.755a5.505 5.505 0 0 1 7.625.176 5.576 5.576 0 0 1-.003 7.855l-6.842 6.88a2.17 2.17 0 0 1-3.08 0l-6.841-6.88a5.579 5.579 0 0 1-.003-7.855 5.502 5.502 0 0 1 7.625-.176l.76.755z" fill="currentColor"></path></svg></button></div><div aria-live="polite" aria-atomic="true" role="tooltip"></div></div></div></article></li><li class="pt-grid-item ln-o-grid__item ln-u-1/2@xs ln-u-1/3@sm ln-u-1/4@md ln-u-1/5@xl"><article data-testid="product-tile-7312075" class="ln-c-card pt pt-card"><div aria-hidden="true"><div class="product-details-title__tag"><span data-testid="nectar-price-label" class="promotional-tag--nectar">Nectar Price</span></div></div><div class="pt__content pt__content--with-header"><div class="pt__image-wrapper"><div><div class="pt-image__ribbon-wrapper"><a href="https://www.sainsburys.co.uk/gol-ui/product/lipton-ice-tea-peach-125l" class="pt-image pt-image__link" tabindex="-1" aria-hidden="true"><picture><source srcset="https://assets.sainsburys-groceries.co.uk/gol/7312075/image.webp" type="image/webp"><source srcset="https://assets.sainsburys-groceries.co.uk/gol/7312075/image.jpg" type="image/jpeg"><img title="Lipton Ice Tea Peach Flavoured Still Soft Drink 1.25L" src="https://assets.sainsburys-groceries.co.uk/gol/7312075/image.jpg" alt="Lipton Ice Tea Peach Flavoured Still Soft Drink 1.25L" aria-hidden="true" data-testid="pt-image"></picture></a></div></div><div data-testid="citrus-label"><div data-testid="product-header" class="product-header product-header--citrus" aria-hidden="true">Sponsored</div></div></div><div class="pt__wrapper"><div class="pt__wrapper-inner"><div class="pt__wrapper__top"><div class="pt__info"><div class="product-description-box"><div><h2 class="pt__info__description" data-testid="product-tile-description"><a href="https://www.sainsburys.co.uk/gol-ui/product/lipton-ice-tea-peach-125l" class="pt__link" title="Lipton Ice Tea Peach Flavoured Still Soft Drink 1.25L" aria-label="Nectar Price, Sponsored, Lipton Ice Tea Peach Flavoured Still Soft Drink 1.25L">Lipton Ice Tea Peach Flavoured Still Soft Drink 1.25L</a></h2></div></div><div class="star-rating-container"><div><a href="https://www.sainsburys.co.uk/gol-ui/product/lipton-ice-tea-peach-125l" class="star-rating-link" data-testid="star-rating" aria-label="4.8 out of 5, 22 reviews"><span class="ds-c-rating ds-c-rating--primary ds-c-rating--md" data-testid="review-count" data-pkgid="@sainsburys-tech/fable-3.53.0-rating"><div class="ds-c-rating__stars" role="img" title="Rating 4.8 out of 5" aria-label="Rating 4.8 out of 5, from 22 reviews"><svg fill="none" xmlns="http://www.w3.org/2000/svg" viewBox="0 0 24 24" role="img" aria-hidden="true"><defs><linearGradient id="star-gradient-:ds342:" x1="0" y1="0" x2="1" y2="0"><stop offset="100%"></stop><stop offset="0%"></stop></linearGradient></defs><path d="M11.613 18.413 7.473 20.7a.8.8 0 0 1-1.177-.828l.802-4.987a.801.801 0 0 0-.215-.685l-3.457-3.57a.802.802 0 0 1 .452-1.348l4.711-.732a.8.8 0 0 0 .602-.45l2.084-4.44a.8.8 0 0 1 1.45 0l2.084 4.44a.8.8 0 0 0 .602.45l4.711.732a.801.801 0 0 1 .452 1.349l-3.457 3.57a.8.8 0 0 0-.215.684l.801 4.987a.8.8 0 0 1-1.177.828l-4.14-2.287a.8.8 0 0 0-.773 0Z" fill="url(#star-gradient-:ds342:)"></path></svg><svg fill="none" xmlns="http://www.w3.org/2000/svg" viewBox="0 0 24 24" role="img" aria-hidden="true"><defs><linearGradient id="star-gradient-:ds343:" x1="0" y1="0" x2="1" y2="0"><stop offset="100%"></stop><stop offset="0%"></stop></linearGradient></defs><path d="M11.613 18.413 7.473 20.7a.8.8 0 0 1-1.177-.828l.802-4.987a.801.801 0 0 0-.215-.685l-3.457-3.57a.802.802 0 0 1 .452-1.348l4.711-.732a.8.8 0 0 0 .602-.45l2.084-4.44a.8.8 0 0 1 1.45 0l2.084 4.44a.8.8 0 0 0 .602.45l4.711.732a.801.801 0 0 1 .452 1.349l-3.457 3.57a.8.8 0 0 0-.215.684l.801 4.987a.8.8 0 0 1-1.177.828l-4.14-2.287a.8.8 0 0 0-.773 0Z" fill="url(#star-gradient-:ds343:)"></path></svg><svg fill="none" xmlns="http://www.w3.org/2000/svg" viewBox="0 0 24 24" role="img" aria-hidden="true"><defs><linearGradient id="star-gradient-:ds344:" x1="0" y1="0" x2="1" y2="0"><stop offset="100%"></stop><stop offset="0%"></stop></linearGradient></defs><path d="M11.613 18.413 7.473 20.7a.8.8 0 0 1-1.177-.828l.802-4.987a.801.801 0 0 0-.215-.685l-3.457-3.57a.802.802 0 0 1 .452-1.348l4.711-.732a.8.8 0 0 0 .602-.45l2.084-4.44a.8.8 0 0 1 1.45 0l2.084 4.44a.8.8 0 0 0 .602.45l4.711.732a.801.801 0 0 1 .452 1.349l-3.457 3.57a.8.8 0 0 0-.215.684l.801 4.987a.8.8 0 0 1-1.177.828l-4.14-2.287a.8.8 0 0 0-.773 0Z" fill="url(#star-gradient-:ds344:)"></path></svg><svg fill="none" xmlns="http://www.w3.org/2000/svg" viewBox="0 0 24 24" role="img" aria-hidden="true"><defs><linearGradient id="star-gradient-:ds345:" x1="0" y1="0" x2="1" y2="0"><stop offset="100%"></stop><stop offset="0%"></stop></linearGradient></defs><path d="M11.613 18.413 7.473 20.7a.8.8 0 0 1-1.177-.828l.802-4.987a.801.801 0 0 0-.215-.685l-3.457-3.57a.802.802 0 0 1 .452-1.348l4.711-.732a.8.8 0 0 0 .602-.45l2.084-4.44a.8.8 0 0 1 1.45 0l2.084 4.44a.8.8 0 0 0 .602.45l4.711.732a.801.801 0 0 1 .452 1.349l-3.457 3.57a.8.8 0 0 0-.215.684l.801 4.987a.8.8 0 0 1-1.177.828l-4.14-2.287a.8.8 0 0 0-.773 0Z" fill="url(#star-gradient-:ds345:)"></path></svg><svg fill="none" xmlns="http://www.w3.org/2000/svg" viewBox="0 0 24 24" role="img" aria-hidden="true"><defs><linearGradient id="star-gradient-:ds346:" x1="0" y1="0" x2="1" y2="0"><stop offset="81.82000000000001%"></stop><stop offset="0%"></stop></linearGradient></defs><path d="M11.613 18.413 7.473 20.7a.8.8 0 0 1-1.177-.828l.802-4.987a.801.801 0 0 0-.215-.685l-3.457-3.57a.802.802 0 0 1 .452-1.348l4.711-.732a.8.8 0 0 0 .602-.45l2.084-4.44a.8.8 0 0 1 1.45 0l2.084 4.44a.8.8 0 0 0 .602.45l4.711.732a.801.801 0 0 1 .452 1.349l-3.457 3.57a.8.8 0 0 0-.215.684l.801 4.987a.8.8 0 0 1-1.177.828l-4.14-2.287a.8.8 0 0 0-.773 0Z" fill="url(#star-gradient-:ds346:)"></path></svg></div><div class="ds-c-rating__body"><span class="ds-c-rating__rating-content" aria-hidden="true">(22)</span></div></span></a></div></div></div></div><div class="pt__wrapper__bottom"><div class="pt__data-entry"></div><div class="pt__cost"><div class="pt__cost__contextual--wrapper" data-testid="whole-contextual-price"><span data-testid="contextual-price" class="pt__cost__contextual pt__cost__contextual--with-nectar-not-associated"><span class="pt__cost--price" data-testid="contextual-price-text">£1.60</span></span><span data-testid="text-with-nectar" class="pt__with-or-without-nectar">with Nectar</span></div><div data-testid="pt-retail-price-and-unit" class="pt__cost__retail-price__wrapper"><span class="pt__cost__retail-price pt__cost__retail-price--with-nectar-not-associated" data-testid="pt-retail-price">£2.25</span><span data-testid="pt-unit-price" class="pt__cost__unit-price-per-measure">18p / 100ml</span></div></div></div></div><div class="pt__controls" data-testid="pt-control-buttons"><div class="pt-button"><button data-testid="add-button" aria-label="Add Lipton Ice Tea Peach Flavoured Still Soft Drink 1.25L to trolley" class="ln-c-button ln-c-button--filled ln-c-button--full pt__add-button" type="button">Add</button></div></div></div></div><div class="pt__icons__fav"><div data-testid="fav_heart-tooltip" class="ln-c-tooltip"><div><button class="pt__icons__fav--cta" data-testid="favourite-icon-empty" aria-label="Add to favourites"><svg role="presentation" class="pt__icons__fav--icon-empty ln-c-icon" viewBox="0 0 24 24" xmlns="http://www.w3.org/2000/svg"><title>Favourites</title><path d="M12 9.04l-1.992-2.002a3.502 3.502 0 0 0-4.975-.003 3.579 3.579 0 0 0 .003 5.034l6.842 6.88a.17.17 0 0 0 .243 0l6.842-6.88a3.576 3.576 0 0 0 .003-5.034 3.505 3.505 0 0 0-4.975.003l-1.992 2.003zm0-2.836l.759-.755a5.505 5.505 0 0 1 7.625.176 5.576 5.576 0 0 1-.003 7.855l-6.842 6.88a2.17 2.17 0 0 1-3.08 0l-6.841-6.88a5.579 5.579 0 0 1-.003-7.855 5.502 5.502 0 0 1 7.625-.176l.76.755z" fill="currentColor"></path></svg></button></div><div aria-live="polite" aria-atomic="true" role="tooltip"></div></div></div></article></li></ul></div></section><div class="CitrusBannerTrio citrus-bottom-trio" data-testid="citrus-trio-wrapper"><iframe id="espot-NZ_Search_Responsive_Bottom_1a" src="javascript:" data-testid="espot" title="Additional content" class="espot" style="height: 420px;"></iframe><iframe id="espot-NZ_Search_Responsive_Bottom_1b" src="javascript:" data-testid="espot" title="Additional content" class="espot" style="height: 420px;"></iframe><iframe id="espot-NZ_Search_Responsive_Bottom_1c" src="javascript:" data-testid="espot" title="Additional content" class="espot" style="height: 420px;"></iframe></div><iframe id="espot-NZ_Search_Responsive_Bottom_2" src="javascript:" data-testid="espot" title="Additional content" class="espot" style="height: 205px;"></iframe><iframe id="espot-NZ_Search_Responsive_Bottom_3" src="javascript:" data-testid="espot" title="Additional content" class="espot" style="height: 391px;"></iframe></section></div></div></div></div><div class="ln-o-page__footer"><footer data-testid="footer" class="ln-c-footer app-layout-footer" role="contentinfo"><div class="ln-o-container footer"><div class="footer__links"><a class="footer__link" data-testid="footer-link-accessibility" href="https://www.sainsburys.co.uk/accessibility">Accessibility</a><a class="footer__link" data-testid="footer-link-cookie-policy" href="https://www.sainsburys.co.uk/cookies">Cookie policy</a><a class="footer__link" data-testid="footer-link-keyworker-discount" href="https://secure.gocertify.me/at/sainsburys/key-worker">Keyworker Discount</a><a class="footer__link" data-testid="footer-link-privacy" href="https://www.sainsburys.co.uk/privacy">Privacy policy</a><button class="footer__link optanon-toggle-display" data-testid="cookie-law-link">Manage Cookies</button><a class="footer__link" data-testid="footer-link-contact-us" href="https://help.sainsburys.co.uk/help/how_to_contact_us">Contact us</a><a class="footer__link" data-testid="footer-link-help-centre" href="https://help.sainsburys.co.uk/">Help centre</a><a class="footer__link" data-testid="footer-link-terms-and-conditions" href="https://www.sainsburys.co.uk/terms">Terms &amp; Conditions</a></div></div></footer></div></div></div></div><script type="text/javascript" src="/miR1Z_/Vg/Ls/-BA4/JVhGnEUUXtZAk/X3pahXkDkzSL/UC1IAQ/PQ1XBXI/NIHUB"></script><script src="https://cdn-ukwest.onetrust.com/scripttemplates/otSDKStub.js" charset="UTF-8" data-domain-script="53f3532a-319c-45d4-b6eb-3922b10c275d"></script><div id="onetrust-consent-sdk" data-nosnippet="true"><div class="onetrust-pc-dark-filter ot-hide ot-fade-in"></div><div id="onetrust-pc-sdk" class="otPcCenter ot-hide ot-fade-in" lang="en" aria-label="Preference center" role="region"><div role="dialog" aria-modal="true" style="height: 100%;" aria-label="Cookie Preference Centre "><!-- Close Button --><div class="ot-pc-header"><!-- Logo Tag --><div class="ot-pc-logo" role="img" aria-label="Company Logo"><img alt="Company Logo" src="https://cdn-ukwest.onetrust.com/logos/e1fd2f29-c8cd-4679-82e1-451d39f5ae8a/53f3532a-319c-45d4-b6eb-3922b10c275d/sainsburys.png"></div></div><!-- Close Button --><div id="ot-pc-content" class="ot-pc-scrollbar"><div class="ot-optout-signal ot-hide"><div class="ot-optout-icon"><svg xmlns="http://www.w3.org/2000/svg"><path class="ot-floating-button__svg-fill" d="M14.588 0l.445.328c1.807 1.303 3.961 2.533 6.461 3.688 2.015.93 4.576 1.746 7.682 2.446 0 14.178-4.73 24.133-14.19 29.864l-.398.236C4.863 30.87 0 20.837 0 6.462c3.107-.7 5.668-1.516 7.682-2.446 2.709-1.251 5.01-2.59 6.906-4.016zm5.87 13.88a.75.75 0 00-.974.159l-5.475 6.625-3.005-2.997-.077-.067a.75.75 0 00-.983 1.13l4.172 4.16 6.525-7.895.06-.083a.75.75 0 00-.16-.973z" fill="#FFF" fill-rule="evenodd"></path></svg></div><span></span></div><h2 id="ot-pc-title">Cookie Preference Centre </h2><div id="ot-pc-desc">Learn more about what each cookie category does and choose your settings (toggle right to opt in or left to opt out).
  <br><a href="https://privacy-hub.sainsburys.co.uk/cookie-policy/" class="privacy-notice-link" rel="noopener" target="_blank" aria-label="Cookie Policy, opens in a new tab">Cookie Policy</a></div><button id="accept-recommended-btn-handler">Allow All</button><section class="ot-sdk-row ot-cat-grp"><h3 id="ot-category-title"> Manage Cookie Preferences</h3><div class="ot-cat-item ot-always-active-group ot-vs-config" data-optanongroupid="1"><!-- Group name --><h4 class="ot-cat-header" id="ot-header-id-1">Strictly Necessary</h4><div id="ot-status-id-1" class="ot-always-active">Always Active</div><!-- Group description --><p class="ot-category-desc" id="ot-desc-id-1">These technologies are needed to enable our websites and apps to run and to keep it secure. </p><div class="ot-hlst-cntr"><button class="ot-link-btn category-host-list-handler" aria-label="Cookie Details button opens Cookie List menu" data-parent-id="1">Cookies Details‎</button></div></div><div class="ot-cat-item ot-vs-config" data-optanongroupid="2"><!-- Group name --><h4 class="ot-cat-header" id="ot-header-id-2">Performance / Analytics </h4><div class="ot-tgl"><input type="checkbox" name="ot-group-id-2" id="ot-group-id-2" role="switch" class="category-switch-handler" data-optanongroupid="2" aria-labelledby="ot-header-id-2"> <label class="ot-switch" for="ot-group-id-2"><span class="ot-switch-nob"></span> <span class="ot-label-txt">Performance / Analytics </span></label> </div><!-- Group description --><p class="ot-category-desc" id="ot-desc-id-2">These technologies tell us how customers use our sites and apps, and provide information to help us improve the website, apps and your browsing experience.</p><div class="ot-hlst-cntr"><button class="ot-link-btn category-host-list-handler" aria-label="Cookie Details button opens Cookie List menu" data-parent-id="2">Cookies Details‎</button></div></div><div class="ot-cat-item ot-vs-config" data-optanongroupid="3"><!-- Group name --><h4 class="ot-cat-header" id="ot-header-id-3">Functional</h4><div class="ot-tgl"><input type="checkbox" name="ot-group-id-3" id="ot-group-id-3" role="switch" class="category-switch-handler" data-optanongroupid="3" aria-labelledby="ot-header-id-3"> <label class="ot-switch" for="ot-group-id-3"><span class="ot-switch-nob"></span> <span class="ot-label-txt">Functional</span></label> </div><!-- Group description --><p class="ot-category-desc" id="ot-desc-id-3">These technologies allow us to provide enhanced functionality and personalise content for you. For example they're used to recognise you when you return to our website or app. If you do not allow these technologies then some or all of these services may not function properly.</p><div class="ot-hlst-cntr"><button class="ot-link-btn category-host-list-handler" aria-label="Cookie Details button opens Cookie List menu" data-parent-id="3">Cookies Details‎</button></div></div><div class="ot-cat-item ot-vs-config" data-optanongroupid="4"><!-- Group name --><h4 class="ot-cat-header" id="ot-header-id-4">Marketing</h4><div class="ot-tgl"><input type="checkbox" name="ot-group-id-4" id="ot-group-id-4" role="switch" class="category-switch-handler" data-optanongroupid="4" aria-labelledby="ot-header-id-4"> <label class="ot-switch" for="ot-group-id-4"><span class="ot-switch-nob"></span> <span class="ot-label-txt">Marketing</span></label> </div><!-- Group description --><p class="ot-category-desc" id="ot-desc-id-4">These technologies help us decide which products, services and offers may be relevant for you. We use this data to customise the marketing content you see on websites, apps and social media. They also help us and carefully-selected third parties understand the performance of our marketing activities and improve the relevance of the adverts that you see. These technologies are set by us or our carefully-selected third parties.</p><div class="ot-hlst-cntr"><button class="ot-link-btn category-host-list-handler" aria-label="Cookie Details button opens Cookie List menu" data-parent-id="4">Cookies Details‎</button></div></div><!-- Groups sections starts --><!-- Group section ends --><!-- Accordion Group section starts --><!-- Accordion Group section ends --></section></div><section id="ot-pc-lst" class="ot-hide ot-hosts-ui ot-pc-scrollbar"><div id="ot-pc-hdr"><div id="ot-lst-title"><button class="ot-link-btn back-btn-handler" aria-label="Back"><svg id="ot-back-arw" xmlns="http://www.w3.org/2000/svg" xmlns:xlink="http://www.w3.org/1999/xlink" x="0px" y="0px" viewBox="0 0 444.531 444.531" xml:space="preserve"><title>Back Button</title><g><path fill="#656565" d="M213.13,222.409L351.88,83.653c7.05-7.043,10.567-15.657,10.567-25.841c0-10.183-3.518-18.793-10.567-25.835
                    l-21.409-21.416C323.432,3.521,314.817,0,304.637,0s-18.791,3.521-25.841,10.561L92.649,196.425
                    c-7.044,7.043-10.566,15.656-10.566,25.841s3.521,18.791,10.566,25.837l186.146,185.864c7.05,7.043,15.66,10.564,25.841,10.564
                    s18.795-3.521,25.834-10.564l21.409-21.412c7.05-7.039,10.567-15.604,10.567-25.697c0-10.085-3.518-18.746-10.567-25.978
                    L213.13,222.409z"></path></g></svg></button><h3>Cookie List</h3></div><div class="ot-lst-subhdr"><div class="ot-search-cntr"><p role="status" class="ot-scrn-rdr"></p><input id="vendor-search-handler" type="text" name="vendor-search-handler" placeholder="Search…" aria-label="Cookie list search"> <svg xmlns="http://www.w3.org/2000/svg" xmlns:xlink="http://www.w3.org/1999/xlink" x="0px" y="0px" viewBox="0 -30 110 110" aria-hidden="true"><title>Search Icon</title><path fill="#2e3644" d="M55.146,51.887L41.588,37.786c3.486-4.144,5.396-9.358,5.396-14.786c0-12.682-10.318-23-23-23s-23,10.318-23,23
            s10.318,23,23,23c4.761,0,9.298-1.436,13.177-4.162l13.661,14.208c0.571,0.593,1.339,0.92,2.162,0.92
            c0.779,0,1.518-0.297,2.079-0.837C56.255,54.982,56.293,53.08,55.146,51.887z M23.984,6c9.374,0,17,7.626,17,17s-7.626,17-17,17
            s-17-7.626-17-17S14.61,6,23.984,6z"></path></svg></div><div class="ot-fltr-cntr"><button id="filter-btn-handler" aria-label="Filter" aria-haspopup="true"><svg role="presentation" aria-hidden="true" xmlns="http://www.w3.org/2000/svg" xmlns:xlink="http://www.w3.org/1999/xlink" x="0px" y="0px" viewBox="0 0 402.577 402.577" xml:space="preserve"><title>Filter Icon</title><g><path fill="#fff" d="M400.858,11.427c-3.241-7.421-8.85-11.132-16.854-11.136H18.564c-7.993,0-13.61,3.715-16.846,11.136
      c-3.234,7.801-1.903,14.467,3.999,19.985l140.757,140.753v138.755c0,4.955,1.809,9.232,5.424,12.854l73.085,73.083
      c3.429,3.614,7.71,5.428,12.851,5.428c2.282,0,4.66-0.479,7.135-1.43c7.426-3.238,11.14-8.851,11.14-16.845V172.166L396.861,31.413
      C402.765,25.895,404.093,19.231,400.858,11.427z"></path></g></svg></button></div><div id="ot-anchor"></div><section id="ot-fltr-modal"><div id="ot-fltr-cnt"><button id="clear-filters-handler">Clear</button><div class="ot-fltr-scrlcnt ot-pc-scrollbar"><div class="ot-fltr-opts"><div class="ot-fltr-opt"><div class="ot-chkbox"><input id="chkbox-id" type="checkbox" class="category-filter-handler"> <label for="chkbox-id"><span class="ot-label-txt">checkbox label</span></label> <span class="ot-label-status">label</span></div></div></div><div class="ot-fltr-btns"><button id="filter-apply-handler">Apply</button> <button id="filter-cancel-handler">Cancel</button></div></div></div></section></div></div><section id="ot-lst-cnt" class="ot-host-cnt ot-pc-scrollbar"><div id="ot-sel-blk"><div class="ot-sel-all"><div class="ot-sel-all-hdr"><span class="ot-consent-hdr">Consent</span> <span class="ot-li-hdr">Leg.Interest</span></div><div class="ot-sel-all-chkbox"><div class="ot-chkbox" id="ot-selall-hostcntr"><input id="select-all-hosts-groups-handler" type="checkbox"> <label for="select-all-hosts-groups-handler"><span class="ot-label-txt">checkbox label</span></label> <span class="ot-label-status">label</span></div><div class="ot-chkbox" id="ot-selall-vencntr"><input id="select-all-vendor-groups-handler" type="checkbox"> <label for="select-all-vendor-groups-handler"><span class="ot-label-txt">checkbox label</span></label> <span class="ot-label-status">label</span></div><div class="ot-chkbox" id="ot-selall-licntr"><input id="select-all-vendor-leg-handler" type="checkbox"> <label for="select-all-vendor-leg-handler"><span class="ot-label-txt">checkbox label</span></label> <span class="ot-label-status">label</span></div></div></div></div><div class="ot-sdk-row"><div class="ot-sdk-column"><ul id="ot-host-lst"></ul></div></div></section></section><div class="ot-pc-footer ot-pc-scrollbar"><div class="ot-btn-container"> <button class="save-preference-btn-handler onetrust-close-btn-handler">Confirm My Choices</button></div><!-- Footer logo --><div class="ot-pc-footer-logo"><a href="https://www.onetrust.com/products/cookie-consent/" target="_blank" rel="noopener noreferrer" aria-label="Powered by OneTrust Opens in a new Tab"><img alt="Powered by Onetrust" src="https://cdn-ukwest.onetrust.com/logos/static/powered_by_logo.svg" title="Powered by OneTrust Opens in a new Tab"></a></div></div><!-- Cookie subgroup container --><!-- Vendor list link --><!-- Cookie lost link --><!-- Toggle HTML element --><!-- Checkbox HTML --><!-- plus minus--><!-- Arrow SVG element --><!-- Accordion basic element --><span class="ot-scrn-rdr" aria-atomic="true" aria-live="polite"></span><!-- Vendor Service container and item template --></div><iframe class="ot-text-resize" sandbox="allow-same-origin" title="onetrust-text-resize" style="position: absolute; top: -50000px; width: 100em;" aria-hidden="true"></iframe></div></div><div id="a11y-status-message" role="status" aria-live="polite" aria-relevant="additions text" style="border: 0px; clip: rect(0px, 0px, 0px, 0px); height: 1px; margin: -1px; overflow: hidden; padding: 0px; position: absolute; width: 1px;"></div></body></html>