<html><head><meta name="color-scheme" content="light dark"><meta charset="utf-8"></head><body><pre>{"products":[{"product_uid":"7795365","favourite_uid":null,"eans":["5035766641209","5035766641841"],"product_type":"BASIC","name":"John Smith's Extra Smooth Ale Cans 18 x 440ml","image":"https://www.sainsburys.co.uk/wcsstore/ExtendedSitesCatalogAssetStore/images/catalog/productImages/41/5035766641841/5035766641841_L.jpeg","image_zoom":null,"image_thumbnail":"https://www.sainsburys.co.uk/wcsstore/ExtendedSitesCatalogAssetStore/images/catalog/productImages/41/5035766641841/5035766641841_M.jpeg","image_thumbnail_small":"https://www.sainsburys.co.uk/wcsstore/ExtendedSitesCatalogAssetStore/images/catalog/productImages/41/5035766641841/5035766641841_S.jpeg","full_url":"https://www.sainsburys.co.uk/shop/gb/groceries/product/details/john-smiths-extra-smooth-18x440ml-7795365-p-44","unit_price":{"price":2.15,"measure":"ltr","measure_amount":1},"retail_price":{"price":15,"measure":"unit"},"nectar_price":{"retail_price":15,"unit_price":1.9,"measure":"unit","url":"https://www.sainsburys.co.uk/shop/gb/groceries/new---trending/nectar-prices","category_seo_url":"gb/groceries/new---trending/nectar-prices"},"is_available":true,"promotions":[{"promotion_uid":"10649356","icon":"https://www.sainsburys.co.uk/wcsstore/Sainsburys/Promotion assets/Promotion icons/Buy_X_For_Y_Amt_S_Icon.gif","link":"/shop/PromotionDisplayView?promotionId=10649356\u0026productId=1262494\u0026langId=44\u0026storeId=10151","strap_line":"Buy 1 for 15","start_date":"2024-09-17T23:00:00Z","end_date":"2024-10-07T23:00:00Z","original_price":17,"promo_mechanic_id":"99","is_nectar":true,"promo_type":"SIMPLE_FIXED_PRICE","promo_group":"simple"}],"hfss_restriction":[{"country":"ENG","restricted":false,"hfss_category":"Out of scope or Product not in a legislative category","hfss_score":0,"last_change_date":"2022-09-23T11:46:35.843Z"},{"country":"SCT","restricted":false,"hfss_category":"Out of scope or Product not in a legislative category","hfss_score":0,"last_change_date":"2022-09-23T11:46:35.843Z"},{"country":"WLS","restricted":false,"hfss_category":"Out of scope or Product not in a legislative category","hfss_score":0,"last_change_date":"2022-09-23T11:46:35.843Z"},{"country":"NIR","restricted":false,"hfss_category":"Out of scope or Product not in a legislative category","hfss_score":0,"last_change_date":"2022-09-23T11:46:35.843Z"}],"associations":[],"is_alcoholic":true,"is_spotlight":false,"is_intolerant":false,"is_mhra":false,"badges":[],"labels":[],"zone":null,"department":null,"reviews":{"is_enabled":true,"product_uid":"7795365","total":9,"average_rating":4.4444},"breadcrumbs":[],"assets":{"plp_image":"https://assets.sainsburys-groceries.co.uk/gol/7795365/image.jpg","images":[],"video":[]},"description":[],"important_information":["The above details have been prepared to help you select suitable products. Products and their ingredients are liable to change.","\u003cstrong\u003eYou should always read the label before consuming or using the product and never rely solely on the information presented here.","If you require specific advice on any Sainsbury's branded product, please contact our Customer Careline on 0800 636262. For all other products, please contact the manufacturer, whose details will appear on the packaging or label. Sainsbury's is therefore unable to accept liability for any incorrect information.","You should also note that the picture / images show only our serving suggestions of how to serve or prepare your food – all accessories and additional items and/or ingredients pictured with the product you are purchasing are not included.","This information is supplied for your personal use only. It may not be reproduced in any way without the prior consent of Sainsbury's Supermarkets Ltd and due acknowledgement"],"attachments":[],"categories":[{"id":"594093","name":"Beer \u0026 cider"},{"id":"594094","name":"Bigger packs"},{"id":"591354","name":"Birra Moretti, Foster's, Heineken and more"},{"id":"480353","name":"Bigger packs"},{"id":"506355","name":"Ale \u0026 stout"},{"id":"242801","name":"Special offers"},{"id":"318428","name":"All beer"},{"id":"410356","name":"Special offers"},{"id":"410380","name":"Special offers"},{"id":"450478","name":"Bonfire night"},{"id":"462356","name":"Special offers"},{"id":"478361","name":"Pub food \u0026 drink"}],"header":{"text":"Nectar price","type":"NECTAR"},"attributes":{"brand":["John Smith's"]},"is_supply_chain_orderable":false,"display_icons":[],"pdp_deep_link":"/shop/ProductDisplay?storeId=10151\u0026langId=44\u0026productId=1262494"},{"product_uid":"7704551","favourite_uid":null,"eans":["5000005487979","5011348008479"],"product_type":"BASIC","name":"King Goblin Ruby Ale Beer Bottle 500ml","image":"https://www.sainsburys.co.uk/wcsstore/ExtendedSitesCatalogAssetStore/images/catalog/productImages/79/5011348008479/5011348008479_L.jpeg","image_zoom":null,"image_thumbnail":"https://www.sainsburys.co.uk/wcsstore/ExtendedSitesCatalogAssetStore/images/catalog/productImages/79/5011348008479/5011348008479_M.jpeg","image_thumbnail_small":"https://www.sainsburys.co.uk/wcsstore/ExtendedSitesCatalogAssetStore/images/catalog/productImages/79/5011348008479/5011348008479_S.jpeg","full_url":"https://www.sainsburys.co.uk/shop/gb/groceries/product/details/wychwood-king-goblin-500ml","unit_price":{"price":4.2,"measure":"ltr","measure_amount":1},"retail_price":{"price":2.1,"measure":"unit"},"is_available":true,"promotions":[{"promotion_uid":"10650144","icon":"https://www.sainsburys.co.uk/wcsstore/Sainsburys/Promotion assets/Promotion icons/Buy_X_For_Y_Amt_S_Icon.gif","link":"/shop/PromotionDisplayView?promotionId=10650144\u0026productId=643088\u0026langId=44\u0026storeId=10151","strap_line":"Buy any 4 for £7.00 with Nectar","start_date":"2024-09-17T23:00:00Z","end_date":"2024-11-15T00:00:00Z","original_price":0,"promo_mechanic_id":"14","is_nectar":true,"promo_type":"MULTIBUY_BUY_X_OF_VARIABLE_PRICE_FOR_Y","promo_group":"multi_buy"}],"hfss_restriction":[{"country":"ENG","restricted":false,"hfss_category":"Out of scope or Product not in a legislative category","hfss_score":0,"last_change_date":"2022-09-23T11:46:23.326Z"},{"country":"SCT","restricted":false,"hfss_category":"Out of scope or Product not in a legislative category","hfss_score":0,"last_change_date":"2022-09-23T11:46:23.326Z"},{"country":"WLS","restricted":false,"hfss_category":"Out of scope or Product not in a legislative category","hfss_score":0,"last_change_date":"2022-09-23T11:46:23.326Z"},{"country":"NIR","restricted":false,"hfss_category":"Out of scope or Product not in a legislative category","hfss_score":0,"last_change_date":"2022-09-23T11:46:23.326Z"}],"not_for_eu":true,"associations":[],"is_alcoholic":true,"is_spotlight":false,"is_intolerant":false,"is_mhra":false,"badges":[],"labels":[],"zone":null,"department":null,"reviews":{"is_enabled":true,"product_uid":"7704551","total":8,"average_rating":4},"breadcrumbs":[],"assets":{"plp_image":"https://assets.sainsburys-groceries.co.uk/gol/7704551/image.jpg","images":[],"video":[]},"description":[],"important_information":["The above details have been prepared to help you select suitable products. Products and their ingredients are liable to change.","\u003cstrong\u003eYou should always read the label before consuming or using the product and never rely solely on the information presented here.","If you require specific advice on any Sainsbury's branded product, please contact our Customer Careline on 0800 636262. For all other products, please contact the manufacturer, whose details will appear on the packaging or label. Sainsbury's is therefore unable to accept liability for any incorrect information.","You should also note that the picture / images show only our serving suggestions of how to serve or prepare your food – all accessories and additional items and/or ingredients pictured with the product you are purchasing are not included.","This information is supplied for your personal use only. It may not be reproduced in any way without the prior consent of Sainsbury's Supermarkets Ltd and due acknowledgement"],"attachments":[],"categories":[{"id":"594857","name":"Drinks \u0026 cocktails"},{"id":"537364","name":"Drinks \u0026 cocktails"},{"id":"506355","name":"Ale \u0026 stout"},{"id":"242801","name":"Special offers"},{"id":"318428","name":"All beer"},{"id":"337357","name":"All Halloween"},{"id":"337378","name":"Halloween Party"},{"id":"410356","name":"Special offers"},{"id":"454358","name":"Special offers"}],"attributes":{"brand":["Wychwood"]},"is_supply_chain_orderable":false,"display_icons":[],"pdp_deep_link":"/shop/ProductDisplay?storeId=10151\u0026langId=44\u0026productId=643088"},{"product_uid":"7855600","favourite_uid":null,"eans":["8008440512512","8008440522931"],"product_type":"BASIC","name":"Peroni Nastro Azzurro Gluten Free Beer Lager Bottles 4x330ml","image":"https://www.sainsburys.co.uk/wcsstore/ExtendedSitesCatalogAssetStore/images/catalog/productImages/12/8008440512512/8008440512512_L.jpeg","image_zoom":null,"image_thumbnail":"https://www.sainsburys.co.uk/wcsstore/ExtendedSitesCatalogAssetStore/images/catalog/productImages/12/8008440512512/8008440512512_M.jpeg","image_thumbnail_small":"https://www.sainsburys.co.uk/wcsstore/ExtendedSitesCatalogAssetStore/images/catalog/productImages/12/8008440512512/8008440512512_S.jpeg","full_url":"https://www.sainsburys.co.uk/shop/gb/groceries/product/details/peroni-nastro-azzurro-lager-gluten-free-4x330ml","unit_price":{"price":5.68,"measure":"ltr","measure_amount":1},"retail_price":{"price":7.5,"measure":"unit"},"is_available":true,"promotions":[],"hfss_restriction":[{"country":"ENG","restricted":false,"hfss_category":"Out of scope or Product not in a legislative category","hfss_score":0,"last_change_date":"2022-09-23T11:46:25.347Z"},{"country":"SCT","restricted":false,"hfss_category":"Out of scope or Product not in a legislative category","hfss_score":0,"last_change_date":"2022-09-23T11:46:25.347Z"},{"country":"WLS","restricted":false,"hfss_category":"Out of scope or Product not in a legislative category","hfss_score":0,"last_change_date":"2022-09-23T11:46:25.347Z"},{"country":"NIR","restricted":false,"hfss_category":"Out of scope or Product not in a legislative category","hfss_score":0,"last_change_date":"2022-09-23T11:46:25.347Z"}],"associations":[],"is_alcoholic":true,"is_spotlight":false,"is_intolerant":false,"is_mhra":false,"badges":[],"labels":[],"zone":null,"department":null,"reviews":{"is_enabled":true,"product_uid":"7855600","total":8,"average_rating":4.5},"breadcrumbs":[],"assets":{"plp_image":"https://assets.sainsburys-groceries.co.uk/gol/7855600/image.jpg","images":[],"video":[]},"description":[],"important_information":["The above details have been prepared to help you select suitable products. Products and their ingredients are liable to change.","\u003cstrong\u003eYou should always read the label before consuming or using the product and never rely solely on the information presented here.","If you require specific advice on any Sainsbury's branded product, please contact our Customer Careline on 0800 636262. For all other products, please contact the manufacturer, whose details will appear on the packaging or label. Sainsbury's is therefore unable to accept liability for any incorrect information.","You should also note that the picture / images show only our serving suggestions of how to serve or prepare your food – all accessories and additional items and/or ingredients pictured with the product you are purchasing are not included.","This information is supplied for your personal use only. It may not be reproduced in any way without the prior consent of Sainsbury's Supermarkets Ltd and due acknowledgement"],"attachments":[],"categories":[{"id":"506355","name":"Ale \u0026 stout"},{"id":"12260","name":"World beer"},{"id":"18670","name":"Special offers"},{"id":"209283","name":"All gluten free"},{"id":"242801","name":"Special offers"},{"id":"272762","name":"Beer"},{"id":"275896","name":"World lager"},{"id":"318428","name":"All beer"},{"id":"410356","name":"Special offers"},{"id":"410376","name":"Special offers"},{"id":"434877","name":"Special offers"}],"attributes":{"brand":["Peroni"]},"is_supply_chain_orderable":false,"display_icons":[],"pdp_deep_link":"/shop/ProductDisplay?storeId=10151\u0026langId=44\u0026productId=1125632"},{"product_uid":"3581629","favourite_uid":null,"eans":["5410228158424"],"product_type":"BASIC","name":"Hoegaarden Belgian Wheat Beer Bottle 750ml","image":"https://www.sainsburys.co.uk/wcsstore/ExtendedSitesCatalogAssetStore/images/catalog/productImages/24/5410228158424/5410228158424_L.jpeg","image_zoom":null,"image_thumbnail":"https://www.sainsburys.co.uk/wcsstore/ExtendedSitesCatalogAssetStore/images/catalog/productImages/24/5410228158424/5410228158424_M.jpeg","image_thumbnail_small":"https://www.sainsburys.co.uk/wcsstore/ExtendedSitesCatalogAssetStore/images/catalog/productImages/24/5410228158424/5410228158424_S.jpeg","full_url":"https://www.sainsburys.co.uk/shop/gb/groceries/product/details/hoegaarden-ale--bottle-750ml","unit_price":{"price":4.33,"measure":"ltr","measure_amount":1},"retail_price":{"price":3.25,"measure":"unit"},"is_available":true,"promotions":[],"hfss_restriction":[{"country":"ENG","restricted":false,"hfss_category":"Out of scope or Product not in a legislative category","hfss_score":0,"last_change_date":"2022-09-23T11:46:38.410Z"},{"country":"SCT","restricted":false,"hfss_category":"Out of scope or Product not in a legislative category","hfss_score":0,"last_change_date":"2022-09-23T11:46:38.410Z"},{"country":"WLS","restricted":false,"hfss_category":"Out of scope or Product not in a legislative category","hfss_score":0,"last_change_date":"2022-09-23T11:46:38.410Z"},{"country":"NIR","restricted":false,"hfss_category":"Out of scope or Product not in a legislative category","hfss_score":0,"last_change_date":"2022-09-23T11:46:38.410Z"}],"not_for_eu":true,"associations":[],"is_alcoholic":true,"is_spotlight":false,"is_intolerant":false,"is_mhra":false,"badges":[],"labels":[],"zone":null,"department":null,"reviews":{"is_enabled":true,"product_uid":"3581629","total":2,"average_rating":5},"breadcrumbs":[],"assets":{"plp_image":"https://assets.sainsburys-groceries.co.uk/gol/3581629/image.jpg","images":[],"video":[]},"description":[],"important_information":["The above details have been prepared to help you select suitable products. Products and their ingredients are liable to change.","\u003cstrong\u003eYou should always read the label before consuming or using the product and never rely solely on the information presented here.","If you require specific advice on any Sainsbury's branded product, please contact our Customer Careline on 0800 636262. For all other products, please contact the manufacturer, whose details will appear on the packaging or label. Sainsbury's is therefore unable to accept liability for any incorrect information.","You should also note that the picture / images show only our serving suggestions of how to serve or prepare your food – all accessories and additional items and/or ingredients pictured with the product you are purchasing are not included.","This information is supplied for your personal use only. It may not be reproduced in any way without the prior consent of Sainsbury's Supermarkets Ltd and due acknowledgement"],"attachments":[],"categories":[{"id":"506356","name":"Craft beer"},{"id":"506357","name":"Speciality beer"},{"id":"318428","name":"All beer"}],"attributes":{"brand":["Hoegaarden"]},"is_supply_chain_orderable":false,"display_icons":[],"pdp_deep_link":"/shop/ProductDisplay?storeId=10151\u0026langId=44\u0026productId=83622"},{"product_uid":"7642387","favourite_uid":null,"eans":["5032864001294"],"product_type":"BASIC","name":"Hogs Back Traditional English Ale 500ml","image":"https://www.sainsburys.co.uk/wcsstore/ExtendedSitesCatalogAssetStore/images/catalog/productImages/94/5032864001294/5032864001294_L.jpeg","image_zoom":null,"image_thumbnail":"https://www.sainsburys.co.uk/wcsstore/ExtendedSitesCatalogAssetStore/images/catalog/productImages/94/5032864001294/5032864001294_M.jpeg","image_thumbnail_small":"https://www.sainsburys.co.uk/wcsstore/ExtendedSitesCatalogAssetStore/images/catalog/productImages/94/5032864001294/5032864001294_S.jpeg","full_url":"https://www.sainsburys.co.uk/shop/gb/groceries/product/details/hogs-back-tea-500ml","unit_price":{"price":4.2,"measure":"ltr","measure_amount":1},"retail_price":{"price":2.1,"measure":"unit"},"is_available":true,"promotions":[{"promotion_uid":"10650144","icon":"https://www.sainsburys.co.uk/wcsstore/Sainsburys/Promotion assets/Promotion icons/Buy_X_For_Y_Amt_S_Icon.gif","link":"/shop/PromotionDisplayView?promotionId=10650144\u0026productId=432430\u0026langId=44\u0026storeId=10151","strap_line":"Buy any 4 for £7.00 with Nectar","start_date":"2024-09-17T23:00:00Z","end_date":"2024-11-15T00:00:00Z","original_price":0,"promo_mechanic_id":"14","is_nectar":true,"promo_type":"MULTIBUY_BUY_X_OF_VARIABLE_PRICE_FOR_Y","promo_group":"multi_buy"}],"hfss_restriction":[{"country":"ENG","restricted":false,"hfss_category":"Out of scope or Product not in a legislative category","hfss_score":0,"last_change_date":"2022-09-23T11:46:27.947Z"},{"country":"SCT","restricted":false,"hfss_category":"Out of scope or Product not in a legislative category","hfss_score":0,"last_change_date":"2022-09-23T11:46:27.947Z"},{"country":"WLS","restricted":false,"hfss_category":"Out of scope or Product not in a legislative category","hfss_score":0,"last_change_date":"2022-09-23T11:46:27.947Z"},{"country":"NIR","restricted":false,"hfss_category":"Out of scope or Product not in a legislative category","hfss_score":0,"last_change_date":"2022-09-23T11:46:27.947Z"}],"associations":[],"is_alcoholic":true,"is_spotlight":false,"is_intolerant":false,"is_mhra":false,"badges":[],"labels":[],"zone":null,"department":null,"reviews":{"is_enabled":true,"product_uid":"7642387","total":5,"average_rating":5},"breadcrumbs":[],"assets":{"plp_image":"https://assets.sainsburys-groceries.co.uk/gol/7642387/image.jpg","images":[],"video":[]},"description":[],"important_information":["The above details have been prepared to help you select suitable products. Products and their ingredients are liable to change.","\u003cstrong\u003eYou should always read the label before consuming or using the product and never rely solely on the information presented here.","If you require specific advice on any Sainsbury's branded product, please contact our Customer Careline on 0800 636262. For all other products, please contact the manufacturer, whose details will appear on the packaging or label. Sainsbury's is therefore unable to accept liability for any incorrect information.","You should also note that the picture / images show only our serving suggestions of how to serve or prepare your food – all accessories and additional items and/or ingredients pictured with the product you are purchasing are not included.","This information is supplied for your personal use only. It may not be reproduced in any way without the prior consent of Sainsbury's Supermarkets Ltd and due acknowledgement"],"attachments":[],"categories":[{"id":"506355","name":"Ale \u0026 stout"},{"id":"242801","name":"Special offers"},{"id":"318428","name":"All beer"},{"id":"410356","name":"Special offers"}],"attributes":{"brand":["Hogs Back Brewery Co "]},"is_supply_chain_orderable":false,"display_icons":[],"pdp_deep_link":"/shop/ProductDisplay?storeId=10151\u0026langId=44\u0026productId=432430"},{"product_uid":"7689549","favourite_uid":null,"eans":["3155930005568"],"product_type":"BASIC","name":"Desperados Tequila Lager Beer Bottle 650ml","image":"https://www.sainsburys.co.uk/wcsstore/ExtendedSitesCatalogAssetStore/images/catalog/productImages/68/3155930005568/3155930005568_L.jpeg","image_zoom":null,"image_thumbnail":"https://www.sainsburys.co.uk/wcsstore/ExtendedSitesCatalogAssetStore/images/catalog/productImages/68/3155930005568/3155930005568_M.jpeg","image_thumbnail_small":"https://www.sainsburys.co.uk/wcsstore/ExtendedSitesCatalogAssetStore/images/catalog/productImages/68/3155930005568/3155930005568_S.jpeg","full_url":"https://www.sainsburys.co.uk/shop/gb/groceries/product/details/desperados-650ml","unit_price":{"price":4.62,"measure":"ltr","measure_amount":1},"retail_price":{"price":3,"measure":"unit"},"is_available":true,"promotions":[],"hfss_restriction":[{"country":"ENG","restricted":false,"hfss_category":"Out of scope or Product not in a legislative category","hfss_score":0,"last_change_date":"2022-09-23T11:46:36.576Z"},{"country":"SCT","restricted":false,"hfss_category":"Out of scope or Product not in a legislative category","hfss_score":0,"last_change_date":"2022-09-23T11:46:36.576Z"},{"country":"WLS","restricted":false,"hfss_category":"Out of scope or Product not in a legislative category","hfss_score":0,"last_change_date":"2022-09-23T11:46:36.576Z"},{"country":"NIR","restricted":false,"hfss_category":"Out of scope or Product not in a legislative category","hfss_score":0,"last_change_date":"2022-09-23T11:46:36.576Z"}],"not_for_eu":true,"associations":[],"is_alcoholic":true,"is_spotlight":false,"is_intolerant":false,"is_mhra":false,"badges":[],"labels":[],"zone":null,"department":null,"reviews":{"is_enabled":true,"product_uid":"7689549","total":18,"average_rating":4.7222},"breadcrumbs":[],"assets":{"plp_image":"https://assets.sainsburys-groceries.co.uk/gol/7689549/image.jpg","images":[],"video":[]},"description":[],"important_information":["The above details have been prepared to help you select suitable products. Products and their ingredients are liable to change.","\u003cstrong\u003eYou should always read the label before consuming or using the product and never rely solely on the information presented here.","If you require specific advice on any Sainsbury's branded product, please contact our Customer Careline on 0800 636262. For all other products, please contact the manufacturer, whose details will appear on the packaging or label. Sainsbury's is therefore unable to accept liability for any incorrect information.","You should also note that the picture / images show only our serving suggestions of how to serve or prepare your food – all accessories and additional items and/or ingredients pictured with the product you are purchasing are not included.","This information is supplied for your personal use only. It may not be reproduced in any way without the prior consent of Sainsbury's Supermarkets Ltd and due acknowledgement"],"attachments":[],"categories":[{"id":"12260","name":"World beer"},{"id":"278253","name":"All lager"},{"id":"275896","name":"World lager"},{"id":"275897","name":"Single bottles"},{"id":"318428","name":"All beer"}],"attributes":{"brand":["Desperados "]},"is_supply_chain_orderable":false,"display_icons":[],"pdp_deep_link":"/shop/ProductDisplay?storeId=10151\u0026langId=44\u0026productId=606970"},{"product_uid":"8151448","favourite_uid":null,"eans":["5012686001214"],"product_type":"BASIC","name":"Bishops Finger Shepherd Neame Kentish Strong Ale 500ml","image":"https://www.sainsburys.co.uk/wcsstore/ExtendedSitesCatalogAssetStore/images/catalog/productImages/14/5012686001214/5012686001214_L.jpeg","image_zoom":null,"image_thumbnail":"https://www.sainsburys.co.uk/wcsstore/ExtendedSitesCatalogAssetStore/images/catalog/productImages/14/5012686001214/5012686001214_M.jpeg","image_thumbnail_small":"https://www.sainsburys.co.uk/wcsstore/ExtendedSitesCatalogAssetStore/images/catalog/productImages/14/5012686001214/5012686001214_S.jpeg","full_url":"https://www.sainsburys.co.uk/shop/gb/groceries/product/details/bishops-finger-shepherd-neame-kentish-strong-ale-500ml","unit_price":{"price":3.2,"measure":"ltr","measure_amount":1},"retail_price":{"price":1.6,"measure":"unit"},"is_available":true,"promotions":[],"hfss_restriction":[{"country":"ENG","restricted":false,"hfss_category":"Out of scope or Product not in a legislative category","hfss_score":0,"last_change_date":"2023-02-20T20:29:09Z"},{"country":"SCT","restricted":false,"hfss_category":"Out of scope or Product not in a legislative category","hfss_score":0,"last_change_date":"2023-02-20T20:29:09Z"},{"country":"WLS","restricted":false,"hfss_category":"Out of scope or Product not in a legislative category","hfss_score":0,"last_change_date":"2023-02-20T20:29:09Z"},{"country":"NIR","restricted":false,"hfss_category":"Out of scope or Product not in a legislative category","hfss_score":0,"last_change_date":"2023-02-20T20:29:09Z"}],"not_for_eu":true,"associations":[],"is_alcoholic":true,"is_spotlight":false,"is_intolerant":false,"is_mhra":false,"badges":[],"labels":[],"zone":null,"department":null,"reviews":{"is_enabled":true,"product_uid":"8151448","total":13,"average_rating":4.3077},"breadcrumbs":[],"assets":{"plp_image":"https://assets.sainsburys-groceries.co.uk/gol/8151448/image.jpg","images":[],"video":[]},"description":[],"important_information":["The above details have been prepared to help you select suitable products. Products and their ingredients are liable to change.","\u003cstrong\u003eYou should always read the label before consuming or using the product and never rely solely on the information presented here.","If you require specific advice on any Sainsbury's branded product, please contact our Customer Careline on 0800 636262. For all other products, please contact the manufacturer, whose details will appear on the packaging or label. Sainsbury's is therefore unable to accept liability for any incorrect information.","You should also note that the picture / images show only our serving suggestions of how to serve or prepare your food – all accessories and additional items and/or ingredients pictured with the product you are purchasing are not included.","This information is supplied for your personal use only. It may not be reproduced in any way without the prior consent of Sainsbury's Supermarkets Ltd and due acknowledgement"],"attachments":[],"categories":[{"id":"506355","name":"Ale \u0026 stout"},{"id":"318428","name":"All beer"},{"id":"461871","name":"Vegetarian \u0026 plant based"},{"id":"461863","name":"Vegan drinks"},{"id":"462852","name":"All vegan"}],"attributes":{"brand":["Bishops Finger"]},"is_supply_chain_orderable":false,"display_icons":[],"pdp_deep_link":"/shop/ProductDisplay?storeId=10151\u0026langId=44\u0026productId=1480608"},{"product_uid":"8037785","favourite_uid":null,"eans":["5014379004687"],"product_type":"BASIC","name":"Budweiser Lager Beer Bottles 12x300ml","image":"https://www.sainsburys.co.uk/wcsstore/ExtendedSitesCatalogAssetStore/images/catalog/productImages/87/5014379004687/5014379004687_L.jpeg","image_zoom":null,"image_thumbnail":"https://www.sainsburys.co.uk/wcsstore/ExtendedSitesCatalogAssetStore/images/catalog/productImages/87/5014379004687/5014379004687_M.jpeg","image_thumbnail_small":"https://www.sainsburys.co.uk/wcsstore/ExtendedSitesCatalogAssetStore/images/catalog/productImages/87/5014379004687/5014379004687_S.jpeg","full_url":"https://www.sainsburys.co.uk/shop/gb/groceries/product/details/budweiser-lager-beer-bottles-12x300ml","unit_price":{"price":3.19,"measure":"ltr","measure_amount":1},"retail_price":{"price":11.5,"measure":"unit"},"is_available":true,"promotions":[],"hfss_restriction":[{"country":"ENG","restricted":false,"hfss_category":"Out of scope or Product not in a legislative category","hfss_score":0,"last_change_date":"2022-09-23T11:46:38.684Z"},{"country":"SCT","restricted":false,"hfss_category":"Out of scope or Product not in a legislative category","hfss_score":0,"last_change_date":"2022-09-23T11:46:38.684Z"},{"country":"WLS","restricted":false,"hfss_category":"Out of scope or Product not in a legislative category","hfss_score":0,"last_change_date":"2022-09-23T11:46:38.684Z"},{"country":"NIR","restricted":false,"hfss_category":"Out of scope or Product not in a legislative category","hfss_score":0,"last_change_date":"2022-09-23T11:46:38.684Z"}],"associations":[],"is_alcoholic":true,"is_spotlight":false,"is_intolerant":false,"is_mhra":false,"badges":[],"labels":[],"zone":null,"department":null,"reviews":{"is_enabled":true,"product_uid":"8037785","total":48,"average_rating":4.3958},"breadcrumbs":[],"assets":{"plp_image":"https://assets.sainsburys-groceries.co.uk/gol/8037785/image.jpg","images":[],"video":[]},"description":[],"important_information":["The above details have been prepared to help you select suitable products. Products and their ingredients are liable to change.","\u003cstrong\u003eYou should always read the label before consuming or using the product and never rely solely on the information presented here.","If you require specific advice on any Sainsbury's branded product, please contact our Customer Careline on 0800 636262. For all other products, please contact the manufacturer, whose details will appear on the packaging or label. Sainsbury's is therefore unable to accept liability for any incorrect information.","You should also note that the picture / images show only our serving suggestions of how to serve or prepare your food – all accessories and additional items and/or ingredients pictured with the product you are purchasing are not included.","This information is supplied for your personal use only. It may not be reproduced in any way without the prior consent of Sainsbury's Supermarkets Ltd and due acknowledgement"],"attachments":[],"categories":[{"id":"594093","name":"Beer \u0026 cider"},{"id":"560358","name":"Budweiser, Corona, Camden \u0026 Stella Artois"},{"id":"611362","name":"Win with Budweiser"},{"id":"278253","name":"All lager"},{"id":"275894","name":"Multipack lager"},{"id":"318428","name":"All beer"},{"id":"410380","name":"Special offers"},{"id":"434877","name":"Special offers"},{"id":"462356","name":"Special offers"}],"attributes":{"brand":["Budweiser"]},"is_supply_chain_orderable":false,"display_icons":[],"pdp_deep_link":"/shop/ProductDisplay?storeId=10151\u0026langId=44\u0026productId=1425470"},{"product_uid":"7962659","favourite_uid":null,"eans":["0604565218834","0604565869791"],"product_type":"BASIC","name":"Infinite Session Alcohol Free IPA 4x330ml","image":"https://www.sainsburys.co.uk/wcsstore/ExtendedSitesCatalogAssetStore/images/catalog/productImages/34/0604565218834/0604565218834_L.jpeg","image_zoom":null,"image_thumbnail":"https://www.sainsburys.co.uk/wcsstore/ExtendedSitesCatalogAssetStore/images/catalog/productImages/34/0604565218834/0604565218834_M.jpeg","image_thumbnail_small":"https://www.sainsburys.co.uk/wcsstore/ExtendedSitesCatalogAssetStore/images/catalog/productImages/34/0604565218834/0604565218834_S.jpeg","full_url":"https://www.sainsburys.co.uk/shop/gb/groceries/product/details/infinite-session-ipa-4x330ml","unit_price":{"price":3.22,"measure":"ltr","measure_amount":1},"retail_price":{"price":3.25,"measure":"unit"},"nectar_price":{"retail_price":3.25,"unit_price":2.46,"measure":"unit","url":"https://www.sainsburys.co.uk/shop/gb/groceries/new---trending/nectar-prices","category_seo_url":"gb/groceries/new---trending/nectar-prices"},"is_available":true,"promotions":[{"promotion_uid":"10647469","icon":"https://www.sainsburys.co.uk/wcsstore/Sainsburys/Promotion assets/Promotion icons/Buy_X_For_Y_Amt_S_Icon.gif","link":"/shop/PromotionDisplayView?promotionId=10647469\u0026productId=1359324\u0026langId=44\u0026storeId=10151","strap_line":"Buy 1 for 3.25","start_date":"2024-09-17T23:00:00Z","end_date":"2024-10-07T23:00:00Z","original_price":4.25,"promo_mechanic_id":"99","is_nectar":true,"promo_type":"SIMPLE_FIXED_PRICE","promo_group":"simple"}],"hfss_restriction":[{"country":"ENG","restricted":false,"hfss_category":"Out of scope or Product not in a legislative category","hfss_score":99,"last_change_date":"2022-09-05T10:00:03.869Z"},{"country":"SCT","restricted":false,"hfss_category":"Out of scope or Product not in a legislative category","hfss_score":99,"last_change_date":"2022-09-05T10:00:03.869Z"},{"country":"WLS","restricted":false,"hfss_category":"Out of scope or Product not in a legislative category","hfss_score":99,"last_change_date":"2022-09-05T10:00:03.869Z"},{"country":"NIR","restricted":false,"hfss_category":"Out of scope or Product not in a legislative category","hfss_score":99,"last_change_date":"2022-09-05T10:00:03.869Z"}],"associations":[],"is_alcoholic":true,"is_spotlight":false,"is_intolerant":false,"is_mhra":false,"badges":[],"labels":[],"zone":null,"department":null,"reviews":{"is_enabled":true,"product_uid":"7962659","total":17,"average_rating":3.8235},"breadcrumbs":[],"assets":{"plp_image":"https://assets.sainsburys-groceries.co.uk/gol/7962659/image.jpg","images":[],"video":[]},"description":[],"important_information":["The above details have been prepared to help you select suitable products. Products and their ingredients are liable to change.","\u003cstrong\u003eYou should always read the label before consuming or using the product and never rely solely on the information presented here.","If you require specific advice on any Sainsbury's branded product, please contact our Customer Careline on 0800 636262. For all other products, please contact the manufacturer, whose details will appear on the packaging or label. Sainsbury's is therefore unable to accept liability for any incorrect information.","You should also note that the picture / images show only our serving suggestions of how to serve or prepare your food – all accessories and additional items and/or ingredients pictured with the product you are purchasing are not included.","This information is supplied for your personal use only. It may not be reproduced in any way without the prior consent of Sainsbury's Supermarkets Ltd and due acknowledgement"],"attachments":[],"categories":[{"id":"500353","name":"All low and no alcohol"},{"id":"12267","name":"Low \u0026 no alcohol beer \u0026 cider"},{"id":"242801","name":"Special offers"},{"id":"318428","name":"All beer"},{"id":"410356","name":"Special offers"},{"id":"458860","name":"Special offers"},{"id":"458391","name":"Low alcohol"},{"id":"454372","name":"Special offers"},{"id":"461880","name":"Low alcohol"},{"id":"462370","name":"Special offers"},{"id":"463855","name":"All low \u0026 no alcohol"}],"header":{"text":"Nectar price","type":"NECTAR"},"attributes":{"brand":["Infinite Session"]},"is_supply_chain_orderable":false,"display_icons":[],"pdp_deep_link":"/shop/ProductDisplay?storeId=10151\u0026langId=44\u0026productId=1359324"},{"product_uid":"6358230","favourite_uid":null,"eans":["5015759000220","5015759240213"],"product_type":"BASIC","name":"Robinsons Old Tom Ale 330ml","image":"https://www.sainsburys.co.uk/wcsstore/ExtendedSitesCatalogAssetStore/images/catalog/productImages/20/5015759000220/5015759000220_L.jpeg","image_zoom":null,"image_thumbnail":"https://www.sainsburys.co.uk/wcsstore/ExtendedSitesCatalogAssetStore/images/catalog/productImages/20/5015759000220/5015759000220_M.jpeg","image_thumbnail_small":"https://www.sainsburys.co.uk/wcsstore/ExtendedSitesCatalogAssetStore/images/catalog/productImages/20/5015759000220/5015759000220_S.jpeg","full_url":"https://www.sainsburys.co.uk/shop/gb/groceries/product/details/robinsons-old-tom-ale-330ml","unit_price":{"price":7.58,"measure":"ltr","measure_amount":1},"retail_price":{"price":2.5,"measure":"unit"},"is_available":true,"promotions":[{"promotion_uid":"10650144","icon":"https://www.sainsburys.co.uk/wcsstore/Sainsburys/Promotion assets/Promotion icons/Buy_X_For_Y_Amt_S_Icon.gif","link":"/shop/PromotionDisplayView?promotionId=10650144\u0026productId=88900\u0026langId=44\u0026storeId=10151","strap_line":"Buy any 4 for £7.00 with Nectar","start_date":"2024-09-17T23:00:00Z","end_date":"2024-11-15T00:00:00Z","original_price":0,"promo_mechanic_id":"14","is_nectar":true,"promo_type":"MULTIBUY_BUY_X_OF_VARIABLE_PRICE_FOR_Y","promo_group":"multi_buy"}],"hfss_restriction":[{"country":"ENG","restricted":false,"hfss_category":"Out of scope or Product not in a legislative category","hfss_score":0,"last_change_date":"2022-09-26T13:40:29.106Z"},{"country":"SCT","restricted":false,"hfss_category":"Out of scope or Product not in a legislative category","hfss_score":0,"last_change_date":"2022-09-26T13:40:29.106Z"},{"country":"WLS","restricted":false,"hfss_category":"Out of scope or Product not in a legislative category","hfss_score":0,"last_change_date":"2022-09-26T13:40:29.106Z"},{"country":"NIR","restricted":false,"hfss_category":"Out of scope or Product not in a legislative category","hfss_score":0,"last_change_date":"2022-09-26T13:40:29.106Z"}],"not_for_eu":true,"associations":[],"is_alcoholic":true,"is_spotlight":false,"is_intolerant":false,"is_mhra":false,"badges":[],"labels":[],"zone":null,"department":null,"reviews":{"is_enabled":true,"product_uid":"6358230","total":11,"average_rating":4.9091},"breadcrumbs":[],"assets":{"plp_image":"https://assets.sainsburys-groceries.co.uk/gol/6358230/image.jpg","images":[],"video":[]},"description":[],"important_information":["The above details have been prepared to help you select suitable products. Products and their ingredients are liable to change.","\u003cstrong\u003eYou should always read the label before consuming or using the product and never rely solely on the information presented here.","If you require specific advice on any Sainsbury's branded product, please contact our Customer Careline on 0800 636262. For all other products, please contact the manufacturer, whose details will appear on the packaging or label. Sainsbury's is therefore unable to accept liability for any incorrect information.","You should also note that the picture / images show only our serving suggestions of how to serve or prepare your food – all accessories and additional items and/or ingredients pictured with the product you are purchasing are not included.","This information is supplied for your personal use only. It may not be reproduced in any way without the prior consent of Sainsbury's Supermarkets Ltd and due acknowledgement"],"attachments":[],"categories":[{"id":"506355","name":"Ale \u0026 stout"},{"id":"242801","name":"Special offers"},{"id":"318428","name":"All beer"},{"id":"410356","name":"Special offers"},{"id":"440353","name":"Time for tennis"}],"attributes":{"brand":["Robinsons"]},"is_supply_chain_orderable":false,"display_icons":[],"pdp_deep_link":"/shop/ProductDisplay?storeId=10151\u0026langId=44\u0026productId=88900"},{"product_uid":"7341024","favourite_uid":null,"eans":["0000000412834","8410793262837"],"product_type":"BASIC","name":"Daura Gluten Free Lager Spanish Beer 4x330ml","image":"https://www.sainsburys.co.uk/wcsstore/ExtendedSitesCatalogAssetStore/images/catalog/productImages/37/8410793262837/8410793262837_L.jpeg","image_zoom":null,"image_thumbnail":"https://www.sainsburys.co.uk/wcsstore/ExtendedSitesCatalogAssetStore/images/catalog/productImages/37/8410793262837/8410793262837_M.jpeg","image_thumbnail_small":"https://www.sainsburys.co.uk/wcsstore/ExtendedSitesCatalogAssetStore/images/catalog/productImages/37/8410793262837/8410793262837_S.jpeg","full_url":"https://www.sainsburys.co.uk/shop/gb/groceries/product/details/estrella-damm-daura---gluten-free-beer-4x330ml","unit_price":{"price":5.11,"measure":"ltr","measure_amount":1},"retail_price":{"price":5,"measure":"unit"},"nectar_price":{"retail_price":5,"unit_price":3.79,"measure":"unit","url":"https://www.sainsburys.co.uk/shop/gb/groceries/new---trending/nectar-prices","category_seo_url":"gb/groceries/new---trending/nectar-prices"},"is_available":true,"promotions":[{"promotion_uid":"10644081","icon":"https://www.sainsburys.co.uk/wcsstore/Sainsburys/Promotion assets/Promotion icons/Buy_X_For_Y_Amt_S_Icon.gif","link":"/shop/PromotionDisplayView?promotionId=10644081\u0026productId=98128\u0026langId=44\u0026storeId=10151","strap_line":"Buy 1 for 5","start_date":"2024-09-17T23:00:00Z","end_date":"2024-10-07T23:00:00Z","original_price":6.75,"promo_mechanic_id":"99","is_nectar":true,"promo_type":"SIMPLE_FIXED_PRICE","promo_group":"simple"}],"hfss_restriction":[{"country":"ENG","restricted":false,"hfss_category":"Out of scope or Product not in a legislative category","hfss_score":0,"last_change_date":"2022-08-25T13:14:58.244Z"},{"country":"SCT","restricted":false,"hfss_category":"Out of scope or Product not in a legislative category","hfss_score":0,"last_change_date":"2022-08-25T13:14:58.244Z"},{"country":"WLS","restricted":false,"hfss_category":"Out of scope or Product not in a legislative category","hfss_score":0,"last_change_date":"2022-08-25T13:14:58.244Z"},{"country":"NIR","restricted":false,"hfss_category":"Out of scope or Product not in a legislative category","hfss_score":0,"last_change_date":"2022-08-25T13:14:58.244Z"}],"associations":[],"is_alcoholic":true,"is_spotlight":false,"is_intolerant":false,"is_mhra":false,"badges":[],"labels":[],"zone":null,"department":null,"reviews":{"is_enabled":true,"product_uid":"7341024","total":7,"average_rating":5},"breadcrumbs":[],"assets":{"plp_image":"https://assets.sainsburys-groceries.co.uk/gol/7341024/image.jpg","images":[],"video":[]},"description":[],"important_information":["The above details have been prepared to help you select suitable products. Products and their ingredients are liable to change.","\u003cstrong\u003eYou should always read the label before consuming or using the product and never rely solely on the information presented here.","If you require specific advice on any Sainsbury's branded product, please contact our Customer Careline on 0800 636262. For all other products, please contact the manufacturer, whose details will appear on the packaging or label. Sainsbury's is therefore unable to accept liability for any incorrect information.","You should also note that the picture / images show only our serving suggestions of how to serve or prepare your food – all accessories and additional items and/or ingredients pictured with the product you are purchasing are not included.","This information is supplied for your personal use only. It may not be reproduced in any way without the prior consent of Sainsbury's Supermarkets Ltd and due acknowledgement"],"attachments":[],"categories":[{"id":"506356","name":"Craft beer"},{"id":"12260","name":"World beer"},{"id":"18670","name":"Special offers"},{"id":"242801","name":"Special offers"},{"id":"272762","name":"Beer"},{"id":"278253","name":"All lager"},{"id":"275894","name":"Multipack lager"},{"id":"275896","name":"World lager"},{"id":"318428","name":"All beer"},{"id":"410356","name":"Special offers"},{"id":"410376","name":"Special offers"}],"header":{"text":"Nectar price","type":"NECTAR"},"attributes":{"brand":["Daura Damm"]},"is_supply_chain_orderable":false,"display_icons":[],"pdp_deep_link":"/shop/ProductDisplay?storeId=10151\u0026langId=44\u0026productId=98128"},{"product_uid":"2947525","favourite_uid":null,"eans":["5011885003685"],"product_type":"BASIC","name":"Fuller's 1845 6.3% Bottle Conditioned Ale Beer Bottle 500ml","image":"https://www.sainsburys.co.uk/wcsstore/ExtendedSitesCatalogAssetStore/images/catalog/productImages/85/5011885003685/5011885003685_L.jpeg","image_zoom":null,"image_thumbnail":"https://www.sainsburys.co.uk/wcsstore/ExtendedSitesCatalogAssetStore/images/catalog/productImages/85/5011885003685/5011885003685_M.jpeg","image_thumbnail_small":"https://www.sainsburys.co.uk/wcsstore/ExtendedSitesCatalogAssetStore/images/catalog/productImages/85/5011885003685/5011885003685_S.jpeg","full_url":"https://www.sainsburys.co.uk/shop/gb/groceries/product/details/fullers-1845-bottle-conditioned-ale-500ml","unit_price":{"price":4.5,"measure":"ltr","measure_amount":1},"retail_price":{"price":2.25,"measure":"unit"},"is_available":true,"promotions":[{"promotion_uid":"10650144","icon":"https://www.sainsburys.co.uk/wcsstore/Sainsburys/Promotion assets/Promotion icons/Buy_X_For_Y_Amt_S_Icon.gif","link":"/shop/PromotionDisplayView?promotionId=10650144\u0026productId=82172\u0026langId=44\u0026storeId=10151","strap_line":"Buy any 4 for £7.00 with Nectar","start_date":"2024-09-17T23:00:00Z","end_date":"2024-11-15T00:00:00Z","original_price":0,"promo_mechanic_id":"14","is_nectar":true,"promo_type":"MULTIBUY_BUY_X_OF_VARIABLE_PRICE_FOR_Y","promo_group":"multi_buy"}],"hfss_restriction":[{"country":"ENG","restricted":false,"hfss_category":"Out of scope or Product not in a legislative category","hfss_score":0,"last_change_date":"2022-09-23T11:46:25.319Z"},{"country":"SCT","restricted":false,"hfss_category":"Out of scope or Product not in a legislative category","hfss_score":0,"last_change_date":"2022-09-23T11:46:25.319Z"},{"country":"WLS","restricted":false,"hfss_category":"Out of scope or Product not in a legislative category","hfss_score":0,"last_change_date":"2022-09-23T11:46:25.319Z"},{"country":"NIR","restricted":false,"hfss_category":"Out of scope or Product not in a legislative category","hfss_score":0,"last_change_date":"2022-09-23T11:46:25.319Z"}],"associations":[],"is_alcoholic":true,"is_spotlight":false,"is_intolerant":false,"is_mhra":false,"badges":[],"labels":[],"zone":null,"department":null,"reviews":{"is_enabled":true,"product_uid":"2947525","total":6,"average_rating":5},"breadcrumbs":[],"assets":{"plp_image":"https://assets.sainsburys-groceries.co.uk/gol/2947525/image.jpg","images":[],"video":[]},"description":[],"important_information":["The above details have been prepared to help you select suitable products. Products and their ingredients are liable to change.","\u003cstrong\u003eYou should always read the label before consuming or using the product and never rely solely on the information presented here.","If you require specific advice on any Sainsbury's branded product, please contact our Customer Careline on 0800 636262. For all other products, please contact the manufacturer, whose details will appear on the packaging or label. Sainsbury's is therefore unable to accept liability for any incorrect information.","You should also note that the picture / images show only our serving suggestions of how to serve or prepare your food – all accessories and additional items and/or ingredients pictured with the product you are purchasing are not included.","This information is supplied for your personal use only. It may not be reproduced in any way without the prior consent of Sainsbury's Supermarkets Ltd and due acknowledgement"],"attachments":[],"categories":[{"id":"506355","name":"Ale \u0026 stout"},{"id":"242801","name":"Special offers"},{"id":"318428","name":"All beer"},{"id":"410356","name":"Special offers"}],"attributes":{"brand":["Fuller's"]},"is_supply_chain_orderable":false,"display_icons":[],"pdp_deep_link":"/shop/ProductDisplay?storeId=10151\u0026langId=44\u0026productId=82172"},{"product_uid":"8151477","favourite_uid":null,"eans":["5012686001184"],"product_type":"BASIC","name":"Spitfire Amber Ale 500ml","image":"https://www.sainsburys.co.uk/wcsstore/ExtendedSitesCatalogAssetStore/images/catalog/productImages/84/5012686001184/5012686001184_L.jpeg","image_zoom":null,"image_thumbnail":"https://www.sainsburys.co.uk/wcsstore/ExtendedSitesCatalogAssetStore/images/catalog/productImages/84/5012686001184/5012686001184_M.jpeg","image_thumbnail_small":"https://www.sainsburys.co.uk/wcsstore/ExtendedSitesCatalogAssetStore/images/catalog/productImages/84/5012686001184/5012686001184_S.jpeg","full_url":"https://www.sainsburys.co.uk/shop/gb/groceries/product/details/spitfire-amber-ale-500ml","unit_price":{"price":3.3,"measure":"ltr","measure_amount":1},"retail_price":{"price":1.65,"measure":"unit"},"is_available":true,"promotions":[],"hfss_restriction":[{"country":"ENG","restricted":false,"hfss_category":"Out of scope or Product not in a legislative category","hfss_score":0,"last_change_date":"2023-02-20T20:22:04Z"},{"country":"SCT","restricted":false,"hfss_category":"Out of scope or Product not in a legislative category","hfss_score":0,"last_change_date":"2023-02-20T20:22:04Z"},{"country":"WLS","restricted":false,"hfss_category":"Out of scope or Product not in a legislative category","hfss_score":0,"last_change_date":"2023-02-20T20:22:04Z"},{"country":"NIR","restricted":false,"hfss_category":"Out of scope or Product not in a legislative category","hfss_score":0,"last_change_date":"2023-02-20T20:22:04Z"}],"not_for_eu":true,"associations":[],"is_alcoholic":true,"is_spotlight":false,"is_intolerant":false,"is_mhra":false,"badges":[],"labels":[{"label_uid":"LOW EVERYDAY PRICE","text":"LOW EVERYDAY PRICE","alt_text":"LOW EVERYDAY PRICE","color":"#D70000","link_opens_in_new_window":false}],"zone":null,"department":null,"reviews":{"is_enabled":true,"product_uid":"8151477","total":6,"average_rating":4.6667},"breadcrumbs":[],"assets":{"plp_image":"https://assets.sainsburys-groceries.co.uk/gol/8151477/image.jpg","images":[],"video":[]},"description":[],"important_information":["The above details have been prepared to help you select suitable products. Products and their ingredients are liable to change.","\u003cstrong\u003eYou should always read the label before consuming or using the product and never rely solely on the information presented here.","If you require specific advice on any Sainsbury's branded product, please contact our Customer Careline on 0800 636262. For all other products, please contact the manufacturer, whose details will appear on the packaging or label. Sainsbury's is therefore unable to accept liability for any incorrect information.","You should also note that the picture / images show only our serving suggestions of how to serve or prepare your food – all accessories and additional items and/or ingredients pictured with the product you are purchasing are not included.","This information is supplied for your personal use only. It may not be reproduced in any way without the prior consent of Sainsbury's Supermarkets Ltd and due acknowledgement"],"attachments":[],"categories":[{"id":"607853","name":"Low everyday prices"},{"id":"506355","name":"Ale \u0026 stout"},{"id":"318428","name":"All beer"}],"attributes":{"brand":["Spitfire"]},"is_supply_chain_orderable":false,"display_icons":["LOW EVERYDAY PRICE"],"pdp_deep_link":"/shop/ProductDisplay?storeId=10151\u0026langId=44\u0026productId=1480622"},{"product_uid":"6730528","favourite_uid":null,"eans":["5411081004316"],"product_type":"BASIC","name":"Bacchus Framboise Raspberry Beer 375ml","image":"https://www.sainsburys.co.uk/wcsstore/ExtendedSitesCatalogAssetStore/images/catalog/productImages/16/5411081004316/5411081004316_L.jpeg","image_zoom":null,"image_thumbnail":"https://www.sainsburys.co.uk/wcsstore/ExtendedSitesCatalogAssetStore/images/catalog/productImages/16/5411081004316/5411081004316_M.jpeg","image_thumbnail_small":"https://www.sainsburys.co.uk/wcsstore/ExtendedSitesCatalogAssetStore/images/catalog/productImages/16/5411081004316/5411081004316_S.jpeg","full_url":"https://www.sainsburys.co.uk/shop/gb/groceries/product/details/bacchus-framboise-375ml","unit_price":{"price":9.33,"measure":"ltr","measure_amount":1},"retail_price":{"price":3.5,"measure":"unit"},"is_available":true,"promotions":[],"hfss_restriction":[{"country":"ENG","restricted":false,"hfss_category":"Out of scope or Product not in a legislative category","hfss_score":0,"last_change_date":"2022-09-23T11:46:21.097Z"},{"country":"SCT","restricted":false,"hfss_category":"Out of scope or Product not in a legislative category","hfss_score":0,"last_change_date":"2022-09-23T11:46:21.097Z"},{"country":"WLS","restricted":false,"hfss_category":"Out of scope or Product not in a legislative category","hfss_score":0,"last_change_date":"2022-09-23T11:46:21.097Z"},{"country":"NIR","restricted":false,"hfss_category":"Out of scope or Product not in a legislative category","hfss_score":0,"last_change_date":"2022-09-23T11:46:21.097Z"}],"not_for_eu":true,"associations":[],"is_alcoholic":true,"is_spotlight":false,"is_intolerant":false,"is_mhra":false,"badges":[],"labels":[],"zone":null,"department":null,"reviews":{"is_enabled":true,"product_uid":"6730528","total":10,"average_rating":4.1},"breadcrumbs":[],"assets":{"plp_image":"https://assets.sainsburys-groceries.co.uk/gol/6730528/image.jpg","images":[],"video":[]},"description":[],"important_information":["The above details have been prepared to help you select suitable products. Products and their ingredients are liable to change.","\u003cstrong\u003eYou should always read the label before consuming or using the product and never rely solely on the information presented here.","If you require specific advice on any Sainsbury's branded product, please contact our Customer Careline on 0800 636262. For all other products, please contact the manufacturer, whose details will appear on the packaging or label. Sainsbury's is therefore unable to accept liability for any incorrect information.","You should also note that the picture / images show only our serving suggestions of how to serve or prepare your food – all accessories and additional items and/or ingredients pictured with the product you are purchasing are not included.","This information is supplied for your personal use only. It may not be reproduced in any way without the prior consent of Sainsbury's Supermarkets Ltd and due acknowledgement"],"attachments":[],"categories":[{"id":"506356","name":"Craft beer"},{"id":"506357","name":"Speciality beer"},{"id":"318428","name":"All beer"},{"id":"438356","name":"Craft beer \u0026 snacks"}],"attributes":{"brand":["Bacchus"]},"is_supply_chain_orderable":false,"display_icons":[],"pdp_deep_link":"/shop/ProductDisplay?storeId=10151\u0026langId=44\u0026productId=92578"},{"product_uid":"8039990","favourite_uid":null,"eans":["5060044870095"],"product_type":"BASIC","name":"Oakham Citra Session IPA 500ml","image":"https://www.sainsburys.co.uk/wcsstore/ExtendedSitesCatalogAssetStore/images/catalog/productImages/95/5060044870095/5060044870095_L.jpeg","image_zoom":null,"image_thumbnail":"https://www.sainsburys.co.uk/wcsstore/ExtendedSitesCatalogAssetStore/images/catalog/productImages/95/5060044870095/5060044870095_M.jpeg","image_thumbnail_small":"https://www.sainsburys.co.uk/wcsstore/ExtendedSitesCatalogAssetStore/images/catalog/productImages/95/5060044870095/5060044870095_S.jpeg","full_url":"https://www.sainsburys.co.uk/shop/gb/groceries/product/details/oakham-citra-session-ipa-500ml","unit_price":{"price":4.5,"measure":"ltr","measure_amount":1},"retail_price":{"price":2.25,"measure":"unit"},"is_available":true,"promotions":[{"promotion_uid":"10650144","icon":"https://www.sainsburys.co.uk/wcsstore/Sainsburys/Promotion assets/Promotion icons/Buy_X_For_Y_Amt_S_Icon.gif","link":"/shop/PromotionDisplayView?promotionId=10650144\u0026productId=1372920\u0026langId=44\u0026storeId=10151","strap_line":"Buy any 4 for £7.00 with Nectar","start_date":"2024-09-17T23:00:00Z","end_date":"2024-11-15T00:00:00Z","original_price":0,"promo_mechanic_id":"14","is_nectar":true,"promo_type":"MULTIBUY_BUY_X_OF_VARIABLE_PRICE_FOR_Y","promo_group":"multi_buy"}],"hfss_restriction":[{"country":"ENG","restricted":false,"hfss_category":"Out of scope or Product not in a legislative category","hfss_score":0,"last_change_date":"2023-07-21T12:57:09Z"},{"country":"SCT","restricted":false,"hfss_category":"Out of scope or Product not in a legislative category","hfss_score":0,"last_change_date":"2023-07-21T12:57:09Z"},{"country":"WLS","restricted":false,"hfss_category":"Out of scope or Product not in a legislative category","hfss_score":0,"last_change_date":"2023-07-21T12:57:09Z"},{"country":"NIR","restricted":false,"hfss_category":"Out of scope or Product not in a legislative category","hfss_score":0,"last_change_date":"2023-07-21T12:57:09Z"}],"not_for_eu":true,"associations":[],"is_alcoholic":true,"is_spotlight":false,"is_intolerant":false,"is_mhra":false,"badges":[],"labels":[],"zone":null,"department":null,"reviews":{"is_enabled":true,"product_uid":"8039990","total":4,"average_rating":4.75},"breadcrumbs":[],"assets":{"plp_image":"https://assets.sainsburys-groceries.co.uk/gol/8039990/image.jpg","images":[],"video":[]},"description":[],"important_information":["The above details have been prepared to help you select suitable products. Products and their ingredients are liable to change.","\u003cstrong\u003eYou should always read the label before consuming or using the product and never rely solely on the information presented here.","If you require specific advice on any Sainsbury's branded product, please contact our Customer Careline on 0800 636262. For all other products, please contact the manufacturer, whose details will appear on the packaging or label. Sainsbury's is therefore unable to accept liability for any incorrect information.","You should also note that the picture / images show only our serving suggestions of how to serve or prepare your food – all accessories and additional items and/or ingredients pictured with the product you are purchasing are not included.","This information is supplied for your personal use only. It may not be reproduced in any way without the prior consent of Sainsbury's Supermarkets Ltd and due acknowledgement"],"attachments":[],"categories":[{"id":"506355","name":"Ale \u0026 stout"},{"id":"242801","name":"Special offers"},{"id":"318428","name":"All beer"},{"id":"410356","name":"Special offers"}],"attributes":{"brand":["Oakham"]},"is_supply_chain_orderable":false,"display_icons":[],"pdp_deep_link":"/shop/ProductDisplay?storeId=10151\u0026langId=44\u0026productId=1372920"},{"product_uid":"7852541","favourite_uid":null,"eans":["5056025413054","5060154918007","5056025454187"],"product_type":"BASIC","name":"BrewDog Elvis Juice Grapefruit Beer 4x330ml","image":"https://www.sainsburys.co.uk/wcsstore/ExtendedSitesCatalogAssetStore/images/catalog/productImages/54/5056025413054/5056025413054_L.jpeg","image_zoom":null,"image_thumbnail":"https://www.sainsburys.co.uk/wcsstore/ExtendedSitesCatalogAssetStore/images/catalog/productImages/54/5056025413054/5056025413054_M.jpeg","image_thumbnail_small":"https://www.sainsburys.co.uk/wcsstore/ExtendedSitesCatalogAssetStore/images/catalog/productImages/54/5056025413054/5056025413054_S.jpeg","full_url":"https://www.sainsburys.co.uk/shop/gb/groceries/product/details/brewdog-elvis-juice-4x330ml","unit_price":{"price":4.73,"measure":"ltr","measure_amount":1},"retail_price":{"price":6.25,"measure":"unit"},"is_available":true,"promotions":[],"hfss_restriction":[{"country":"ENG","restricted":false,"hfss_category":"Out of scope or Product not in a legislative category","hfss_score":0,"last_change_date":"2022-09-23T11:46:18.722Z"},{"country":"SCT","restricted":false,"hfss_category":"Out of scope or Product not in a legislative category","hfss_score":0,"last_change_date":"2022-09-23T11:46:18.722Z"},{"country":"WLS","restricted":false,"hfss_category":"Out of scope or Product not in a legislative category","hfss_score":0,"last_change_date":"2022-09-23T11:46:18.722Z"},{"country":"NIR","restricted":false,"hfss_category":"Out of scope or Product not in a legislative category","hfss_score":0,"last_change_date":"2022-09-23T11:46:18.722Z"}],"not_for_eu":true,"associations":[],"is_alcoholic":true,"is_spotlight":false,"is_intolerant":false,"is_mhra":false,"badges":[],"labels":[],"zone":null,"department":null,"reviews":{"is_enabled":true,"product_uid":"7852541","total":9,"average_rating":4.3333},"breadcrumbs":[],"assets":{"plp_image":"https://assets.sainsburys-groceries.co.uk/gol/7852541/image.jpg","images":[],"video":[]},"description":[],"important_information":["The above details have been prepared to help you select suitable products. Products and their ingredients are liable to change.","\u003cstrong\u003eYou should always read the label before consuming or using the product and never rely solely on the information presented here.","If you require specific advice on any Sainsbury's branded product, please contact our Customer Careline on 0800 636262. For all other products, please contact the manufacturer, whose details will appear on the packaging or label. Sainsbury's is therefore unable to accept liability for any incorrect information.","You should also note that the picture / images show only our serving suggestions of how to serve or prepare your food – all accessories and additional items and/or ingredients pictured with the product you are purchasing are not included.","This information is supplied for your personal use only. It may not be reproduced in any way without the prior consent of Sainsbury's Supermarkets Ltd and due acknowledgement"],"attachments":[],"categories":[{"id":"489872","name":"Low everyday prices"},{"id":"506356","name":"Craft beer"},{"id":"318428","name":"All beer"}],"attributes":{"brand":["BrewDog"]},"is_supply_chain_orderable":false,"display_icons":[],"pdp_deep_link":"/shop/ProductDisplay?storeId=10151\u0026langId=44\u0026productId=1121564"},{"product_uid":"8031112","favourite_uid":null,"eans":["5056025439443"],"product_type":"BASIC","name":"BrewDog Hazy Jane 12x330ml","image":"https://www.sainsburys.co.uk/wcsstore/ExtendedSitesCatalogAssetStore/images/catalog/productImages/43/5056025439443/5056025439443_L.jpeg","image_zoom":null,"image_thumbnail":"https://www.sainsburys.co.uk/wcsstore/ExtendedSitesCatalogAssetStore/images/catalog/productImages/43/5056025439443/5056025439443_M.jpeg","image_thumbnail_small":"https://www.sainsburys.co.uk/wcsstore/ExtendedSitesCatalogAssetStore/images/catalog/productImages/43/5056025439443/5056025439443_S.jpeg","full_url":"https://www.sainsburys.co.uk/shop/gb/groceries/product/details/brewdog-hazy-jane-12x330ml","unit_price":{"price":4.17,"measure":"ltr","measure_amount":1},"retail_price":{"price":16.5,"measure":"unit"},"is_available":true,"promotions":[],"hfss_restriction":[{"country":"ENG","restricted":false,"hfss_category":"Out of scope or Product not in a legislative category","hfss_score":0,"last_change_date":"2022-09-23T11:46:18.738Z"},{"country":"SCT","restricted":false,"hfss_category":"Out of scope or Product not in a legislative category","hfss_score":0,"last_change_date":"2022-09-23T11:46:18.738Z"},{"country":"WLS","restricted":false,"hfss_category":"Out of scope or Product not in a legislative category","hfss_score":0,"last_change_date":"2022-09-23T11:46:18.738Z"},{"country":"NIR","restricted":false,"hfss_category":"Out of scope or Product not in a legislative category","hfss_score":0,"last_change_date":"2022-09-23T11:46:18.738Z"}],"not_for_eu":true,"associations":[],"is_alcoholic":true,"is_spotlight":false,"is_intolerant":false,"is_mhra":false,"badges":[],"labels":[],"zone":null,"department":null,"reviews":{"is_enabled":true,"product_uid":"8031112","total":7,"average_rating":5},"breadcrumbs":[],"assets":{"plp_image":"https://assets.sainsburys-groceries.co.uk/gol/8031112/image.jpg","images":[],"video":[]},"description":[],"important_information":["The above details have been prepared to help you select suitable products. Products and their ingredients are liable to change.","\u003cstrong\u003eYou should always read the label before consuming or using the product and never rely solely on the information presented here.","If you require specific advice on any Sainsbury's branded product, please contact our Customer Careline on 0800 636262. For all other products, please contact the manufacturer, whose details will appear on the packaging or label. Sainsbury's is therefore unable to accept liability for any incorrect information.","You should also note that the picture / images show only our serving suggestions of how to serve or prepare your food – all accessories and additional items and/or ingredients pictured with the product you are purchasing are not included.","This information is supplied for your personal use only. It may not be reproduced in any way without the prior consent of Sainsbury's Supermarkets Ltd and due acknowledgement"],"attachments":[],"categories":[{"id":"603866","name":"Special offers"},{"id":"594093","name":"Beer \u0026 cider"},{"id":"594094","name":"Bigger packs"},{"id":"502852","name":"Valentines Day"},{"id":"480353","name":"Bigger packs"},{"id":"610861","name":"Father's Day"},{"id":"533854","name":"Autumn Flavours"},{"id":"506356","name":"Craft beer"},{"id":"506357","name":"Speciality beer"},{"id":"318428","name":"All beer"},{"id":"410369","name":"Special offers"},{"id":"410378","name":"Special offers"},{"id":"410380","name":"Special offers"},{"id":"419393","name":"New"},{"id":"434877","name":"Special offers"},{"id":"462356","name":"Special offers"}],"attributes":{"brand":["BrewDog"]},"is_supply_chain_orderable":false,"display_icons":[],"pdp_deep_link":"/shop/ProductDisplay?storeId=10151\u0026langId=44\u0026productId=1362136"},{"product_uid":"3765449","favourite_uid":null,"eans":["4100130924002"],"product_type":"BASIC","name":"Beck's Blue Alcohol Free Beer Bottles x6 275ml","image":"https://www.sainsburys.co.uk/wcsstore/ExtendedSitesCatalogAssetStore/images/catalog/productImages/02/4100130924002/4100130924002_L.jpeg","image_zoom":null,"image_thumbnail":"https://www.sainsburys.co.uk/wcsstore/ExtendedSitesCatalogAssetStore/images/catalog/productImages/02/4100130924002/4100130924002_M.jpeg","image_thumbnail_small":"https://www.sainsburys.co.uk/wcsstore/ExtendedSitesCatalogAssetStore/images/catalog/productImages/02/4100130924002/4100130924002_S.jpeg","full_url":"https://www.sainsburys.co.uk/shop/gb/groceries/product/details/becks-blue-alcohol-free-beer-bottles-x6-275ml","unit_price":{"price":2.42,"measure":"ltr","measure_amount":1},"retail_price":{"price":4,"measure":"unit"},"is_available":true,"promotions":[],"hfss_restriction":[{"country":"ENG","restricted":false,"hfss_category":"Out of scope or Product not in a legislative category","hfss_score":99,"last_change_date":"2023-06-07T20:41:03Z"},{"country":"SCT","restricted":false,"hfss_category":"Out of scope or Product not in a legislative category","hfss_score":99,"last_change_date":"2023-06-07T20:41:03Z"},{"country":"WLS","restricted":false,"hfss_category":"Out of scope or Product not in a legislative category","hfss_score":99,"last_change_date":"2023-06-07T20:41:03Z"},{"country":"NIR","restricted":false,"hfss_category":"Out of scope or Product not in a legislative category","hfss_score":99,"last_change_date":"2023-06-07T20:41:03Z"}],"not_for_eu":true,"associations":[],"is_alcoholic":true,"is_spotlight":false,"is_intolerant":false,"is_mhra":false,"badges":[],"labels":[],"zone":null,"department":null,"reviews":{"is_enabled":true,"product_uid":"3765449","total":12,"average_rating":4.1667},"breadcrumbs":[],"assets":{"plp_image":"https://assets.sainsburys-groceries.co.uk/gol/3765449/image.jpg","images":[],"video":[]},"description":[],"important_information":["The above details have been prepared to help you select suitable products. Products and their ingredients are liable to change.","\u003cstrong\u003eYou should always read the label before consuming or using the product and never rely solely on the information presented here.","If you require specific advice on any Sainsbury's branded product, please contact our Customer Careline on 0800 636262. For all other products, please contact the manufacturer, whose details will appear on the packaging or label. Sainsbury's is therefore unable to accept liability for any incorrect information.","You should also note that the picture / images show only our serving suggestions of how to serve or prepare your food – all accessories and additional items and/or ingredients pictured with the product you are purchasing are not included.","This information is supplied for your personal use only. It may not be reproduced in any way without the prior consent of Sainsbury's Supermarkets Ltd and due acknowledgement"],"attachments":[],"categories":[{"id":"603852","name":"January refresh"},{"id":"500353","name":"All low and no alcohol"},{"id":"12267","name":"Low \u0026 no alcohol beer \u0026 cider"},{"id":"318428","name":"All beer"},{"id":"410378","name":"Special offers"},{"id":"448450","name":"Halloween is coming"}],"attributes":{"brand":["Beck's"]},"is_supply_chain_orderable":false,"display_icons":[],"pdp_deep_link":"/shop/ProductDisplay?storeId=10151\u0026langId=44\u0026productId=1498634"},{"product_uid":"7966521","favourite_uid":null,"eans":["5060386621034","5060386621065"],"product_type":"BASIC","name":"Beavertown Gamma Ray American Pale Ale 4x330ml","image":"https://www.sainsburys.co.uk/wcsstore/ExtendedSitesCatalogAssetStore/images/catalog/productImages/65/5060386621065/5060386621065_L.jpeg","image_zoom":null,"image_thumbnail":"https://www.sainsburys.co.uk/wcsstore/ExtendedSitesCatalogAssetStore/images/catalog/productImages/65/5060386621065/5060386621065_M.jpeg","image_thumbnail_small":"https://www.sainsburys.co.uk/wcsstore/ExtendedSitesCatalogAssetStore/images/catalog/productImages/65/5060386621065/5060386621065_S.jpeg","full_url":"https://www.sainsburys.co.uk/shop/gb/groceries/product/details/beavertown-gamma-ray-4x330ml","unit_price":{"price":6.33,"measure":"ltr","measure_amount":1},"retail_price":{"price":6.5,"measure":"unit"},"nectar_price":{"retail_price":6.5,"unit_price":4.93,"measure":"unit","url":"https://www.sainsburys.co.uk/shop/gb/groceries/new---trending/nectar-prices","category_seo_url":"gb/groceries/new---trending/nectar-prices"},"is_available":true,"promotions":[{"promotion_uid":"10644159","icon":"https://www.sainsburys.co.uk/wcsstore/Sainsburys/Promotion assets/Promotion icons/Buy_X_For_Y_Amt_S_Icon.gif","link":"/shop/PromotionDisplayView?promotionId=10644159\u0026productId=1284078\u0026langId=44\u0026storeId=10151","strap_line":"Buy 1 for 6.5","start_date":"2024-09-17T23:00:00Z","end_date":"2024-10-07T23:00:00Z","original_price":8.35,"promo_mechanic_id":"99","is_nectar":true,"promo_type":"SIMPLE_FIXED_PRICE","promo_group":"simple"}],"hfss_restriction":[{"country":"ENG","restricted":false,"hfss_category":"Out of scope or Product not in a legislative category","hfss_score":0,"last_change_date":"2022-09-23T11:46:20.765Z"},{"country":"SCT","restricted":false,"hfss_category":"Out of scope or Product not in a legislative category","hfss_score":0,"last_change_date":"2022-09-23T11:46:20.765Z"},{"country":"WLS","restricted":false,"hfss_category":"Out of scope or Product not in a legislative category","hfss_score":0,"last_change_date":"2022-09-23T11:46:20.765Z"},{"country":"NIR","restricted":false,"hfss_category":"Out of scope or Product not in a legislative category","hfss_score":0,"last_change_date":"2022-09-23T11:46:20.765Z"}],"not_for_eu":true,"associations":[],"is_alcoholic":true,"is_spotlight":false,"is_intolerant":false,"is_mhra":false,"badges":[],"labels":[],"zone":null,"department":null,"reviews":{"is_enabled":true,"product_uid":"7966521","total":2,"average_rating":4.5},"breadcrumbs":[],"assets":{"plp_image":"https://assets.sainsburys-groceries.co.uk/gol/7966521/image.jpg","images":[],"video":[]},"description":[],"important_information":["The above details have been prepared to help you select suitable products. Products and their ingredients are liable to change.","\u003cstrong\u003eYou should always read the label before consuming or using the product and never rely solely on the information presented here.","If you require specific advice on any Sainsbury's branded product, please contact our Customer Careline on 0800 636262. For all other products, please contact the manufacturer, whose details will appear on the packaging or label. Sainsbury's is therefore unable to accept liability for any incorrect information.","You should also note that the picture / images show only our serving suggestions of how to serve or prepare your food – all accessories and additional items and/or ingredients pictured with the product you are purchasing are not included.","This information is supplied for your personal use only. It may not be reproduced in any way without the prior consent of Sainsbury's Supermarkets Ltd and due acknowledgement"],"attachments":[],"categories":[{"id":"484860","name":"Beavertown"},{"id":"610861","name":"Father's Day"},{"id":"506356","name":"Craft beer"},{"id":"242801","name":"Special offers"},{"id":"318428","name":"All beer"},{"id":"410356","name":"Special offers"},{"id":"434369","name":"Drinks"},{"id":"434877","name":"Special offers"}],"header":{"text":"Nectar price","type":"NECTAR"},"attributes":{"brand":["Beavertown"]},"is_supply_chain_orderable":false,"display_icons":[],"pdp_deep_link":"/shop/ProductDisplay?storeId=10151\u0026langId=44\u0026productId=1284078"},{"product_uid":"8151500","favourite_uid":null,"eans":["5010549016122"],"product_type":"BASIC","name":"Old Speckled Hen Pale Ale Beer Cans 4x500ml","image":"https://www.sainsburys.co.uk/wcsstore/ExtendedSitesCatalogAssetStore/images/catalog/productImages/22/5010549016122/5010549016122_L.jpeg","image_zoom":null,"image_thumbnail":"https://www.sainsburys.co.uk/wcsstore/ExtendedSitesCatalogAssetStore/images/catalog/productImages/22/5010549016122/5010549016122_M.jpeg","image_thumbnail_small":"https://www.sainsburys.co.uk/wcsstore/ExtendedSitesCatalogAssetStore/images/catalog/productImages/22/5010549016122/5010549016122_S.jpeg","full_url":"https://www.sainsburys.co.uk/shop/gb/groceries/product/details/old-speckled-hen-english-pale-ale-4x500ml","unit_price":{"price":2.88,"measure":"ltr","measure_amount":1},"retail_price":{"price":5.75,"measure":"unit"},"is_available":true,"promotions":[],"hfss_restriction":[{"country":"ENG","restricted":false,"hfss_category":"Out of scope or Product not in a legislative category","hfss_score":0,"last_change_date":"2023-02-20T20:25:07Z"},{"country":"SCT","restricted":false,"hfss_category":"Out of scope or Product not in a legislative category","hfss_score":0,"last_change_date":"2023-02-20T20:25:07Z"},{"country":"WLS","restricted":false,"hfss_category":"Out of scope or Product not in a legislative category","hfss_score":0,"last_change_date":"2023-02-20T20:25:07Z"},{"country":"NIR","restricted":false,"hfss_category":"Out of scope or Product not in a legislative category","hfss_score":0,"last_change_date":"2023-02-20T20:25:07Z"}],"not_for_eu":true,"associations":[],"is_alcoholic":true,"is_spotlight":false,"is_intolerant":false,"is_mhra":false,"badges":[],"labels":[],"zone":null,"department":null,"reviews":{"is_enabled":true,"product_uid":"8151500","total":14,"average_rating":4.4286},"breadcrumbs":[],"assets":{"plp_image":"https://assets.sainsburys-groceries.co.uk/gol/8151500/image.jpg","images":[],"video":[]},"description":[],"important_information":["The above details have been prepared to help you select suitable products. Products and their ingredients are liable to change.","\u003cstrong\u003eYou should always read the label before consuming or using the product and never rely solely on the information presented here.","If you require specific advice on any Sainsbury's branded product, please contact our Customer Careline on 0800 636262. For all other products, please contact the manufacturer, whose details will appear on the packaging or label. Sainsbury's is therefore unable to accept liability for any incorrect information.","You should also note that the picture / images show only our serving suggestions of how to serve or prepare your food – all accessories and additional items and/or ingredients pictured with the product you are purchasing are not included.","This information is supplied for your personal use only. It may not be reproduced in any way without the prior consent of Sainsbury's Supermarkets Ltd and due acknowledgement"],"attachments":[],"categories":[{"id":"478380","name":"Bigger packs"},{"id":"506355","name":"Ale \u0026 stout"},{"id":"242801","name":"Special offers"},{"id":"318428","name":"All beer"},{"id":"410356","name":"Special offers"}],"attributes":{"brand":["Old Speckled Hen"]},"is_supply_chain_orderable":false,"display_icons":[],"pdp_deep_link":"/shop/ProductDisplay?storeId=10151\u0026langId=44\u0026productId=1481160"},{"product_uid":"8061668","favourite_uid":null,"eans":["5012686016980"],"product_type":"BASIC","name":"1698 Bottled Conditioned Strong Ale 500ml","image":"https://www.sainsburys.co.uk/wcsstore/ExtendedSitesCatalogAssetStore/images/catalog/productImages/80/5012686016980/5012686016980_L.jpeg","image_zoom":null,"image_thumbnail":"https://www.sainsburys.co.uk/wcsstore/ExtendedSitesCatalogAssetStore/images/catalog/productImages/80/5012686016980/5012686016980_M.jpeg","image_thumbnail_small":"https://www.sainsburys.co.uk/wcsstore/ExtendedSitesCatalogAssetStore/images/catalog/productImages/80/5012686016980/5012686016980_S.jpeg","full_url":"https://www.sainsburys.co.uk/shop/gb/groceries/product/details/1698-bottled-conditioned-strong-ale-500ml","unit_price":{"price":4.7,"measure":"ltr","measure_amount":1},"retail_price":{"price":2.35,"measure":"unit"},"is_available":true,"promotions":[{"promotion_uid":"10650144","icon":"https://www.sainsburys.co.uk/wcsstore/Sainsburys/Promotion assets/Promotion icons/Buy_X_For_Y_Amt_S_Icon.gif","link":"/shop/PromotionDisplayView?promotionId=10650144\u0026productId=1395894\u0026langId=44\u0026storeId=10151","strap_line":"Buy any 4 for £7.00 with Nectar","start_date":"2024-09-17T23:00:00Z","end_date":"2024-11-15T00:00:00Z","original_price":0,"promo_mechanic_id":"14","is_nectar":true,"promo_type":"MULTIBUY_BUY_X_OF_VARIABLE_PRICE_FOR_Y","promo_group":"multi_buy"}],"hfss_restriction":[{"country":"ENG","restricted":false,"hfss_category":"Out of scope or Product not in a legislative category","hfss_score":0,"last_change_date":"2022-09-23T11:46:36.553Z"},{"country":"SCT","restricted":false,"hfss_category":"Out of scope or Product not in a legislative category","hfss_score":0,"last_change_date":"2022-09-23T11:46:36.553Z"},{"country":"WLS","restricted":false,"hfss_category":"Out of scope or Product not in a legislative category","hfss_score":0,"last_change_date":"2022-09-23T11:46:36.553Z"},{"country":"NIR","restricted":false,"hfss_category":"Out of scope or Product not in a legislative category","hfss_score":0,"last_change_date":"2022-09-23T11:46:36.553Z"}],"associations":[],"is_alcoholic":true,"is_spotlight":false,"is_intolerant":false,"is_mhra":false,"badges":[],"labels":[],"zone":null,"department":null,"reviews":{"is_enabled":true,"product_uid":"8061668","total":3,"average_rating":5},"breadcrumbs":[],"assets":{"plp_image":"https://assets.sainsburys-groceries.co.uk/gol/8061668/image.jpg","images":[],"video":[]},"description":[],"important_information":["The above details have been prepared to help you select suitable products. Products and their ingredients are liable to change.","\u003cstrong\u003eYou should always read the label before consuming or using the product and never rely solely on the information presented here.","If you require specific advice on any Sainsbury's branded product, please contact our Customer Careline on 0800 636262. For all other products, please contact the manufacturer, whose details will appear on the packaging or label. Sainsbury's is therefore unable to accept liability for any incorrect information.","You should also note that the picture / images show only our serving suggestions of how to serve or prepare your food – all accessories and additional items and/or ingredients pictured with the product you are purchasing are not included.","This information is supplied for your personal use only. It may not be reproduced in any way without the prior consent of Sainsbury's Supermarkets Ltd and due acknowledgement"],"attachments":[],"categories":[{"id":"506355","name":"Ale \u0026 stout"},{"id":"242801","name":"Special offers"},{"id":"318428","name":"All beer"},{"id":"410356","name":"Special offers"}],"attributes":{"brand":["Shepherd Neame \u0026 Co"]},"is_supply_chain_orderable":false,"display_icons":[],"pdp_deep_link":"/shop/ProductDisplay?storeId=10151\u0026langId=44\u0026productId=1395894"},{"product_uid":"8086578","favourite_uid":null,"eans":["5010038470121"],"product_type":"BASIC","name":"Doom Bar Amber Ale 10x440ml","image":"https://www.sainsburys.co.uk/wcsstore/ExtendedSitesCatalogAssetStore/images/catalog/productImages/21/5010038470121/5010038470121_L.jpeg","image_zoom":null,"image_thumbnail":"https://www.sainsburys.co.uk/wcsstore/ExtendedSitesCatalogAssetStore/images/catalog/productImages/21/5010038470121/5010038470121_M.jpeg","image_thumbnail_small":"https://www.sainsburys.co.uk/wcsstore/ExtendedSitesCatalogAssetStore/images/catalog/productImages/21/5010038470121/5010038470121_S.jpeg","full_url":"https://www.sainsburys.co.uk/shop/gb/groceries/product/details/doom-bar-amber-ale-10x440ml","unit_price":{"price":2.84,"measure":"ltr","measure_amount":1},"retail_price":{"price":12.5,"measure":"unit"},"is_available":true,"promotions":[],"hfss_restriction":[{"country":"ENG","restricted":false,"hfss_category":"Out of scope or Product not in a legislative category","hfss_score":0,"last_change_date":"2022-09-23T11:47:08.882Z"},{"country":"SCT","restricted":false,"hfss_category":"Out of scope or Product not in a legislative category","hfss_score":0,"last_change_date":"2022-09-23T11:47:08.882Z"},{"country":"WLS","restricted":false,"hfss_category":"Out of scope or Product not in a legislative category","hfss_score":0,"last_change_date":"2022-09-23T11:47:08.882Z"},{"country":"NIR","restricted":false,"hfss_category":"Out of scope or Product not in a legislative category","hfss_score":0,"last_change_date":"2022-09-23T11:47:08.882Z"}],"not_for_eu":true,"associations":[],"is_alcoholic":true,"is_spotlight":false,"is_intolerant":false,"is_mhra":false,"badges":[],"labels":[],"zone":null,"department":null,"reviews":{"is_enabled":true,"product_uid":"8086578","total":15,"average_rating":4.5333},"breadcrumbs":[],"assets":{"plp_image":"https://assets.sainsburys-groceries.co.uk/gol/8086578/image.jpg","images":[],"video":[]},"description":[],"important_information":["The above details have been prepared to help you select suitable products. Products and their ingredients are liable to change.","\u003cstrong\u003eYou should always read the label before consuming or using the product and never rely solely on the information presented here.","If you require specific advice on any Sainsbury's branded product, please contact our Customer Careline on 0800 636262. For all other products, please contact the manufacturer, whose details will appear on the packaging or label. Sainsbury's is therefore unable to accept liability for any incorrect information.","You should also note that the picture / images show only our serving suggestions of how to serve or prepare your food – all accessories and additional items and/or ingredients pictured with the product you are purchasing are not included.","This information is supplied for your personal use only. It may not be reproduced in any way without the prior consent of Sainsbury's Supermarkets Ltd and due acknowledgement"],"attachments":[],"categories":[{"id":"577867","name":"Multibuy offers (valid for dels until 14th July)"},{"id":"610861","name":"Father's Day"},{"id":"610854","name":"Beer, Wine \u0026 Spirits"},{"id":"511357","name":"Summer of sport"},{"id":"506355","name":"Ale \u0026 stout"},{"id":"318428","name":"All beer"}],"attributes":{"brand":["Doom Bar"]},"is_supply_chain_orderable":false,"display_icons":[],"pdp_deep_link":"/shop/ProductDisplay?storeId=10151\u0026langId=44\u0026productId=1420082"},{"product_uid":"7577186","favourite_uid":null,"eans":["5014379004502","5010017109660"],"product_type":"BASIC","name":"Budweiser Lager Beer Pint Cans 4x568ml","image":"https://www.sainsburys.co.uk/wcsstore/ExtendedSitesCatalogAssetStore/images/catalog/productImages/02/5014379004502/5014379004502_L.jpeg","image_zoom":null,"image_thumbnail":"https://www.sainsburys.co.uk/wcsstore/ExtendedSitesCatalogAssetStore/images/catalog/productImages/02/5014379004502/5014379004502_M.jpeg","image_thumbnail_small":"https://www.sainsburys.co.uk/wcsstore/ExtendedSitesCatalogAssetStore/images/catalog/productImages/02/5014379004502/5014379004502_S.jpeg","full_url":"https://www.sainsburys.co.uk/shop/gb/groceries/product/details/budweiser-4x568ml","unit_price":{"price":2.64,"measure":"ltr","measure_amount":1},"retail_price":{"price":6,"measure":"unit"},"is_available":true,"promotions":[],"hfss_restriction":[{"country":"ENG","restricted":false,"hfss_category":"Out of scope or Product not in a legislative category","hfss_score":0,"last_change_date":"2022-09-23T11:46:38.673Z"},{"country":"SCT","restricted":false,"hfss_category":"Out of scope or Product not in a legislative category","hfss_score":0,"last_change_date":"2022-09-23T11:46:38.673Z"},{"country":"WLS","restricted":false,"hfss_category":"Out of scope or Product not in a legislative category","hfss_score":0,"last_change_date":"2022-09-23T11:46:38.673Z"},{"country":"NIR","restricted":false,"hfss_category":"Out of scope or Product not in a legislative category","hfss_score":0,"last_change_date":"2022-09-23T11:46:38.673Z"}],"not_for_eu":true,"associations":[],"is_alcoholic":true,"is_spotlight":false,"is_intolerant":false,"is_mhra":false,"badges":[],"labels":[],"zone":null,"department":null,"reviews":{"is_enabled":true,"product_uid":"7577186","total":48,"average_rating":4.3958},"breadcrumbs":[],"assets":{"plp_image":"https://assets.sainsburys-groceries.co.uk/gol/7577186/image.jpg","images":[],"video":[]},"description":[],"important_information":["The above details have been prepared to help you select suitable products. Products and their ingredients are liable to change.","\u003cstrong\u003eYou should always read the label before consuming or using the product and never rely solely on the information presented here.","If you require specific advice on any Sainsbury's branded product, please contact our Customer Careline on 0800 636262. For all other products, please contact the manufacturer, whose details will appear on the packaging or label. Sainsbury's is therefore unable to accept liability for any incorrect information.","You should also note that the picture / images show only our serving suggestions of how to serve or prepare your food – all accessories and additional items and/or ingredients pictured with the product you are purchasing are not included.","This information is supplied for your personal use only. It may not be reproduced in any way without the prior consent of Sainsbury's Supermarkets Ltd and due acknowledgement"],"attachments":[],"categories":[{"id":"560358","name":"Budweiser, Corona, Camden \u0026 Stella Artois"},{"id":"278253","name":"All lager"},{"id":"275894","name":"Multipack lager"},{"id":"318428","name":"All beer"},{"id":"410363","name":"Special offers"}],"attributes":{"brand":["Budweiser"]},"is_supply_chain_orderable":false,"display_icons":[],"pdp_deep_link":"/shop/ProductDisplay?storeId=10151\u0026langId=44\u0026productId=105816"},{"product_uid":"8133299","favourite_uid":null,"eans":["5010153871322"],"product_type":"BASIC","name":"San Miguel Alcohol Free Lager Beer 4x330ml Bottles","image":"https://www.sainsburys.co.uk/wcsstore/ExtendedSitesCatalogAssetStore/images/catalog/productImages/22/5010153871322/5010153871322_L.jpeg","image_zoom":null,"image_thumbnail":"https://www.sainsburys.co.uk/wcsstore/ExtendedSitesCatalogAssetStore/images/catalog/productImages/22/5010153871322/5010153871322_M.jpeg","image_thumbnail_small":"https://www.sainsburys.co.uk/wcsstore/ExtendedSitesCatalogAssetStore/images/catalog/productImages/22/5010153871322/5010153871322_S.jpeg","full_url":"https://www.sainsburys.co.uk/shop/gb/groceries/product/details/san-miguel-alcohol-free-lager-beer-4x330ml-bottles","unit_price":{"price":3.22,"measure":"ltr","measure_amount":1},"retail_price":{"price":4.25,"measure":"unit"},"is_available":true,"promotions":[],"hfss_restriction":[{"country":"ENG","restricted":false,"hfss_category":"Out of scope or Product not in a legislative category","hfss_score":0,"last_change_date":"2022-09-23T11:47:12.495Z"},{"country":"SCT","restricted":false,"hfss_category":"Out of scope or Product not in a legislative category","hfss_score":0,"last_change_date":"2022-09-23T11:47:12.495Z"},{"country":"WLS","restricted":false,"hfss_category":"Out of scope or Product not in a legislative category","hfss_score":0,"last_change_date":"2022-09-23T11:47:12.495Z"},{"country":"NIR","restricted":false,"hfss_category":"Out of scope or Product not in a legislative category","hfss_score":0,"last_change_date":"2022-09-23T11:47:12.495Z"}],"not_for_eu":true,"associations":[],"is_alcoholic":true,"is_spotlight":false,"is_intolerant":false,"is_mhra":false,"badges":[],"labels":[],"zone":null,"department":null,"reviews":{"is_enabled":true,"product_uid":"8133299","total":72,"average_rating":4.5556},"breadcrumbs":[],"assets":{"plp_image":"https://assets.sainsburys-groceries.co.uk/gol/8133299/image.jpg","images":[],"video":[]},"description":[],"important_information":["The above details have been prepared to help you select suitable products. Products and their ingredients are liable to change.","\u003cstrong\u003eYou should always read the label before consuming or using the product and never rely solely on the information presented here.","If you require specific advice on any Sainsbury's branded product, please contact our Customer Careline on 0800 636262. For all other products, please contact the manufacturer, whose details will appear on the packaging or label. Sainsbury's is therefore unable to accept liability for any incorrect information.","You should also note that the picture / images show only our serving suggestions of how to serve or prepare your food – all accessories and additional items and/or ingredients pictured with the product you are purchasing are not included.","This information is supplied for your personal use only. It may not be reproduced in any way without the prior consent of Sainsbury's Supermarkets Ltd and due acknowledgement"],"attachments":[],"categories":[{"id":"594096","name":"Low \u0026 no alcohol"},{"id":"500353","name":"All low and no alcohol"},{"id":"478380","name":"Bigger packs"},{"id":"565857","name":"San Miguel, Brooklyn, Poretti, Hobgoblin"},{"id":"12267","name":"Low \u0026 no alcohol beer \u0026 cider"},{"id":"242801","name":"Special offers"},{"id":"318428","name":"All beer"},{"id":"410356","name":"Special offers"},{"id":"410380","name":"Special offers"},{"id":"454372","name":"Special offers"},{"id":"458860","name":"Special offers"},{"id":"458391","name":"Low alcohol"},{"id":"461863","name":"Vegan drinks"},{"id":"461871","name":"Vegetarian \u0026 plant based"},{"id":"461880","name":"Low alcohol"},{"id":"462852","name":"All vegan"},{"id":"462352","name":"Special offers"},{"id":"462356","name":"Special offers"},{"id":"462370","name":"Special offers"},{"id":"463855","name":"All low \u0026 no alcohol"}],"attributes":{"brand":["San Miguel"]},"is_supply_chain_orderable":false,"display_icons":[],"pdp_deep_link":"/shop/ProductDisplay?storeId=10151\u0026langId=44\u0026productId=1465402"},{"product_uid":"7968116","favourite_uid":null,"eans":["5011348022659","5011348022758"],"product_type":"BASIC","name":"Hobgoblin IPA Beer Cans 4x440ml","image":"https://www.sainsburys.co.uk/wcsstore/ExtendedSitesCatalogAssetStore/images/catalog/productImages/58/5011348022758/5011348022758_L.jpeg","image_zoom":null,"image_thumbnail":"https://www.sainsburys.co.uk/wcsstore/ExtendedSitesCatalogAssetStore/images/catalog/productImages/58/5011348022758/5011348022758_M.jpeg","image_thumbnail_small":"https://www.sainsburys.co.uk/wcsstore/ExtendedSitesCatalogAssetStore/images/catalog/productImages/58/5011348022758/5011348022758_S.jpeg","full_url":"https://www.sainsburys.co.uk/shop/gb/groceries/product/details/wychwood-brewery-hobgoblin-india-pale-ale-4x440ml","unit_price":{"price":3.13,"measure":"ltr","measure_amount":1},"retail_price":{"price":5.5,"measure":"unit"},"is_available":true,"promotions":[],"hfss_restriction":[{"country":"ENG","restricted":false,"hfss_category":"Out of scope or Product not in a legislative category","hfss_score":0,"last_change_date":"2022-09-23T11:46:23.247Z"},{"country":"SCT","restricted":false,"hfss_category":"Out of scope or Product not in a legislative category","hfss_score":0,"last_change_date":"2022-09-23T11:46:23.247Z"},{"country":"WLS","restricted":false,"hfss_category":"Out of scope or Product not in a legislative category","hfss_score":0,"last_change_date":"2022-09-23T11:46:23.247Z"},{"country":"NIR","restricted":false,"hfss_category":"Out of scope or Product not in a legislative category","hfss_score":0,"last_change_date":"2022-09-23T11:46:23.247Z"}],"not_for_eu":true,"associations":[],"is_alcoholic":true,"is_spotlight":false,"is_intolerant":false,"is_mhra":false,"badges":[],"labels":[],"zone":null,"department":null,"reviews":{"is_enabled":true,"product_uid":"7968116","total":3,"average_rating":4.3333},"breadcrumbs":[],"assets":{"plp_image":"https://assets.sainsburys-groceries.co.uk/gol/7968116/image.jpg","images":[],"video":[]},"description":[],"important_information":["The above details have been prepared to help you select suitable products. Products and their ingredients are liable to change.","\u003cstrong\u003eYou should always read the label before consuming or using the product and never rely solely on the information presented here.","If you require specific advice on any Sainsbury's branded product, please contact our Customer Careline on 0800 636262. For all other products, please contact the manufacturer, whose details will appear on the packaging or label. Sainsbury's is therefore unable to accept liability for any incorrect information.","You should also note that the picture / images show only our serving suggestions of how to serve or prepare your food – all accessories and additional items and/or ingredients pictured with the product you are purchasing are not included.","This information is supplied for your personal use only. It may not be reproduced in any way without the prior consent of Sainsbury's Supermarkets Ltd and due acknowledgement"],"attachments":[],"categories":[{"id":"565857","name":"San Miguel, Brooklyn, Poretti, Hobgoblin"},{"id":"506355","name":"Ale \u0026 stout"},{"id":"318428","name":"All beer"}],"attributes":{"brand":["Wychwood"]},"is_supply_chain_orderable":false,"display_icons":[],"pdp_deep_link":"/shop/ProductDisplay?storeId=10151\u0026langId=44\u0026productId=1286178"},{"product_uid":"4088646","favourite_uid":null,"eans":["5551950101101","5010017109028","5010017056643"],"product_type":"BASIC","name":"Mackeson Stout Beer Cans 4x330ml","image":"https://www.sainsburys.co.uk/wcsstore/ExtendedSitesCatalogAssetStore/images/catalog/productImages/28/5010017109028/5010017109028_L.jpeg","image_zoom":null,"image_thumbnail":"https://www.sainsburys.co.uk/wcsstore/ExtendedSitesCatalogAssetStore/images/catalog/productImages/28/5010017109028/5010017109028_M.jpeg","image_thumbnail_small":"https://www.sainsburys.co.uk/wcsstore/ExtendedSitesCatalogAssetStore/images/catalog/productImages/28/5010017109028/5010017109028_S.jpeg","full_url":"https://www.sainsburys.co.uk/shop/gb/groceries/product/details/mackeson-stout-4-x-330ml","unit_price":{"price":3.41,"measure":"ltr","measure_amount":1},"retail_price":{"price":4.5,"measure":"unit"},"is_available":true,"promotions":[],"hfss_restriction":[{"country":"ENG","restricted":false,"hfss_category":"Out of scope or Product not in a legislative category","hfss_score":0,"last_change_date":"2022-09-23T11:46:38.659Z"},{"country":"SCT","restricted":false,"hfss_category":"Out of scope or Product not in a legislative category","hfss_score":0,"last_change_date":"2022-09-23T11:46:38.659Z"},{"country":"WLS","restricted":false,"hfss_category":"Out of scope or Product not in a legislative category","hfss_score":0,"last_change_date":"2022-09-23T11:46:38.659Z"},{"country":"NIR","restricted":false,"hfss_category":"Out of scope or Product not in a legislative category","hfss_score":0,"last_change_date":"2022-09-23T11:46:38.659Z"}],"associations":[],"is_alcoholic":true,"is_spotlight":false,"is_intolerant":false,"is_mhra":false,"badges":[],"labels":[],"zone":null,"department":null,"reviews":{"is_enabled":true,"product_uid":"4088646","total":8,"average_rating":4.875},"breadcrumbs":[],"assets":{"plp_image":"https://assets.sainsburys-groceries.co.uk/gol/4088646/image.jpg","images":[],"video":[]},"description":[],"important_information":["The above details have been prepared to help you select suitable products. Products and their ingredients are liable to change.","\u003cstrong\u003eYou should always read the label before consuming or using the product and never rely solely on the information presented here.","If you require specific advice on any Sainsbury's branded product, please contact our Customer Careline on 0800 636262. For all other products, please contact the manufacturer, whose details will appear on the packaging or label. Sainsbury's is therefore unable to accept liability for any incorrect information.","You should also note that the picture / images show only our serving suggestions of how to serve or prepare your food – all accessories and additional items and/or ingredients pictured with the product you are purchasing are not included.","This information is supplied for your personal use only. It may not be reproduced in any way without the prior consent of Sainsbury's Supermarkets Ltd and due acknowledgement"],"attachments":[],"categories":[{"id":"506355","name":"Ale \u0026 stout"},{"id":"318428","name":"All beer"}],"attributes":{"brand":["Mackeson"]},"is_supply_chain_orderable":false,"display_icons":[],"pdp_deep_link":"/shop/ProductDisplay?storeId=10151\u0026langId=44\u0026productId=85216"},{"product_uid":"8110753","favourite_uid":null,"eans":["8410793068132"],"product_type":"BASIC","name":"Free Damm Non-Alcoholic Lager Beer 4x330ml","image":"https://www.sainsburys.co.uk/wcsstore/ExtendedSitesCatalogAssetStore/images/catalog/productImages/32/8410793068132/8410793068132_L.jpeg","image_zoom":null,"image_thumbnail":"https://www.sainsburys.co.uk/wcsstore/ExtendedSitesCatalogAssetStore/images/catalog/productImages/32/8410793068132/8410793068132_M.jpeg","image_thumbnail_small":"https://www.sainsburys.co.uk/wcsstore/ExtendedSitesCatalogAssetStore/images/catalog/productImages/32/8410793068132/8410793068132_S.jpeg","full_url":"https://www.sainsburys.co.uk/shop/gb/groceries/product/details/free-damm-non-alcoholic-lager-beer-4x330ml","unit_price":{"price":3.03,"measure":"ltr","measure_amount":1},"retail_price":{"price":3.5,"measure":"unit"},"nectar_price":{"retail_price":3.5,"unit_price":2.65,"measure":"unit","url":"https://www.sainsburys.co.uk/shop/gb/groceries/new---trending/nectar-prices","category_seo_url":"gb/groceries/new---trending/nectar-prices"},"is_available":true,"promotions":[{"promotion_uid":"10644080","icon":"https://www.sainsburys.co.uk/wcsstore/Sainsburys/Promotion assets/Promotion icons/Buy_X_For_Y_Amt_S_Icon.gif","link":"/shop/PromotionDisplayView?promotionId=10644080\u0026productId=1440106\u0026langId=44\u0026storeId=10151","strap_line":"Buy 1 for 3.5","start_date":"2024-09-17T23:00:00Z","end_date":"2024-10-07T23:00:00Z","original_price":4,"promo_mechanic_id":"99","is_nectar":true,"promo_type":"SIMPLE_FIXED_PRICE","promo_group":"simple"}],"hfss_restriction":[{"country":"ENG","restricted":false,"hfss_category":"Out of scope or Product not in a legislative category","hfss_score":0,"last_change_date":"2022-09-20T19:08:55.749Z"},{"country":"SCT","restricted":false,"hfss_category":"Out of scope or Product not in a legislative category","hfss_score":0,"last_change_date":"2022-09-20T19:08:55.749Z"},{"country":"WLS","restricted":false,"hfss_category":"Out of scope or Product not in a legislative category","hfss_score":0,"last_change_date":"2022-09-20T19:08:55.749Z"},{"country":"NIR","restricted":false,"hfss_category":"Out of scope or Product not in a legislative category","hfss_score":0,"last_change_date":"2022-09-20T19:08:55.749Z"}],"not_for_eu":true,"associations":[],"is_alcoholic":true,"is_spotlight":false,"is_intolerant":false,"is_mhra":false,"badges":[],"labels":[],"zone":null,"department":null,"reviews":{"is_enabled":true,"product_uid":"8110753","total":10,"average_rating":3.9},"breadcrumbs":[],"assets":{"plp_image":"https://assets.sainsburys-groceries.co.uk/gol/8110753/image.jpg","images":[],"video":[]},"description":[],"important_information":["The above details have been prepared to help you select suitable products. Products and their ingredients are liable to change.","\u003cstrong\u003eYou should always read the label before consuming or using the product and never rely solely on the information presented here.","If you require specific advice on any Sainsbury's branded product, please contact our Customer Careline on 0800 636262. For all other products, please contact the manufacturer, whose details will appear on the packaging or label. Sainsbury's is therefore unable to accept liability for any incorrect information.","You should also note that the picture / images show only our serving suggestions of how to serve or prepare your food – all accessories and additional items and/or ingredients pictured with the product you are purchasing are not included.","This information is supplied for your personal use only. It may not be reproduced in any way without the prior consent of Sainsbury's Supermarkets Ltd and due acknowledgement"],"attachments":[],"categories":[{"id":"500353","name":"All low and no alcohol"},{"id":"12267","name":"Low \u0026 no alcohol beer \u0026 cider"},{"id":"242801","name":"Special offers"},{"id":"278253","name":"All lager"},{"id":"318428","name":"All beer"},{"id":"410356","name":"Special offers"},{"id":"458860","name":"Special offers"},{"id":"458391","name":"Low alcohol"},{"id":"458392","name":"No alcohol"}],"header":{"text":"Nectar price","type":"NECTAR"},"attributes":{"brand":["Free Damm"]},"is_supply_chain_orderable":false,"display_icons":[],"pdp_deep_link":"/shop/ProductDisplay?storeId=10151\u0026langId=44\u0026productId=1440106"},{"product_uid":"7578003","favourite_uid":null,"eans":["5010017109462","5014379005103"],"product_type":"BASIC","name":"Budweiser Lager Beer Cans 10x440ml","image":"https://www.sainsburys.co.uk/wcsstore/ExtendedSitesCatalogAssetStore/images/catalog/productImages/03/5014379005103/5014379005103_L.jpeg","image_zoom":null,"image_thumbnail":"https://www.sainsburys.co.uk/wcsstore/ExtendedSitesCatalogAssetStore/images/catalog/productImages/03/5014379005103/5014379005103_M.jpeg","image_thumbnail_small":"https://www.sainsburys.co.uk/wcsstore/ExtendedSitesCatalogAssetStore/images/catalog/productImages/03/5014379005103/5014379005103_S.jpeg","full_url":"https://www.sainsburys.co.uk/shop/gb/groceries/product/details/budweiser-lager-10x440ml","unit_price":{"price":2.5,"measure":"ltr","measure_amount":1},"retail_price":{"price":11,"measure":"unit"},"is_available":true,"promotions":[],"hfss_restriction":[{"country":"ENG","restricted":false,"hfss_category":"Out of scope or Product not in a legislative category","hfss_score":0,"last_change_date":"2022-09-23T11:46:38.957Z"},{"country":"SCT","restricted":false,"hfss_category":"Out of scope or Product not in a legislative category","hfss_score":0,"last_change_date":"2022-09-23T11:46:38.957Z"},{"country":"WLS","restricted":false,"hfss_category":"Out of scope or Product not in a legislative category","hfss_score":0,"last_change_date":"2022-09-23T11:46:38.957Z"},{"country":"NIR","restricted":false,"hfss_category":"Out of scope or Product not in a legislative category","hfss_score":0,"last_change_date":"2022-09-23T11:46:38.957Z"}],"not_for_eu":true,"associations":[],"is_alcoholic":true,"is_spotlight":false,"is_intolerant":false,"is_mhra":false,"badges":[],"labels":[],"zone":null,"department":null,"reviews":{"is_enabled":true,"product_uid":"7578003","total":48,"average_rating":4.3958},"breadcrumbs":[],"assets":{"plp_image":"https://assets.sainsburys-groceries.co.uk/gol/7578003/image.jpg","images":[],"video":[]},"description":[],"important_information":["The above details have been prepared to help you select suitable products. Products and their ingredients are liable to change.","\u003cstrong\u003eYou should always read the label before consuming or using the product and never rely solely on the information presented here.","If you require specific advice on any Sainsbury's branded product, please contact our Customer Careline on 0800 636262. For all other products, please contact the manufacturer, whose details will appear on the packaging or label. Sainsbury's is therefore unable to accept liability for any incorrect information.","You should also note that the picture / images show only our serving suggestions of how to serve or prepare your food – all accessories and additional items and/or ingredients pictured with the product you are purchasing are not included.","This information is supplied for your personal use only. It may not be reproduced in any way without the prior consent of Sainsbury's Supermarkets Ltd and due acknowledgement"],"attachments":[],"categories":[{"id":"560358","name":"Budweiser, Corona, Camden \u0026 Stella Artois"},{"id":"611362","name":"Win with Budweiser"},{"id":"610854","name":"Beer, Wine \u0026 Spirits"},{"id":"610860","name":"Offers"},{"id":"511357","name":"Summer of sport"},{"id":"242801","name":"Special offers"},{"id":"278253","name":"All lager"},{"id":"318428","name":"All beer"},{"id":"410356","name":"Special offers"},{"id":"410363","name":"Special offers"},{"id":"432368","name":"Special offers"},{"id":"434877","name":"Special offers"}],"attributes":{"brand":["Budweiser"]},"is_supply_chain_orderable":false,"display_icons":[],"pdp_deep_link":"/shop/ProductDisplay?storeId=10151\u0026langId=44\u0026productId=1207928"},{"product_uid":"8156445","favourite_uid":null,"eans":["5000196000551"],"product_type":"BASIC","name":"Guinness Draught Stout Beer Can 8x440ml","image":"https://www.sainsburys.co.uk/wcsstore/ExtendedSitesCatalogAssetStore/images/catalog/productImages/51/5000196000551/5000196000551_L.jpeg","image_zoom":null,"image_thumbnail":"https://www.sainsburys.co.uk/wcsstore/ExtendedSitesCatalogAssetStore/images/catalog/productImages/51/5000196000551/5000196000551_M.jpeg","image_thumbnail_small":"https://www.sainsburys.co.uk/wcsstore/ExtendedSitesCatalogAssetStore/images/catalog/productImages/51/5000196000551/5000196000551_S.jpeg","full_url":"https://www.sainsburys.co.uk/shop/gb/groceries/product/details/guinness-draught-stout-beer-can-8x440ml-8156445-p-44","unit_price":{"price":3.27,"measure":"ltr","measure_amount":1},"retail_price":{"price":11.5,"measure":"unit"},"is_available":true,"promotions":[],"hfss_restriction":[{"country":"ENG","restricted":false,"hfss_category":"Out of scope or Product not in a legislative category","hfss_score":0,"last_change_date":"2023-02-27T21:14:01Z"},{"country":"SCT","restricted":false,"hfss_category":"Out of scope or Product not in a legislative category","hfss_score":0,"last_change_date":"2023-02-27T21:14:01Z"},{"country":"WLS","restricted":false,"hfss_category":"Out of scope or Product not in a legislative category","hfss_score":0,"last_change_date":"2023-02-27T21:14:01Z"},{"country":"NIR","restricted":false,"hfss_category":"Out of scope or Product not in a legislative category","hfss_score":0,"last_change_date":"2023-02-27T21:14:01Z"}],"associations":[],"is_alcoholic":true,"is_spotlight":false,"is_intolerant":false,"is_mhra":false,"badges":[],"labels":[],"zone":null,"department":null,"reviews":{"is_enabled":true,"product_uid":"8156445","total":30,"average_rating":4.6333},"breadcrumbs":[],"assets":{"plp_image":"https://assets.sainsburys-groceries.co.uk/gol/8156445/image.jpg","images":[],"video":[]},"description":[],"important_information":["The above details have been prepared to help you select suitable products. Products and their ingredients are liable to change.","\u003cstrong\u003eYou should always read the label before consuming or using the product and never rely solely on the information presented here.","If you require specific advice on any Sainsbury's branded product, please contact our Customer Careline on 0800 636262. For all other products, please contact the manufacturer, whose details will appear on the packaging or label. Sainsbury's is therefore unable to accept liability for any incorrect information.","You should also note that the picture / images show only our serving suggestions of how to serve or prepare your food – all accessories and additional items and/or ingredients pictured with the product you are purchasing are not included.","This information is supplied for your personal use only. It may not be reproduced in any way without the prior consent of Sainsbury's Supermarkets Ltd and due acknowledgement"],"attachments":[],"categories":[{"id":"601380","name":"Win with Guinness"},{"id":"577867","name":"Multibuy offers (valid for dels until 14th July)"},{"id":"578352","name":"Drinks festival"},{"id":"478380","name":"Bigger packs"},{"id":"610854","name":"Beer, Wine \u0026 Spirits"},{"id":"610860","name":"Offers"},{"id":"511357","name":"Summer of sport"},{"id":"506355","name":"Ale \u0026 stout"},{"id":"242801","name":"Special offers"},{"id":"318428","name":"All beer"},{"id":"410356","name":"Special offers"},{"id":"432368","name":"Special offers"}],"attributes":{"brand":["Guinness"]},"is_supply_chain_orderable":false,"display_icons":[],"pdp_deep_link":"/shop/ProductDisplay?storeId=10151\u0026langId=44\u0026productId=1486204"},{"product_uid":"8151498","favourite_uid":null,"eans":["5010549016542"],"product_type":"BASIC","name":"Old Speckled Hen Pale Ale Beer 500ml","image":"https://www.sainsburys.co.uk/wcsstore/ExtendedSitesCatalogAssetStore/images/catalog/productImages/42/5010549016542/5010549016542_L.jpeg","image_zoom":null,"image_thumbnail":"https://www.sainsburys.co.uk/wcsstore/ExtendedSitesCatalogAssetStore/images/catalog/productImages/42/5010549016542/5010549016542_M.jpeg","image_thumbnail_small":"https://www.sainsburys.co.uk/wcsstore/ExtendedSitesCatalogAssetStore/images/catalog/productImages/42/5010549016542/5010549016542_S.jpeg","full_url":"https://www.sainsburys.co.uk/shop/gb/groceries/product/details/old-speckled-hen-english-pale-ale-500ml","unit_price":{"price":4,"measure":"ltr","measure_amount":1},"retail_price":{"price":2,"measure":"unit"},"is_available":true,"promotions":[{"promotion_uid":"10650144","icon":"https://www.sainsburys.co.uk/wcsstore/Sainsburys/Promotion assets/Promotion icons/Buy_X_For_Y_Amt_S_Icon.gif","link":"/shop/PromotionDisplayView?promotionId=10650144\u0026productId=1480636\u0026langId=44\u0026storeId=10151","strap_line":"Buy any 4 for £7.00 with Nectar","start_date":"2024-09-17T23:00:00Z","end_date":"2024-11-15T00:00:00Z","original_price":0,"promo_mechanic_id":"14","is_nectar":true,"promo_type":"MULTIBUY_BUY_X_OF_VARIABLE_PRICE_FOR_Y","promo_group":"multi_buy"}],"hfss_restriction":[{"country":"ENG","restricted":false,"hfss_category":"Out of scope or Product not in a legislative category","hfss_score":0,"last_change_date":"2023-02-20T21:07:03Z"},{"country":"SCT","restricted":false,"hfss_category":"Out of scope or Product not in a legislative category","hfss_score":0,"last_change_date":"2023-02-20T21:07:03Z"},{"country":"WLS","restricted":false,"hfss_category":"Out of scope or Product not in a legislative category","hfss_score":0,"last_change_date":"2023-02-20T21:07:03Z"},{"country":"NIR","restricted":false,"hfss_category":"Out of scope or Product not in a legislative category","hfss_score":0,"last_change_date":"2023-02-20T21:07:03Z"}],"not_for_eu":true,"associations":[],"is_alcoholic":true,"is_spotlight":false,"is_intolerant":false,"is_mhra":false,"badges":[],"labels":[],"zone":null,"department":null,"reviews":{"is_enabled":true,"product_uid":"8151498","total":14,"average_rating":4.4286},"breadcrumbs":[],"assets":{"plp_image":"https://assets.sainsburys-groceries.co.uk/gol/8151498/image.jpg","images":[],"video":[]},"description":[],"important_information":["The above details have been prepared to help you select suitable products. Products and their ingredients are liable to change.","\u003cstrong\u003eYou should always read the label before consuming or using the product and never rely solely on the information presented here.","If you require specific advice on any Sainsbury's branded product, please contact our Customer Careline on 0800 636262. For all other products, please contact the manufacturer, whose details will appear on the packaging or label. Sainsbury's is therefore unable to accept liability for any incorrect information.","You should also note that the picture / images show only our serving suggestions of how to serve or prepare your food – all accessories and additional items and/or ingredients pictured with the product you are purchasing are not included.","This information is supplied for your personal use only. It may not be reproduced in any way without the prior consent of Sainsbury's Supermarkets Ltd and due acknowledgement"],"attachments":[],"categories":[{"id":"506355","name":"Ale \u0026 stout"},{"id":"242801","name":"Special offers"},{"id":"318428","name":"All beer"},{"id":"410356","name":"Special offers"}],"attributes":{"brand":["Old Speckled Hen"]},"is_supply_chain_orderable":false,"display_icons":[],"pdp_deep_link":"/shop/ProductDisplay?storeId=10151\u0026langId=44\u0026productId=1480636"},{"product_uid":"7966498","favourite_uid":null,"eans":["5060386620075"],"product_type":"BASIC","name":"Beavertown Neck Oil Session Ipa 330ml","image":"https://www.sainsburys.co.uk/wcsstore/ExtendedSitesCatalogAssetStore/images/catalog/productImages/75/5060386620075/5060386620075_L.jpeg","image_zoom":null,"image_thumbnail":"https://www.sainsburys.co.uk/wcsstore/ExtendedSitesCatalogAssetStore/images/catalog/productImages/75/5060386620075/5060386620075_M.jpeg","image_thumbnail_small":"https://www.sainsburys.co.uk/wcsstore/ExtendedSitesCatalogAssetStore/images/catalog/productImages/75/5060386620075/5060386620075_S.jpeg","full_url":"https://www.sainsburys.co.uk/shop/gb/groceries/product/details/beavertown-neck-oil-session-ipa-330ml","unit_price":{"price":7.12,"measure":"ltr","measure_amount":1},"retail_price":{"price":2.35,"measure":"unit"},"is_available":true,"promotions":[],"hfss_restriction":[{"country":"ENG","restricted":false,"hfss_category":"Out of scope or Product not in a legislative category","hfss_score":0,"last_change_date":"2022-09-23T11:46:20.772Z"},{"country":"SCT","restricted":false,"hfss_category":"Out of scope or Product not in a legislative category","hfss_score":0,"last_change_date":"2022-09-23T11:46:20.772Z"},{"country":"WLS","restricted":false,"hfss_category":"Out of scope or Product not in a legislative category","hfss_score":0,"last_change_date":"2022-09-23T11:46:20.772Z"},{"country":"NIR","restricted":false,"hfss_category":"Out of scope or Product not in a legislative category","hfss_score":0,"last_change_date":"2022-09-23T11:46:20.772Z"}],"sponsored_locations":["Checkout upsell"],"not_for_eu":true,"associations":[],"is_alcoholic":true,"is_spotlight":false,"is_intolerant":false,"is_mhra":false,"badges":[],"labels":[],"zone":null,"department":null,"reviews":{"is_enabled":true,"product_uid":"7966498","total":15,"average_rating":4.6},"breadcrumbs":[],"assets":{"plp_image":"https://assets.sainsburys-groceries.co.uk/gol/7966498/image.jpg","images":[],"video":[]},"description":[],"important_information":["The above details have been prepared to help you select suitable products. Products and their ingredients are liable to change.","\u003cstrong\u003eYou should always read the label before consuming or using the product and never rely solely on the information presented here.","If you require specific advice on any Sainsbury's branded product, please contact our Customer Careline on 0800 636262. For all other products, please contact the manufacturer, whose details will appear on the packaging or label. Sainsbury's is therefore unable to accept liability for any incorrect information.","You should also note that the picture / images show only our serving suggestions of how to serve or prepare your food – all accessories and additional items and/or ingredients pictured with the product you are purchasing are not included.","This information is supplied for your personal use only. It may not be reproduced in any way without the prior consent of Sainsbury's Supermarkets Ltd and due acknowledgement"],"attachments":[],"categories":[{"id":"484860","name":"Beavertown"},{"id":"506356","name":"Craft beer"},{"id":"318428","name":"All beer"},{"id":"419371","name":"New"},{"id":"434369","name":"Drinks"},{"id":"438356","name":"Craft beer \u0026 snacks"},{"id":"478361","name":"Pub food \u0026 drink"}],"attributes":{"brand":["Beavertown"]},"is_supply_chain_orderable":false,"display_icons":[],"pdp_deep_link":"/shop/ProductDisplay?storeId=10151\u0026langId=44\u0026productId=1284076"},{"product_uid":"8032243","favourite_uid":null,"eans":["5010153872695","5010153763726"],"product_type":"BASIC","name":"Carlsberg Lager Beer 4x568ml","image":"https://www.sainsburys.co.uk/wcsstore/ExtendedSitesCatalogAssetStore/images/catalog/productImages/95/5010153872695/5010153872695_L.jpeg","image_zoom":null,"image_thumbnail":"https://www.sainsburys.co.uk/wcsstore/ExtendedSitesCatalogAssetStore/images/catalog/productImages/95/5010153872695/5010153872695_M.jpeg","image_thumbnail_small":"https://www.sainsburys.co.uk/wcsstore/ExtendedSitesCatalogAssetStore/images/catalog/productImages/95/5010153872695/5010153872695_S.jpeg","full_url":"https://www.sainsburys.co.uk/shop/gb/groceries/product/details/carlsberg-danish-pilsner-4x568ml","unit_price":{"price":2.2,"measure":"ltr","measure_amount":1},"retail_price":{"price":5,"measure":"unit"},"is_available":true,"promotions":[],"hfss_restriction":[{"country":"ENG","restricted":false,"hfss_category":"Out of scope or Product not in a legislative category","hfss_score":0,"last_change_date":"2022-09-23T11:46:17.990Z"},{"country":"SCT","restricted":false,"hfss_category":"Out of scope or Product not in a legislative category","hfss_score":0,"last_change_date":"2022-09-23T11:46:17.990Z"},{"country":"WLS","restricted":false,"hfss_category":"Out of scope or Product not in a legislative category","hfss_score":0,"last_change_date":"2022-09-23T11:46:17.990Z"},{"country":"NIR","restricted":false,"hfss_category":"Out of scope or Product not in a legislative category","hfss_score":0,"last_change_date":"2022-09-23T11:46:17.990Z"}],"not_for_eu":true,"associations":[],"is_alcoholic":true,"is_spotlight":false,"is_intolerant":false,"is_mhra":false,"badges":[],"labels":[],"zone":null,"department":null,"reviews":{"is_enabled":true,"product_uid":"8032243","total":137,"average_rating":4.5547},"breadcrumbs":[],"assets":{"plp_image":"https://assets.sainsburys-groceries.co.uk/gol/8032243/image.jpg","images":[],"video":[]},"description":[],"important_information":["The above details have been prepared to help you select suitable products. Products and their ingredients are liable to change.","\u003cstrong\u003eYou should always read the label before consuming or using the product and never rely solely on the information presented here.","If you require specific advice on any Sainsbury's branded product, please contact our Customer Careline on 0800 636262. For all other products, please contact the manufacturer, whose details will appear on the packaging or label. Sainsbury's is therefore unable to accept liability for any incorrect information.","You should also note that the picture / images show only our serving suggestions of how to serve or prepare your food – all accessories and additional items and/or ingredients pictured with the product you are purchasing are not included.","This information is supplied for your personal use only. It may not be reproduced in any way without the prior consent of Sainsbury's Supermarkets Ltd and due acknowledgement"],"attachments":[],"categories":[{"id":"278253","name":"All lager"},{"id":"275894","name":"Multipack lager"},{"id":"318428","name":"All beer"}],"attributes":{"brand":["Carlsberg"]},"is_supply_chain_orderable":false,"display_icons":[],"pdp_deep_link":"/shop/ProductDisplay?storeId=10151\u0026langId=44\u0026productId=1363224"},{"product_uid":"8156443","favourite_uid":null,"eans":["5000213027455"],"product_type":"BASIC","name":"Guinness Draught In Can Stout Beer 12x440ml","image":"https://www.sainsburys.co.uk/wcsstore/ExtendedSitesCatalogAssetStore/images/catalog/productImages/55/5000213027455/5000213027455_L.jpeg","image_zoom":null,"image_thumbnail":"https://www.sainsburys.co.uk/wcsstore/ExtendedSitesCatalogAssetStore/images/catalog/productImages/55/5000213027455/5000213027455_M.jpeg","image_thumbnail_small":"https://www.sainsburys.co.uk/wcsstore/ExtendedSitesCatalogAssetStore/images/catalog/productImages/55/5000213027455/5000213027455_S.jpeg","full_url":"https://www.sainsburys.co.uk/shop/gb/groceries/product/details/guinness-draught-in-can-stout-beer-12x440ml","unit_price":{"price":3.22,"measure":"ltr","measure_amount":1},"retail_price":{"price":14.5,"measure":"unit"},"nectar_price":{"retail_price":14.5,"unit_price":2.75,"measure":"unit","url":"https://www.sainsburys.co.uk/shop/gb/groceries/new---trending/nectar-prices","category_seo_url":"gb/groceries/new---trending/nectar-prices"},"is_available":true,"promotions":[{"promotion_uid":"10644964","icon":"https://www.sainsburys.co.uk/wcsstore/Sainsburys/Promotion assets/Promotion icons/Buy_X_For_Y_Amt_S_Icon.gif","link":"/shop/PromotionDisplayView?promotionId=10644964\u0026productId=1486202\u0026langId=44\u0026storeId=10151","strap_line":"Buy 1 for 14.5","start_date":"2024-09-17T23:00:00Z","end_date":"2024-10-07T23:00:00Z","original_price":17,"promo_mechanic_id":"99","is_nectar":true,"promo_type":"SIMPLE_FIXED_PRICE","promo_group":"simple"}],"hfss_restriction":[{"country":"ENG","restricted":false,"hfss_category":"Out of scope or Product not in a legislative category","hfss_score":0,"last_change_date":"2023-03-02T20:55:01Z"},{"country":"SCT","restricted":false,"hfss_category":"Out of scope or Product not in a legislative category","hfss_score":0,"last_change_date":"2023-03-02T20:55:01Z"},{"country":"WLS","restricted":false,"hfss_category":"Out of scope or Product not in a legislative category","hfss_score":0,"last_change_date":"2023-03-02T20:55:01Z"},{"country":"NIR","restricted":false,"hfss_category":"Out of scope or Product not in a legislative category","hfss_score":0,"last_change_date":"2023-03-02T20:55:01Z"}],"not_for_eu":true,"associations":[],"is_alcoholic":true,"is_spotlight":false,"is_intolerant":false,"is_mhra":false,"badges":[],"labels":[],"zone":null,"department":null,"reviews":{"is_enabled":true,"product_uid":"8156443","total":30,"average_rating":4.6333},"breadcrumbs":[],"assets":{"plp_image":"https://assets.sainsburys-groceries.co.uk/gol/8156443/image.jpg","images":[],"video":[]},"description":[],"important_information":["The above details have been prepared to help you select suitable products. Products and their ingredients are liable to change.","\u003cstrong\u003eYou should always read the label before consuming or using the product and never rely solely on the information presented here.","If you require specific advice on any Sainsbury's branded product, please contact our Customer Careline on 0800 636262. For all other products, please contact the manufacturer, whose details will appear on the packaging or label. Sainsbury's is therefore unable to accept liability for any incorrect information.","You should also note that the picture / images show only our serving suggestions of how to serve or prepare your food – all accessories and additional items and/or ingredients pictured with the product you are purchasing are not included.","This information is supplied for your personal use only. It may not be reproduced in any way without the prior consent of Sainsbury's Supermarkets Ltd and due acknowledgement"],"attachments":[],"categories":[{"id":"601380","name":"Win with Guinness"},{"id":"478380","name":"Bigger packs"},{"id":"610861","name":"Father's Day"},{"id":"506355","name":"Ale \u0026 stout"},{"id":"242801","name":"Special offers"},{"id":"318428","name":"All beer"},{"id":"410356","name":"Special offers"}],"header":{"text":"Nectar price","type":"NECTAR"},"attributes":{"brand":["Guinness"]},"is_supply_chain_orderable":false,"display_icons":[],"pdp_deep_link":"/shop/ProductDisplay?storeId=10151\u0026langId=44\u0026productId=1486202"},{"product_uid":"8160472","favourite_uid":null,"eans":["5000213027356"],"product_type":"BASIC","name":"Guinness Draught 0.0% Non Alcoholic Beer 10x440ml","image":"https://www.sainsburys.co.uk/wcsstore/ExtendedSitesCatalogAssetStore/images/catalog/productImages/56/5000213027356/5000213027356_L.jpeg","image_zoom":null,"image_thumbnail":"https://www.sainsburys.co.uk/wcsstore/ExtendedSitesCatalogAssetStore/images/catalog/productImages/56/5000213027356/5000213027356_M.jpeg","image_thumbnail_small":"https://www.sainsburys.co.uk/wcsstore/ExtendedSitesCatalogAssetStore/images/catalog/productImages/56/5000213027356/5000213027356_S.jpeg","full_url":"https://www.sainsburys.co.uk/shop/gb/groceries/product/details/guinness-draught-00-non-alcoholic-beer-10x440ml","unit_price":{"price":2.73,"measure":"ltr","measure_amount":1},"retail_price":{"price":12,"measure":"unit"},"is_available":true,"promotions":[],"hfss_restriction":[{"country":"ENG","restricted":false,"hfss_category":"Out of scope or Product not in a legislative category","hfss_score":0,"last_change_date":"2023-05-31T20:19:01Z"},{"country":"SCT","restricted":false,"hfss_category":"Out of scope or Product not in a legislative category","hfss_score":0,"last_change_date":"2023-05-31T20:19:01Z"},{"country":"WLS","restricted":false,"hfss_category":"Out of scope or Product not in a legislative category","hfss_score":0,"last_change_date":"2023-05-31T20:19:01Z"},{"country":"NIR","restricted":false,"hfss_category":"Out of scope or Product not in a legislative category","hfss_score":0,"last_change_date":"2023-05-31T20:19:01Z"}],"not_for_eu":true,"associations":[],"is_alcoholic":true,"is_spotlight":false,"is_intolerant":false,"is_mhra":false,"badges":[],"labels":[],"zone":null,"department":null,"reviews":{"is_enabled":true,"product_uid":"8160472","total":34,"average_rating":4.6471},"breadcrumbs":[],"assets":{"plp_image":"https://assets.sainsburys-groceries.co.uk/gol/8160472/image.jpg","images":[],"video":[]},"description":[],"important_information":["The above details have been prepared to help you select suitable products. Products and their ingredients are liable to change.","\u003cstrong\u003eYou should always read the label before consuming or using the product and never rely solely on the information presented here.","If you require specific advice on any Sainsbury's branded product, please contact our Customer Careline on 0800 636262. For all other products, please contact the manufacturer, whose details will appear on the packaging or label. Sainsbury's is therefore unable to accept liability for any incorrect information.","You should also note that the picture / images show only our serving suggestions of how to serve or prepare your food – all accessories and additional items and/or ingredients pictured with the product you are purchasing are not included.","This information is supplied for your personal use only. It may not be reproduced in any way without the prior consent of Sainsbury's Supermarkets Ltd and due acknowledgement"],"attachments":[],"categories":[{"id":"601380","name":"Win with Guinness"},{"id":"603866","name":"Special offers"},{"id":"607860","name":"Drinks"},{"id":"500353","name":"All low and no alcohol"},{"id":"610861","name":"Father's Day"},{"id":"607898","name":"Low \u0026 no alcohol"},{"id":"12267","name":"Low \u0026 no alcohol beer \u0026 cider"},{"id":"318428","name":"All beer"},{"id":"410369","name":"Special offers"},{"id":"431867","name":"Watch the sport"},{"id":"432369","name":"New"},{"id":"432368","name":"Special offers"},{"id":"458392","name":"No alcohol"},{"id":"461881","name":"No alcohol"},{"id":"463855","name":"All low \u0026 no alcohol"}],"attributes":{"brand":["Guinness"]},"is_supply_chain_orderable":false,"display_icons":[],"pdp_deep_link":"/shop/ProductDisplay?storeId=10151\u0026langId=44\u0026productId=1492078"},{"product_uid":"8031099","favourite_uid":null,"eans":["5028403155214"],"product_type":"BASIC","name":"St Austell Brewery Proper Job Cornish IPA 4x440ml","image":"https://www.sainsburys.co.uk/wcsstore/ExtendedSitesCatalogAssetStore/images/catalog/productImages/14/5028403155214/5028403155214_L.jpeg","image_zoom":null,"image_thumbnail":"https://www.sainsburys.co.uk/wcsstore/ExtendedSitesCatalogAssetStore/images/catalog/productImages/14/5028403155214/5028403155214_M.jpeg","image_thumbnail_small":"https://www.sainsburys.co.uk/wcsstore/ExtendedSitesCatalogAssetStore/images/catalog/productImages/14/5028403155214/5028403155214_S.jpeg","full_url":"https://www.sainsburys.co.uk/shop/gb/groceries/product/details/st-austell-proper-job-cornish-ipa-4x440ml","unit_price":{"price":3.55,"measure":"ltr","measure_amount":1},"retail_price":{"price":5.5,"measure":"unit"},"nectar_price":{"retail_price":5.5,"unit_price":3.12,"measure":"unit","url":"https://www.sainsburys.co.uk/shop/gb/groceries/new---trending/nectar-prices","category_seo_url":"gb/groceries/new---trending/nectar-prices"},"is_available":true,"promotions":[{"promotion_uid":"10649292","icon":"https://www.sainsburys.co.uk/wcsstore/Sainsburys/Promotion assets/Promotion icons/Buy_X_For_Y_Amt_S_Icon.gif","link":"/shop/PromotionDisplayView?promotionId=10649292\u0026productId=1362134\u0026langId=44\u0026storeId=10151","strap_line":"Buy 1 for 5.5","start_date":"2024-09-17T23:00:00Z","end_date":"2024-10-07T23:00:00Z","original_price":6.25,"promo_mechanic_id":"99","is_nectar":true,"promo_type":"SIMPLE_FIXED_PRICE","promo_group":"simple"}],"hfss_restriction":[{"country":"ENG","restricted":false,"hfss_category":"Out of scope or Product not in a legislative category","hfss_score":0,"last_change_date":"2022-09-23T11:46:36.758Z"},{"country":"SCT","restricted":false,"hfss_category":"Out of scope or Product not in a legislative category","hfss_score":0,"last_change_date":"2022-09-23T11:46:36.758Z"},{"country":"WLS","restricted":false,"hfss_category":"Out of scope or Product not in a legislative category","hfss_score":0,"last_change_date":"2022-09-23T11:46:36.758Z"},{"country":"NIR","restricted":false,"hfss_category":"Out of scope or Product not in a legislative category","hfss_score":0,"last_change_date":"2022-09-23T11:46:36.758Z"}],"not_for_eu":true,"associations":[],"is_alcoholic":true,"is_spotlight":false,"is_intolerant":false,"is_mhra":false,"badges":[],"labels":[],"zone":null,"department":null,"reviews":{"is_enabled":true,"product_uid":"8031099","total":3,"average_rating":4},"breadcrumbs":[],"assets":{"plp_image":"https://assets.sainsburys-groceries.co.uk/gol/8031099/image.jpg","images":[],"video":[]},"description":[],"important_information":["The above details have been prepared to help you select suitable products. Products and their ingredients are liable to change.","\u003cstrong\u003eYou should always read the label before consuming or using the product and never rely solely on the information presented here.","If you require specific advice on any Sainsbury's branded product, please contact our Customer Careline on 0800 636262. For all other products, please contact the manufacturer, whose details will appear on the packaging or label. Sainsbury's is therefore unable to accept liability for any incorrect information.","You should also note that the picture / images show only our serving suggestions of how to serve or prepare your food – all accessories and additional items and/or ingredients pictured with the product you are purchasing are not included.","This information is supplied for your personal use only. It may not be reproduced in any way without the prior consent of Sainsbury's Supermarkets Ltd and due acknowledgement"],"attachments":[],"categories":[{"id":"506355","name":"Ale \u0026 stout"},{"id":"242801","name":"Special offers"},{"id":"318428","name":"All beer"},{"id":"410356","name":"Special offers"}],"header":{"text":"Nectar price","type":"NECTAR"},"attributes":{"brand":["St Austell Brewery\n"]},"is_supply_chain_orderable":false,"display_icons":[],"pdp_deep_link":"/shop/ProductDisplay?storeId=10151\u0026langId=44\u0026productId=1362134"},{"product_uid":"8153048","favourite_uid":null,"eans":["5010549016078"],"product_type":"BASIC","name":"Old Speckled Hen Pale Ale Beer Cans 10x440ml","image":"https://www.sainsburys.co.uk/wcsstore/ExtendedSitesCatalogAssetStore/images/catalog/productImages/78/5010549016078/5010549016078_L.jpeg","image_zoom":null,"image_thumbnail":"https://www.sainsburys.co.uk/wcsstore/ExtendedSitesCatalogAssetStore/images/catalog/productImages/78/5010549016078/5010549016078_M.jpeg","image_thumbnail_small":"https://www.sainsburys.co.uk/wcsstore/ExtendedSitesCatalogAssetStore/images/catalog/productImages/78/5010549016078/5010549016078_S.jpeg","full_url":"https://www.sainsburys.co.uk/shop/gb/groceries/product/details/old-speckled-hen-english-pale-ale-10x440ml","unit_price":{"price":2.84,"measure":"ltr","measure_amount":1},"retail_price":{"price":12.5,"measure":"unit"},"is_available":true,"promotions":[],"hfss_restriction":[{"country":"ENG","restricted":false,"hfss_category":"Out of scope or Product not in a legislative category","hfss_score":0,"last_change_date":"2023-02-20T20:46:02Z"},{"country":"SCT","restricted":false,"hfss_category":"Out of scope or Product not in a legislative category","hfss_score":0,"last_change_date":"2023-02-20T20:46:02Z"},{"country":"WLS","restricted":false,"hfss_category":"Out of scope or Product not in a legislative category","hfss_score":0,"last_change_date":"2023-02-20T20:46:02Z"},{"country":"NIR","restricted":false,"hfss_category":"Out of scope or Product not in a legislative category","hfss_score":0,"last_change_date":"2023-02-20T20:46:02Z"}],"not_for_eu":true,"associations":[],"is_alcoholic":true,"is_spotlight":false,"is_intolerant":false,"is_mhra":false,"badges":[],"labels":[],"zone":null,"department":null,"reviews":{"is_enabled":true,"product_uid":"8153048","total":14,"average_rating":4.4286},"breadcrumbs":[],"assets":{"plp_image":"https://assets.sainsburys-groceries.co.uk/gol/8153048/image.jpg","images":[],"video":[]},"description":[],"important_information":["The above details have been prepared to help you select suitable products. Products and their ingredients are liable to change.","\u003cstrong\u003eYou should always read the label before consuming or using the product and never rely solely on the information presented here.","If you require specific advice on any Sainsbury's branded product, please contact our Customer Careline on 0800 636262. For all other products, please contact the manufacturer, whose details will appear on the packaging or label. Sainsbury's is therefore unable to accept liability for any incorrect information.","You should also note that the picture / images show only our serving suggestions of how to serve or prepare your food – all accessories and additional items and/or ingredients pictured with the product you are purchasing are not included.","This information is supplied for your personal use only. It may not be reproduced in any way without the prior consent of Sainsbury's Supermarkets Ltd and due acknowledgement"],"attachments":[],"categories":[{"id":"577867","name":"Multibuy offers (valid for dels until 14th July)"},{"id":"478380","name":"Bigger packs"},{"id":"506355","name":"Ale \u0026 stout"},{"id":"318428","name":"All beer"}],"attributes":{"brand":["Old Speckled Hen"]},"is_supply_chain_orderable":false,"display_icons":[],"pdp_deep_link":"/shop/ProductDisplay?storeId=10151\u0026langId=44\u0026productId=1482222"},{"product_uid":"7909894","favourite_uid":null,"eans":["8410793286536"],"product_type":"BASIC","name":"Estrella Damm Lager Beer Cans 10x330ml","image":"https://www.sainsburys.co.uk/wcsstore/ExtendedSitesCatalogAssetStore/images/catalog/productImages/36/8410793286536/8410793286536_L.jpeg","image_zoom":null,"image_thumbnail":"https://www.sainsburys.co.uk/wcsstore/ExtendedSitesCatalogAssetStore/images/catalog/productImages/36/8410793286536/8410793286536_M.jpeg","image_thumbnail_small":"https://www.sainsburys.co.uk/wcsstore/ExtendedSitesCatalogAssetStore/images/catalog/productImages/36/8410793286536/8410793286536_S.jpeg","full_url":"https://www.sainsburys.co.uk/shop/gb/groceries/product/details/estrella-damm-beer-10x330ml","unit_price":{"price":4.17,"measure":"ltr","measure_amount":1},"retail_price":{"price":13.75,"measure":"unit"},"is_available":true,"promotions":[],"hfss_restriction":[{"country":"ENG","restricted":false,"hfss_category":"Out of scope or Product not in a legislative category","hfss_score":0,"last_change_date":"2023-05-24T11:58:08Z"},{"country":"SCT","restricted":false,"hfss_category":"Out of scope or Product not in a legislative category","hfss_score":0,"last_change_date":"2023-05-24T11:58:08Z"},{"country":"WLS","restricted":false,"hfss_category":"Out of scope or Product not in a legislative category","hfss_score":0,"last_change_date":"2023-05-24T11:58:08Z"},{"country":"NIR","restricted":false,"hfss_category":"Out of scope or Product not in a legislative category","hfss_score":0,"last_change_date":"2023-05-24T11:58:08Z"}],"not_for_eu":true,"associations":[],"is_alcoholic":true,"is_spotlight":false,"is_intolerant":false,"is_mhra":false,"badges":[],"labels":[],"zone":null,"department":null,"reviews":{"is_enabled":true,"product_uid":"7909894","total":72,"average_rating":4.6944},"breadcrumbs":[],"assets":{"plp_image":"https://assets.sainsburys-groceries.co.uk/gol/7909894/image.jpg","images":[],"video":[]},"description":[],"important_information":["The above details have been prepared to help you select suitable products. Products and their ingredients are liable to change.","\u003cstrong\u003eYou should always read the label before consuming or using the product and never rely solely on the information presented here.","If you require specific advice on any Sainsbury's branded product, please contact our Customer Careline on 0800 636262. For all other products, please contact the manufacturer, whose details will appear on the packaging or label. Sainsbury's is therefore unable to accept liability for any incorrect information.","You should also note that the picture / images show only our serving suggestions of how to serve or prepare your food – all accessories and additional items and/or ingredients pictured with the product you are purchasing are not included.","This information is supplied for your personal use only. It may not be reproduced in any way without the prior consent of Sainsbury's Supermarkets Ltd and due acknowledgement"],"attachments":[],"categories":[{"id":"594093","name":"Beer \u0026 cider"},{"id":"607918","name":"Win with Estrella Damm"},{"id":"242801","name":"Special offers"},{"id":"278253","name":"All lager"},{"id":"275894","name":"Multipack lager"},{"id":"275896","name":"World lager"},{"id":"318428","name":"All beer"},{"id":"410356","name":"Special offers"},{"id":"410380","name":"Special offers"},{"id":"462356","name":"Special offers"}],"is_supply_chain_orderable":false,"display_icons":[],"pdp_deep_link":"/shop/ProductDisplay?storeId=10151\u0026langId=44\u0026productId=1336930"},{"product_uid":"8113867","favourite_uid":null,"eans":["5060228272844"],"product_type":"BASIC","name":"Camden Pale Ale Cans 12x330ml","image":"https://www.sainsburys.co.uk/wcsstore/ExtendedSitesCatalogAssetStore/images/catalog/productImages/44/5060228272844/5060228272844_L.jpeg","image_zoom":null,"image_thumbnail":"https://www.sainsburys.co.uk/wcsstore/ExtendedSitesCatalogAssetStore/images/catalog/productImages/44/5060228272844/5060228272844_M.jpeg","image_thumbnail_small":"https://www.sainsburys.co.uk/wcsstore/ExtendedSitesCatalogAssetStore/images/catalog/productImages/44/5060228272844/5060228272844_S.jpeg","full_url":"https://www.sainsburys.co.uk/shop/gb/groceries/product/details/camden-pale-ale-12x330ml","unit_price":{"price":3.91,"measure":"ltr","measure_amount":1},"retail_price":{"price":12,"measure":"unit"},"nectar_price":{"retail_price":12,"unit_price":3.03,"measure":"unit","url":"https://www.sainsburys.co.uk/shop/gb/groceries/new---trending/nectar-prices","category_seo_url":"gb/groceries/new---trending/nectar-prices"},"is_available":true,"promotions":[{"promotion_uid":"10644558","icon":"https://www.sainsburys.co.uk/wcsstore/Sainsburys/Promotion assets/Promotion icons/Buy_X_For_Y_Amt_S_Icon.gif","link":"/shop/PromotionDisplayView?promotionId=10644558\u0026productId=1443158\u0026langId=44\u0026storeId=10151","strap_line":"Buy 1 for 12","start_date":"2024-09-17T23:00:00Z","end_date":"2024-10-07T23:00:00Z","original_price":15.5,"promo_mechanic_id":"99","is_nectar":true,"promo_type":"SIMPLE_FIXED_PRICE","promo_group":"simple"}],"hfss_restriction":[{"country":"ENG","restricted":false,"hfss_category":"Out of scope or Product not in a legislative category","hfss_score":0,"last_change_date":"2022-09-23T11:46:23.702Z"},{"country":"SCT","restricted":false,"hfss_category":"Out of scope or Product not in a legislative category","hfss_score":0,"last_change_date":"2022-09-23T11:46:23.702Z"},{"country":"WLS","restricted":false,"hfss_category":"Out of scope or Product not in a legislative category","hfss_score":0,"last_change_date":"2022-09-23T11:46:23.702Z"},{"country":"NIR","restricted":false,"hfss_category":"Out of scope or Product not in a legislative category","hfss_score":0,"last_change_date":"2022-09-23T11:46:23.702Z"}],"not_for_eu":true,"associations":[],"is_alcoholic":true,"is_spotlight":false,"is_intolerant":false,"is_mhra":false,"badges":[],"labels":[],"zone":null,"department":null,"reviews":{"is_enabled":true,"product_uid":"8113867","total":36,"average_rating":4.8611},"breadcrumbs":[],"assets":{"plp_image":"https://assets.sainsburys-groceries.co.uk/gol/8113867/image.jpg","images":[],"video":[]},"description":[],"important_information":["The above details have been prepared to help you select suitable products. Products and their ingredients are liable to change.","\u003cstrong\u003eYou should always read the label before consuming or using the product and never rely solely on the information presented here.","If you require specific advice on any Sainsbury's branded product, please contact our Customer Careline on 0800 636262. For all other products, please contact the manufacturer, whose details will appear on the packaging or label. Sainsbury's is therefore unable to accept liability for any incorrect information.","You should also note that the picture / images show only our serving suggestions of how to serve or prepare your food – all accessories and additional items and/or ingredients pictured with the product you are purchasing are not included.","This information is supplied for your personal use only. It may not be reproduced in any way without the prior consent of Sainsbury's Supermarkets Ltd and due acknowledgement"],"attachments":[],"categories":[{"id":"603866","name":"Special offers"},{"id":"577867","name":"Multibuy offers (valid for dels until 14th July)"},{"id":"560358","name":"Budweiser, Corona, Camden \u0026 Stella Artois"},{"id":"610861","name":"Father's Day"},{"id":"610854","name":"Beer, Wine \u0026 Spirits"},{"id":"511357","name":"Summer of sport"},{"id":"506355","name":"Ale \u0026 stout"},{"id":"506356","name":"Craft beer"},{"id":"242801","name":"Special offers"},{"id":"318428","name":"All beer"},{"id":"410356","name":"Special offers"},{"id":"410369","name":"Special offers"},{"id":"410378","name":"Special offers"},{"id":"424861","name":"Special offers"},{"id":"454372","name":"Special offers"},{"id":"461871","name":"Vegetarian \u0026 plant based"},{"id":"462352","name":"Special offers"},{"id":"462852","name":"All vegan"}],"header":{"text":"Nectar price","type":"NECTAR"},"attributes":{"brand":["Camden"]},"is_supply_chain_orderable":false,"display_icons":[],"pdp_deep_link":"/shop/ProductDisplay?storeId=10151\u0026langId=44\u0026productId=1443158"},{"product_uid":"7914647","favourite_uid":null,"eans":["8712000039837"],"product_type":"BASIC","name":"Desperados Tequila Lager Beer Bottles 12 x 250ml","image":"https://www.sainsburys.co.uk/wcsstore/ExtendedSitesCatalogAssetStore/images/catalog/productImages/37/8712000039837/8712000039837_L.jpeg","image_zoom":null,"image_thumbnail":"https://www.sainsburys.co.uk/wcsstore/ExtendedSitesCatalogAssetStore/images/catalog/productImages/37/8712000039837/8712000039837_M.jpeg","image_thumbnail_small":"https://www.sainsburys.co.uk/wcsstore/ExtendedSitesCatalogAssetStore/images/catalog/productImages/37/8712000039837/8712000039837_S.jpeg","full_url":"https://www.sainsburys.co.uk/shop/gb/groceries/product/details/desperados-tequila-lager-12x250ml","unit_price":{"price":4.83,"measure":"ltr","measure_amount":1},"retail_price":{"price":14.5,"measure":"unit"},"is_available":true,"promotions":[],"hfss_restriction":[{"country":"ENG","restricted":false,"hfss_category":"Out of scope or Product not in a legislative category","hfss_score":0,"last_change_date":"2022-09-23T11:46:36.321Z"},{"country":"SCT","restricted":false,"hfss_category":"Out of scope or Product not in a legislative category","hfss_score":0,"last_change_date":"2022-09-23T11:46:36.321Z"},{"country":"WLS","restricted":false,"hfss_category":"Out of scope or Product not in a legislative category","hfss_score":0,"last_change_date":"2022-09-23T11:46:36.321Z"},{"country":"NIR","restricted":false,"hfss_category":"Out of scope or Product not in a legislative category","hfss_score":0,"last_change_date":"2022-09-23T11:46:36.321Z"}],"not_for_eu":true,"associations":[],"is_alcoholic":true,"is_spotlight":false,"is_intolerant":false,"is_mhra":false,"badges":[],"labels":[],"zone":null,"department":null,"reviews":{"is_enabled":true,"product_uid":"7914647","total":18,"average_rating":4.7222},"breadcrumbs":[],"assets":{"plp_image":"https://assets.sainsburys-groceries.co.uk/gol/7914647/image.jpg","images":[],"video":[]},"description":[],"important_information":["The above details have been prepared to help you select suitable products. Products and their ingredients are liable to change.","\u003cstrong\u003eYou should always read the label before consuming or using the product and never rely solely on the information presented here.","If you require specific advice on any Sainsbury's branded product, please contact our Customer Careline on 0800 636262. For all other products, please contact the manufacturer, whose details will appear on the packaging or label. Sainsbury's is therefore unable to accept liability for any incorrect information.","You should also note that the picture / images show only our serving suggestions of how to serve or prepare your food – all accessories and additional items and/or ingredients pictured with the product you are purchasing are not included.","This information is supplied for your personal use only. It may not be reproduced in any way without the prior consent of Sainsbury's Supermarkets Ltd and due acknowledgement"],"attachments":[],"categories":[{"id":"594093","name":"Beer \u0026 cider"},{"id":"577867","name":"Multibuy offers (valid for dels until 14th July)"},{"id":"578352","name":"Drinks festival"},{"id":"12260","name":"World beer"},{"id":"275896","name":"World lager"},{"id":"318428","name":"All beer"},{"id":"410380","name":"Special offers"},{"id":"434877","name":"Special offers"},{"id":"462356","name":"Special offers"}],"attributes":{"brand":["Desperados"]},"is_supply_chain_orderable":false,"display_icons":["10PacksMax"],"pdp_deep_link":"/shop/ProductDisplay?storeId=10151\u0026langId=44\u0026productId=1215068"},{"product_uid":"8159379","favourite_uid":null,"eans":["8008440114044"],"product_type":"BASIC","name":"Peroni Nastro Azzurro 0.0% Alcohol Free Beer 12x330ml","image":"https://www.sainsburys.co.uk/wcsstore/ExtendedSitesCatalogAssetStore/images/catalog/productImages/44/8008440114044/8008440114044_L.jpeg","image_zoom":null,"image_thumbnail":"https://www.sainsburys.co.uk/wcsstore/ExtendedSitesCatalogAssetStore/images/catalog/productImages/44/8008440114044/8008440114044_M.jpeg","image_thumbnail_small":"https://www.sainsburys.co.uk/wcsstore/ExtendedSitesCatalogAssetStore/images/catalog/productImages/44/8008440114044/8008440114044_S.jpeg","full_url":"https://www.sainsburys.co.uk/shop/gb/groceries/product/details/peroni-nastro-azzurro-00-alcohol-free-beer-12x330ml","unit_price":{"price":3.03,"measure":"ltr","measure_amount":1},"retail_price":{"price":12,"measure":"unit"},"is_available":true,"promotions":[],"hfss_restriction":[{"country":"ENG","restricted":false,"hfss_category":"Out of scope or Product not in a legislative category","hfss_score":0,"last_change_date":"2023-05-23T20:04:05Z"},{"country":"SCT","restricted":false,"hfss_category":"Out of scope or Product not in a legislative category","hfss_score":0,"last_change_date":"2023-05-23T20:04:05Z"},{"country":"WLS","restricted":false,"hfss_category":"Out of scope or Product not in a legislative category","hfss_score":0,"last_change_date":"2023-05-23T20:04:05Z"},{"country":"NIR","restricted":false,"hfss_category":"Out of scope or Product not in a legislative category","hfss_score":0,"last_change_date":"2023-05-23T20:04:05Z"}],"not_for_eu":true,"associations":[],"is_alcoholic":true,"is_spotlight":false,"is_intolerant":false,"is_mhra":false,"badges":[],"labels":[],"zone":null,"department":null,"reviews":{"is_enabled":true,"product_uid":"8159379","total":88,"average_rating":4.8295},"breadcrumbs":[],"assets":{"plp_image":"https://assets.sainsburys-groceries.co.uk/gol/8159379/image.jpg","images":[],"video":[]},"description":[],"important_information":["The above details have been prepared to help you select suitable products. Products and their ingredients are liable to change.","\u003cstrong\u003eYou should always read the label before consuming or using the product and never rely solely on the information presented here.","If you require specific advice on any Sainsbury's branded product, please contact our Customer Careline on 0800 636262. For all other products, please contact the manufacturer, whose details will appear on the packaging or label. Sainsbury's is therefore unable to accept liability for any incorrect information.","You should also note that the picture / images show only our serving suggestions of how to serve or prepare your food – all accessories and additional items and/or ingredients pictured with the product you are purchasing are not included.","This information is supplied for your personal use only. It may not be reproduced in any way without the prior consent of Sainsbury's Supermarkets Ltd and due acknowledgement"],"attachments":[],"categories":[{"id":"603866","name":"Special offers"},{"id":"500353","name":"All low and no alcohol"},{"id":"607919","name":"Win a VIP festival experience with Peroni Nastro Azzurro"},{"id":"12267","name":"Low \u0026 no alcohol beer \u0026 cider"},{"id":"242801","name":"Special offers"},{"id":"318428","name":"All beer"},{"id":"410356","name":"Special offers"},{"id":"410369","name":"Special offers"},{"id":"410378","name":"Special offers"},{"id":"419857","name":"Enjoy the match"},{"id":"450352","name":"Christmas is coming"},{"id":"458860","name":"Special offers"},{"id":"454372","name":"Special offers"},{"id":"458392","name":"No alcohol"},{"id":"461881","name":"No alcohol"},{"id":"462370","name":"Special offers"},{"id":"463855","name":"All low \u0026 no alcohol"}],"attributes":{"brand":["Peroni"]},"is_supply_chain_orderable":false,"display_icons":[],"pdp_deep_link":"/shop/ProductDisplay?storeId=10151\u0026langId=44\u0026productId=1490888"},{"product_uid":"7962174","favourite_uid":null,"eans":["5010549009377"],"product_type":"BASIC","name":"Old Speckled Hen Alcohol Free 0.5% Ale Beer 500ml","image":"https://www.sainsburys.co.uk/wcsstore/ExtendedSitesCatalogAssetStore/images/catalog/productImages/77/5010549009377/5010549009377_L.jpeg","image_zoom":null,"image_thumbnail":"https://www.sainsburys.co.uk/wcsstore/ExtendedSitesCatalogAssetStore/images/catalog/productImages/77/5010549009377/5010549009377_M.jpeg","image_thumbnail_small":"https://www.sainsburys.co.uk/wcsstore/ExtendedSitesCatalogAssetStore/images/catalog/productImages/77/5010549009377/5010549009377_S.jpeg","full_url":"https://www.sainsburys.co.uk/shop/gb/groceries/product/details/old-speckled-hen-low-alcohol-beer-500ml","unit_price":{"price":3,"measure":"ltr","measure_amount":1},"retail_price":{"price":1.5,"measure":"unit"},"is_available":true,"promotions":[],"hfss_restriction":[{"country":"ENG","restricted":false,"hfss_category":"Out of scope or Product not in a legislative category","hfss_score":0,"last_change_date":"2022-09-23T11:46:26.599Z"},{"country":"SCT","restricted":false,"hfss_category":"Out of scope or Product not in a legislative category","hfss_score":0,"last_change_date":"2022-09-23T11:46:26.599Z"},{"country":"WLS","restricted":false,"hfss_category":"Out of scope or Product not in a legislative category","hfss_score":0,"last_change_date":"2022-09-23T11:46:26.599Z"},{"country":"NIR","restricted":false,"hfss_category":"Out of scope or Product not in a legislative category","hfss_score":0,"last_change_date":"2022-09-23T11:46:26.599Z"}],"not_for_eu":true,"associations":[],"is_alcoholic":true,"is_spotlight":false,"is_intolerant":false,"is_mhra":false,"badges":[],"labels":[],"zone":null,"department":null,"reviews":{"is_enabled":true,"product_uid":"7962174","total":17,"average_rating":2.4118},"breadcrumbs":[],"assets":{"plp_image":"https://assets.sainsburys-groceries.co.uk/gol/7962174/image.jpg","images":[],"video":[]},"description":[],"important_information":["The above details have been prepared to help you select suitable products. Products and their ingredients are liable to change.","\u003cstrong\u003eYou should always read the label before consuming or using the product and never rely solely on the information presented here.","If you require specific advice on any Sainsbury's branded product, please contact our Customer Careline on 0800 636262. For all other products, please contact the manufacturer, whose details will appear on the packaging or label. Sainsbury's is therefore unable to accept liability for any incorrect information.","You should also note that the picture / images show only our serving suggestions of how to serve or prepare your food – all accessories and additional items and/or ingredients pictured with the product you are purchasing are not included.","This information is supplied for your personal use only. It may not be reproduced in any way without the prior consent of Sainsbury's Supermarkets Ltd and due acknowledgement"],"attachments":[],"categories":[{"id":"500353","name":"All low and no alcohol"},{"id":"12267","name":"Low \u0026 no alcohol beer \u0026 cider"},{"id":"318428","name":"All beer"},{"id":"458391","name":"Low alcohol"},{"id":"461880","name":"Low alcohol"},{"id":"463855","name":"All low \u0026 no alcohol"}],"attributes":{"brand":["Old Speckled Hen"]},"is_supply_chain_orderable":false,"display_icons":["36 Bottles Max"],"pdp_deep_link":"/shop/ProductDisplay?storeId=10151\u0026langId=44\u0026productId=1359314"},{"product_uid":"8036676","favourite_uid":null,"eans":["8008440549105","8008440546005"],"product_type":"BASIC","name":"Asahi Super Dry Beer Lager Cans 6x330ml","image":"https://www.sainsburys.co.uk/wcsstore/ExtendedSitesCatalogAssetStore/images/catalog/productImages/05/8008440546005/8008440546005_L.jpeg","image_zoom":null,"image_thumbnail":"https://www.sainsburys.co.uk/wcsstore/ExtendedSitesCatalogAssetStore/images/catalog/productImages/05/8008440546005/8008440546005_M.jpeg","image_thumbnail_small":"https://www.sainsburys.co.uk/wcsstore/ExtendedSitesCatalogAssetStore/images/catalog/productImages/05/8008440546005/8008440546005_S.jpeg","full_url":"https://www.sainsburys.co.uk/shop/gb/groceries/product/details/asahi-super-dry-6x330ml","unit_price":{"price":4.42,"measure":"ltr","measure_amount":1},"retail_price":{"price":8.75,"measure":"unit"},"is_available":true,"promotions":[],"hfss_restriction":[{"country":"ENG","restricted":false,"hfss_category":"Out of scope or Product not in a legislative category","hfss_score":0,"last_change_date":"2022-09-23T11:46:23.479Z"},{"country":"SCT","restricted":false,"hfss_category":"Out of scope or Product not in a legislative category","hfss_score":0,"last_change_date":"2022-09-23T11:46:23.479Z"},{"country":"WLS","restricted":false,"hfss_category":"Out of scope or Product not in a legislative category","hfss_score":0,"last_change_date":"2022-09-23T11:46:23.479Z"},{"country":"NIR","restricted":false,"hfss_category":"Out of scope or Product not in a legislative category","hfss_score":0,"last_change_date":"2022-09-23T11:46:23.479Z"}],"not_for_eu":true,"associations":[],"is_alcoholic":true,"is_spotlight":false,"is_intolerant":false,"is_mhra":false,"badges":[],"labels":[],"zone":null,"department":null,"reviews":{"is_enabled":true,"product_uid":"8036676","total":195,"average_rating":4.6359},"breadcrumbs":[],"assets":{"plp_image":"https://assets.sainsburys-groceries.co.uk/gol/8036676/image.jpg","images":[],"video":[]},"description":[],"important_information":["The above details have been prepared to help you select suitable products. Products and their ingredients are liable to change.","\u003cstrong\u003eYou should always read the label before consuming or using the product and never rely solely on the information presented here.","If you require specific advice on any Sainsbury's branded product, please contact our Customer Careline on 0800 636262. For all other products, please contact the manufacturer, whose details will appear on the packaging or label. Sainsbury's is therefore unable to accept liability for any incorrect information.","You should also note that the picture / images show only our serving suggestions of how to serve or prepare your food – all accessories and additional items and/or ingredients pictured with the product you are purchasing are not included.","This information is supplied for your personal use only. It may not be reproduced in any way without the prior consent of Sainsbury's Supermarkets Ltd and due acknowledgement"],"attachments":[],"categories":[{"id":"12260","name":"World beer"},{"id":"242801","name":"Special offers"},{"id":"278253","name":"All lager"},{"id":"275896","name":"World lager"},{"id":"318428","name":"All beer"},{"id":"410356","name":"Special offers"}],"attributes":{"brand":["Asahi"]},"is_supply_chain_orderable":false,"display_icons":[],"pdp_deep_link":"/shop/ProductDisplay?storeId=10151\u0026langId=44\u0026productId=1367974"},{"product_uid":"8088874","favourite_uid":null,"eans":["8412598004377"],"product_type":"BASIC","name":"Estrella Galicia Spanish World Lager Beer 660ml","image":"https://www.sainsburys.co.uk/wcsstore/ExtendedSitesCatalogAssetStore/images/catalog/productImages/77/8412598004377/8412598004377_L.jpeg","image_zoom":null,"image_thumbnail":"https://www.sainsburys.co.uk/wcsstore/ExtendedSitesCatalogAssetStore/images/catalog/productImages/77/8412598004377/8412598004377_M.jpeg","image_thumbnail_small":"https://www.sainsburys.co.uk/wcsstore/ExtendedSitesCatalogAssetStore/images/catalog/productImages/77/8412598004377/8412598004377_S.jpeg","full_url":"https://www.sainsburys.co.uk/shop/gb/groceries/product/details/estrella-galicia-world-lager-330ml","unit_price":{"price":3.79,"measure":"ltr","measure_amount":1},"retail_price":{"price":2.5,"measure":"unit"},"is_available":true,"promotions":[{"promotion_uid":"10650156","icon":"https://www.sainsburys.co.uk/wcsstore/Sainsburys/Promotion assets/Promotion icons/Buy_X_For_Y_Amt_S_Icon.gif","link":"/shop/PromotionDisplayView?promotionId=10650156\u0026productId=1422248\u0026langId=44\u0026storeId=10151","strap_line":"Buy any 3 for £6.00 with Nectar","start_date":"2024-09-17T23:00:00Z","end_date":"2024-11-15T00:00:00Z","original_price":0,"promo_mechanic_id":"14","is_nectar":true,"promo_type":"MULTIBUY_BUY_X_OF_VARIABLE_PRICE_FOR_Y","promo_group":"multi_buy"}],"hfss_restriction":[{"country":"ENG","restricted":false,"hfss_category":"Out of scope or Product not in a legislative category","hfss_score":0,"last_change_date":"2022-09-23T11:46:26.618Z"},{"country":"SCT","restricted":false,"hfss_category":"Out of scope or Product not in a legislative category","hfss_score":0,"last_change_date":"2022-09-23T11:46:26.618Z"},{"country":"WLS","restricted":false,"hfss_category":"Out of scope or Product not in a legislative category","hfss_score":0,"last_change_date":"2022-09-23T11:46:26.618Z"},{"country":"NIR","restricted":false,"hfss_category":"Out of scope or Product not in a legislative category","hfss_score":0,"last_change_date":"2022-09-23T11:46:26.618Z"}],"not_for_eu":true,"associations":[],"is_alcoholic":true,"is_spotlight":false,"is_intolerant":false,"is_mhra":false,"badges":[],"labels":[],"zone":null,"department":null,"reviews":{"is_enabled":true,"product_uid":"8088874","total":6,"average_rating":4.5},"breadcrumbs":[],"assets":{"plp_image":"https://assets.sainsburys-groceries.co.uk/gol/8088874/image.jpg","images":[],"video":[]},"description":[],"important_information":["The above details have been prepared to help you select suitable products. Products and their ingredients are liable to change.","\u003cstrong\u003eYou should always read the label before consuming or using the product and never rely solely on the information presented here.","If you require specific advice on any Sainsbury's branded product, please contact our Customer Careline on 0800 636262. For all other products, please contact the manufacturer, whose details will appear on the packaging or label. Sainsbury's is therefore unable to accept liability for any incorrect information.","You should also note that the picture / images show only our serving suggestions of how to serve or prepare your food – all accessories and additional items and/or ingredients pictured with the product you are purchasing are not included.","This information is supplied for your personal use only. It may not be reproduced in any way without the prior consent of Sainsbury's Supermarkets Ltd and due acknowledgement"],"attachments":[],"categories":[{"id":"594093","name":"Beer \u0026 cider"},{"id":"242801","name":"Special offers"},{"id":"278253","name":"All lager"},{"id":"275896","name":"World lager"},{"id":"275897","name":"Single bottles"},{"id":"318428","name":"All beer"},{"id":"410356","name":"Special offers"},{"id":"410380","name":"Special offers"},{"id":"434877","name":"Special offers"},{"id":"462356","name":"Special offers"}],"attributes":{"brand":["Estrella"]},"is_supply_chain_orderable":false,"display_icons":[],"pdp_deep_link":"/shop/ProductDisplay?storeId=10151\u0026langId=44\u0026productId=1422248"},{"product_uid":"7914359","favourite_uid":null,"eans":["5035766062752"],"product_type":"BASIC","name":"Heineken Premium Lager Beer Cans 4 x 440ml","image":"https://www.sainsburys.co.uk/wcsstore/ExtendedSitesCatalogAssetStore/images/catalog/productImages/52/5035766062752/5035766062752_L.jpeg","image_zoom":null,"image_thumbnail":"https://www.sainsburys.co.uk/wcsstore/ExtendedSitesCatalogAssetStore/images/catalog/productImages/52/5035766062752/5035766062752_M.jpeg","image_thumbnail_small":"https://www.sainsburys.co.uk/wcsstore/ExtendedSitesCatalogAssetStore/images/catalog/productImages/52/5035766062752/5035766062752_S.jpeg","full_url":"https://www.sainsburys.co.uk/shop/gb/groceries/product/details/heineken-lager-4x440ml","unit_price":{"price":3.13,"measure":"ltr","measure_amount":1},"retail_price":{"price":5.5,"measure":"unit"},"is_available":true,"promotions":[],"hfss_restriction":[{"country":"ENG","restricted":false,"hfss_category":"Out of scope or Product not in a legislative category","hfss_score":0,"last_change_date":"2022-09-23T11:46:36.293Z"},{"country":"SCT","restricted":false,"hfss_category":"Out of scope or Product not in a legislative category","hfss_score":0,"last_change_date":"2022-09-23T11:46:36.293Z"},{"country":"WLS","restricted":false,"hfss_category":"Out of scope or Product not in a legislative category","hfss_score":0,"last_change_date":"2022-09-23T11:46:36.293Z"},{"country":"NIR","restricted":false,"hfss_category":"Out of scope or Product not in a legislative category","hfss_score":0,"last_change_date":"2022-09-23T11:46:36.293Z"}],"not_for_eu":true,"associations":[],"is_alcoholic":true,"is_spotlight":false,"is_intolerant":false,"is_mhra":false,"badges":[],"labels":[],"zone":null,"department":null,"reviews":{"is_enabled":true,"product_uid":"7914359","total":129,"average_rating":4.3721},"breadcrumbs":[],"assets":{"plp_image":"https://assets.sainsburys-groceries.co.uk/gol/7914359/image.jpg","images":[],"video":[]},"description":[],"important_information":["The above details have been prepared to help you select suitable products. Products and their ingredients are liable to change.","\u003cstrong\u003eYou should always read the label before consuming or using the product and never rely solely on the information presented here.","If you require specific advice on any Sainsbury's branded product, please contact our Customer Careline on 0800 636262. For all other products, please contact the manufacturer, whose details will appear on the packaging or label. Sainsbury's is therefore unable to accept liability for any incorrect information.","You should also note that the picture / images show only our serving suggestions of how to serve or prepare your food – all accessories and additional items and/or ingredients pictured with the product you are purchasing are not included.","This information is supplied for your personal use only. It may not be reproduced in any way without the prior consent of Sainsbury's Supermarkets Ltd and due acknowledgement"],"attachments":[],"categories":[{"id":"591354","name":"Birra Moretti, Foster's, Heineken and more"},{"id":"614355","name":"Win with Heineken \u0026 Heineken 0.0"},{"id":"608358","name":"Heineken, Doritos and Pepsi Football snacks and drinks"},{"id":"275894","name":"Multipack lager"},{"id":"318428","name":"All beer"}],"attributes":{"brand":["Heineken"]},"is_supply_chain_orderable":false,"display_icons":[],"pdp_deep_link":"/shop/ProductDisplay?storeId=10151\u0026langId=44\u0026productId=1215028"},{"product_uid":"2012773","favourite_uid":null,"eans":["5000213001769","5000213000069","0000050213177","5000213003985","0000050213054","0000050213030","5000213004982","5000213004999"],"product_type":"BASIC","name":"Guinness Original 4x440ml","image":"https://www.sainsburys.co.uk/wcsstore/ExtendedSitesCatalogAssetStore/images/catalog/productImages/30/0000050213030/0000050213030_L.jpeg","image_zoom":null,"image_thumbnail":"https://www.sainsburys.co.uk/wcsstore/ExtendedSitesCatalogAssetStore/images/catalog/productImages/30/0000050213030/0000050213030_M.jpeg","image_thumbnail_small":"https://www.sainsburys.co.uk/wcsstore/ExtendedSitesCatalogAssetStore/images/catalog/productImages/30/0000050213030/0000050213030_S.jpeg","full_url":"https://www.sainsburys.co.uk/shop/gb/groceries/product/details/guinness-original-4x440ml","unit_price":{"price":3.52,"measure":"ltr","measure_amount":1},"retail_price":{"price":6.2,"measure":"unit"},"is_available":true,"promotions":[],"hfss_restriction":[{"country":"ENG","restricted":false,"hfss_category":"Out of scope or Product not in a legislative category","hfss_score":0,"last_change_date":"2022-09-26T13:40:28.929Z"},{"country":"SCT","restricted":false,"hfss_category":"Out of scope or Product not in a legislative category","hfss_score":0,"last_change_date":"2022-09-26T13:40:28.929Z"},{"country":"WLS","restricted":false,"hfss_category":"Out of scope or Product not in a legislative category","hfss_score":0,"last_change_date":"2022-09-26T13:40:28.929Z"},{"country":"NIR","restricted":false,"hfss_category":"Out of scope or Product not in a legislative category","hfss_score":0,"last_change_date":"2022-09-26T13:40:28.929Z"}],"associations":[],"is_alcoholic":true,"is_spotlight":false,"is_intolerant":false,"is_mhra":false,"badges":[],"labels":[],"zone":null,"department":null,"reviews":{"is_enabled":true,"product_uid":"2012773","total":0,"average_rating":0},"breadcrumbs":[],"assets":{"plp_image":"https://assets.sainsburys-groceries.co.uk/gol/2012773/image.jpg","images":[],"video":[]},"description":[],"important_information":["The above details have been prepared to help you select suitable products. Products and their ingredients are liable to change.","\u003cstrong\u003eYou should always read the label before consuming or using the product and never rely solely on the information presented here.","If you require specific advice on any Sainsbury's branded product, please contact our Customer Careline on 0800 636262. For all other products, please contact the manufacturer, whose details will appear on the packaging or label. Sainsbury's is therefore unable to accept liability for any incorrect information.","You should also note that the picture / images show only our serving suggestions of how to serve or prepare your food – all accessories and additional items and/or ingredients pictured with the product you are purchasing are not included.","This information is supplied for your personal use only. It may not be reproduced in any way without the prior consent of Sainsbury's Supermarkets Ltd and due acknowledgement"],"attachments":[],"categories":[{"id":"601380","name":"Win with Guinness"},{"id":"506355","name":"Ale \u0026 stout"},{"id":"318428","name":"All beer"}],"attributes":{"brand":["Guinness"]},"is_supply_chain_orderable":false,"display_icons":[],"pdp_deep_link":"/shop/ProductDisplay?storeId=10151\u0026langId=44\u0026productId=1423370"},{"product_uid":"4184232","favourite_uid":null,"eans":["5010017109011","5010017064297","5010017038090"],"product_type":"BASIC","name":"Gold Label Very Strong Special Beer 4x330ml","image":"https://www.sainsburys.co.uk/wcsstore/ExtendedSitesCatalogAssetStore/images/catalog/productImages/11/5010017109011/5010017109011_L.jpeg","image_zoom":null,"image_thumbnail":"https://www.sainsburys.co.uk/wcsstore/ExtendedSitesCatalogAssetStore/images/catalog/productImages/11/5010017109011/5010017109011_M.jpeg","image_thumbnail_small":"https://www.sainsburys.co.uk/wcsstore/ExtendedSitesCatalogAssetStore/images/catalog/productImages/11/5010017109011/5010017109011_S.jpeg","full_url":"https://www.sainsburys.co.uk/shop/gb/groceries/product/details/gold-label-very-strong-special-beer-4x330ml","unit_price":{"price":5.11,"measure":"ltr","measure_amount":1},"retail_price":{"price":6.75,"measure":"unit"},"is_available":true,"promotions":[],"hfss_restriction":[{"country":"ENG","restricted":false,"hfss_category":"Out of scope or Product not in a legislative category","hfss_score":0,"last_change_date":"2022-09-26T13:40:29.041Z"},{"country":"SCT","restricted":false,"hfss_category":"Out of scope or Product not in a legislative category","hfss_score":0,"last_change_date":"2022-09-26T13:40:29.041Z"},{"country":"WLS","restricted":false,"hfss_category":"Out of scope or Product not in a legislative category","hfss_score":0,"last_change_date":"2022-09-26T13:40:29.041Z"},{"country":"NIR","restricted":false,"hfss_category":"Out of scope or Product not in a legislative category","hfss_score":0,"last_change_date":"2022-09-26T13:40:29.041Z"}],"associations":[],"is_alcoholic":true,"is_spotlight":false,"is_intolerant":false,"is_mhra":false,"badges":[],"labels":[],"zone":null,"department":null,"reviews":{"is_enabled":true,"product_uid":"4184232","total":10,"average_rating":3.7},"breadcrumbs":[],"assets":{"plp_image":"https://assets.sainsburys-groceries.co.uk/gol/4184232/image.jpg","images":[],"video":[]},"description":[],"important_information":["The above details have been prepared to help you select suitable products. Products and their ingredients are liable to change.","\u003cstrong\u003eYou should always read the label before consuming or using the product and never rely solely on the information presented here.","If you require specific advice on any Sainsbury's branded product, please contact our Customer Careline on 0800 636262. For all other products, please contact the manufacturer, whose details will appear on the packaging or label. Sainsbury's is therefore unable to accept liability for any incorrect information.","You should also note that the picture / images show only our serving suggestions of how to serve or prepare your food – all accessories and additional items and/or ingredients pictured with the product you are purchasing are not included.","This information is supplied for your personal use only. It may not be reproduced in any way without the prior consent of Sainsbury's Supermarkets Ltd and due acknowledgement"],"attachments":[],"categories":[{"id":"506355","name":"Ale \u0026 stout"},{"id":"318428","name":"All beer"}],"attributes":{"brand":["Gold Label"]},"is_supply_chain_orderable":false,"display_icons":[],"pdp_deep_link":"/shop/ProductDisplay?storeId=10151\u0026langId=44\u0026productId=85620"},{"product_uid":"8113222","favourite_uid":null,"eans":["5060386623472"],"product_type":"BASIC","name":"Beavertown Neck Oil Session IPA 10x330ml","image":"https://www.sainsburys.co.uk/wcsstore/ExtendedSitesCatalogAssetStore/images/catalog/productImages/72/5060386623472/5060386623472_L.jpeg","image_zoom":null,"image_thumbnail":"https://www.sainsburys.co.uk/wcsstore/ExtendedSitesCatalogAssetStore/images/catalog/productImages/72/5060386623472/5060386623472_M.jpeg","image_thumbnail_small":"https://www.sainsburys.co.uk/wcsstore/ExtendedSitesCatalogAssetStore/images/catalog/productImages/72/5060386623472/5060386623472_S.jpeg","full_url":"https://www.sainsburys.co.uk/shop/gb/groceries/product/details/beavertown-neck-oil-session-ipa-10x330ml","unit_price":{"price":5.68,"measure":"ltr","measure_amount":1},"retail_price":{"price":18.75,"measure":"unit"},"is_available":true,"promotions":[],"hfss_restriction":[{"country":"ENG","restricted":false,"hfss_category":"Out of scope or Product not in a legislative category","hfss_score":0,"last_change_date":"2022-08-25T13:14:55.111Z"},{"country":"SCT","restricted":false,"hfss_category":"Out of scope or Product not in a legislative category","hfss_score":0,"last_change_date":"2022-08-25T13:14:55.111Z"},{"country":"WLS","restricted":false,"hfss_category":"Out of scope or Product not in a legislative category","hfss_score":0,"last_change_date":"2022-08-25T13:14:55.111Z"},{"country":"NIR","restricted":false,"hfss_category":"Out of scope or Product not in a legislative category","hfss_score":0,"last_change_date":"2022-08-25T13:14:55.111Z"}],"not_for_eu":true,"associations":[],"is_alcoholic":true,"is_spotlight":false,"is_intolerant":false,"is_mhra":false,"badges":[],"labels":[],"zone":null,"department":null,"reviews":{"is_enabled":true,"product_uid":"8113222","total":15,"average_rating":4.6},"breadcrumbs":[],"assets":{"plp_image":"https://assets.sainsburys-groceries.co.uk/gol/8113222/image.jpg","images":[],"video":[]},"description":[],"important_information":["The above details have been prepared to help you select suitable products. Products and their ingredients are liable to change.","\u003cstrong\u003eYou should always read the label before consuming or using the product and never rely solely on the information presented here.","If you require specific advice on any Sainsbury's branded product, please contact our Customer Careline on 0800 636262. For all other products, please contact the manufacturer, whose details will appear on the packaging or label. Sainsbury's is therefore unable to accept liability for any incorrect information.","You should also note that the picture / images show only our serving suggestions of how to serve or prepare your food – all accessories and additional items and/or ingredients pictured with the product you are purchasing are not included.","This information is supplied for your personal use only. It may not be reproduced in any way without the prior consent of Sainsbury's Supermarkets Ltd and due acknowledgement"],"attachments":[],"categories":[{"id":"603866","name":"Special offers"},{"id":"610861","name":"Father's Day"},{"id":"506356","name":"Craft beer"},{"id":"318428","name":"All beer"},{"id":"410369","name":"Special offers"},{"id":"448450","name":"Halloween is coming"}],"attributes":{"brand":["Beavertown"]},"is_supply_chain_orderable":false,"display_icons":[],"pdp_deep_link":"/shop/ProductDisplay?storeId=10151\u0026langId=44\u0026productId=1442554"},{"product_uid":"8159374","favourite_uid":null,"eans":["5410228310396"],"product_type":"BASIC","name":"Corona Cero Alcohol Free Beer 12x330ml","image":"https://www.sainsburys.co.uk/wcsstore/ExtendedSitesCatalogAssetStore/images/catalog/productImages/96/5410228310396/5410228310396_L.jpeg","image_zoom":null,"image_thumbnail":"https://www.sainsburys.co.uk/wcsstore/ExtendedSitesCatalogAssetStore/images/catalog/productImages/96/5410228310396/5410228310396_M.jpeg","image_thumbnail_small":"https://www.sainsburys.co.uk/wcsstore/ExtendedSitesCatalogAssetStore/images/catalog/productImages/96/5410228310396/5410228310396_S.jpeg","full_url":"https://www.sainsburys.co.uk/shop/gb/groceries/product/details/corona-cero-alcohol-free-beer-12x330ml","unit_price":{"price":3.03,"measure":"ltr","measure_amount":1},"retail_price":{"price":12,"measure":"unit"},"is_available":true,"promotions":[],"hfss_restriction":[{"country":"ENG","restricted":false,"hfss_category":"Out of scope or Product not in a legislative category","hfss_score":0,"last_change_date":"2023-05-24T20:06:03Z"},{"country":"SCT","restricted":false,"hfss_category":"Out of scope or Product not in a legislative category","hfss_score":0,"last_change_date":"2023-05-24T20:06:03Z"},{"country":"WLS","restricted":false,"hfss_category":"Out of scope or Product not in a legislative category","hfss_score":0,"last_change_date":"2023-05-24T20:06:03Z"},{"country":"NIR","restricted":false,"hfss_category":"Out of scope or Product not in a legislative category","hfss_score":0,"last_change_date":"2023-05-24T20:06:03Z"}],"not_for_eu":true,"associations":[],"is_alcoholic":true,"is_spotlight":false,"is_intolerant":false,"is_mhra":false,"badges":[],"labels":[],"zone":null,"department":null,"reviews":{"is_enabled":true,"product_uid":"8159374","total":18,"average_rating":4.9444},"breadcrumbs":[],"assets":{"plp_image":"https://assets.sainsburys-groceries.co.uk/gol/8159374/image.jpg","images":[],"video":[]},"description":[],"important_information":["The above details have been prepared to help you select suitable products. Products and their ingredients are liable to change.","\u003cstrong\u003eYou should always read the label before consuming or using the product and never rely solely on the information presented here.","If you require specific advice on any Sainsbury's branded product, please contact our Customer Careline on 0800 636262. For all other products, please contact the manufacturer, whose details will appear on the packaging or label. Sainsbury's is therefore unable to accept liability for any incorrect information.","You should also note that the picture / images show only our serving suggestions of how to serve or prepare your food – all accessories and additional items and/or ingredients pictured with the product you are purchasing are not included.","This information is supplied for your personal use only. It may not be reproduced in any way without the prior consent of Sainsbury's Supermarkets Ltd and due acknowledgement"],"attachments":[],"categories":[{"id":"603866","name":"Special offers"},{"id":"578352","name":"Drinks festival"},{"id":"500353","name":"All low and no alcohol"},{"id":"560358","name":"Budweiser, Corona, Camden \u0026 Stella Artois"},{"id":"610854","name":"Beer, Wine \u0026 Spirits"},{"id":"511357","name":"Summer of sport"},{"id":"12267","name":"Low \u0026 no alcohol beer \u0026 cider"},{"id":"318428","name":"All beer"},{"id":"410369","name":"Special offers"},{"id":"448450","name":"Halloween is coming"},{"id":"458392","name":"No alcohol"},{"id":"461881","name":"No alcohol"},{"id":"463855","name":"All low \u0026 no alcohol"}],"attributes":{"brand":["Corona"]},"is_supply_chain_orderable":false,"display_icons":[],"pdp_deep_link":"/shop/ProductDisplay?storeId=10151\u0026langId=44\u0026productId=1490884"},{"product_uid":"8151509","favourite_uid":null,"eans":["5010549016559"],"product_type":"BASIC","name":"Old Speckled Hen Gluten Free Pale Ale Beer 500ml","image":"https://www.sainsburys.co.uk/wcsstore/ExtendedSitesCatalogAssetStore/images/catalog/productImages/59/5010549016559/5010549016559_L.jpeg","image_zoom":null,"image_thumbnail":"https://www.sainsburys.co.uk/wcsstore/ExtendedSitesCatalogAssetStore/images/catalog/productImages/59/5010549016559/5010549016559_M.jpeg","image_thumbnail_small":"https://www.sainsburys.co.uk/wcsstore/ExtendedSitesCatalogAssetStore/images/catalog/productImages/59/5010549016559/5010549016559_S.jpeg","full_url":"https://www.sainsburys.co.uk/shop/gb/groceries/product/details/old-speckled-hen-gluten-free-500ml","unit_price":{"price":4.5,"measure":"ltr","measure_amount":1},"retail_price":{"price":2.25,"measure":"unit"},"is_available":true,"promotions":[{"promotion_uid":"10650144","icon":"https://www.sainsburys.co.uk/wcsstore/Sainsburys/Promotion assets/Promotion icons/Buy_X_For_Y_Amt_S_Icon.gif","link":"/shop/PromotionDisplayView?promotionId=10650144\u0026productId=1480642\u0026langId=44\u0026storeId=10151","strap_line":"Buy any 4 for £7.00 with Nectar","start_date":"2024-09-17T23:00:00Z","end_date":"2024-11-15T00:00:00Z","original_price":0,"promo_mechanic_id":"14","is_nectar":true,"promo_type":"MULTIBUY_BUY_X_OF_VARIABLE_PRICE_FOR_Y","promo_group":"multi_buy"}],"hfss_restriction":[{"country":"ENG","restricted":false,"hfss_category":"Out of scope or Product not in a legislative category","hfss_score":0,"last_change_date":"2023-01-20T21:34:07Z"},{"country":"SCT","restricted":false,"hfss_category":"Out of scope or Product not in a legislative category","hfss_score":0,"last_change_date":"2023-01-20T21:34:07Z"},{"country":"WLS","restricted":false,"hfss_category":"Out of scope or Product not in a legislative category","hfss_score":0,"last_change_date":"2023-01-20T21:34:07Z"},{"country":"NIR","restricted":false,"hfss_category":"Out of scope or Product not in a legislative category","hfss_score":0,"last_change_date":"2023-01-20T21:34:07Z"}],"associations":[],"is_alcoholic":true,"is_spotlight":false,"is_intolerant":false,"is_mhra":false,"badges":[],"labels":[],"zone":null,"department":null,"reviews":{"is_enabled":true,"product_uid":"8151509","total":3,"average_rating":5},"breadcrumbs":[],"assets":{"plp_image":"https://assets.sainsburys-groceries.co.uk/gol/8151509/image.jpg","images":[],"video":[]},"description":[],"important_information":["The above details have been prepared to help you select suitable products. Products and their ingredients are liable to change.","\u003cstrong\u003eYou should always read the label before consuming or using the product and never rely solely on the information presented here.","If you require specific advice on any Sainsbury's branded product, please contact our Customer Careline on 0800 636262. For all other products, please contact the manufacturer, whose details will appear on the packaging or label. Sainsbury's is therefore unable to accept liability for any incorrect information.","You should also note that the picture / images show only our serving suggestions of how to serve or prepare your food – all accessories and additional items and/or ingredients pictured with the product you are purchasing are not included.","This information is supplied for your personal use only. It may not be reproduced in any way without the prior consent of Sainsbury's Supermarkets Ltd and due acknowledgement"],"attachments":[],"categories":[{"id":"506355","name":"Ale \u0026 stout"},{"id":"18670","name":"Special offers"},{"id":"209283","name":"All gluten free"},{"id":"242801","name":"Special offers"},{"id":"318428","name":"All beer"},{"id":"410356","name":"Special offers"},{"id":"410376","name":"Special offers"}],"attributes":{"brand":["Old Speckled Hen"]},"is_supply_chain_orderable":false,"display_icons":[],"pdp_deep_link":"/shop/ProductDisplay?storeId=10151\u0026langId=44\u0026productId=1480642"},{"product_uid":"8085841","favourite_uid":null,"eans":["5010153812561"],"product_type":"BASIC","name":"Carlsberg Export Lager Beer 4x568ml","image":"https://www.sainsburys.co.uk/wcsstore/ExtendedSitesCatalogAssetStore/images/catalog/productImages/61/5010153812561/5010153812561_L.jpeg","image_zoom":null,"image_thumbnail":"https://www.sainsburys.co.uk/wcsstore/ExtendedSitesCatalogAssetStore/images/catalog/productImages/61/5010153812561/5010153812561_M.jpeg","image_thumbnail_small":"https://www.sainsburys.co.uk/wcsstore/ExtendedSitesCatalogAssetStore/images/catalog/productImages/61/5010153812561/5010153812561_S.jpeg","full_url":"https://www.sainsburys.co.uk/shop/gb/groceries/product/details/carlsberg-export-lager-beer-4x568ml","unit_price":{"price":2.75,"measure":"ltr","measure_amount":1},"retail_price":{"price":6.25,"measure":"unit"},"is_available":true,"promotions":[],"hfss_restriction":[{"country":"ENG","restricted":false,"hfss_category":"Out of scope or Product not in a legislative category","hfss_score":0,"last_change_date":"2022-09-23T11:47:08.870Z"},{"country":"SCT","restricted":false,"hfss_category":"Out of scope or Product not in a legislative category","hfss_score":0,"last_change_date":"2022-09-23T11:47:08.870Z"},{"country":"WLS","restricted":false,"hfss_category":"Out of scope or Product not in a legislative category","hfss_score":0,"last_change_date":"2022-09-23T11:47:08.870Z"},{"country":"NIR","restricted":false,"hfss_category":"Out of scope or Product not in a legislative category","hfss_score":0,"last_change_date":"2022-09-23T11:47:08.870Z"}],"not_for_eu":true,"associations":[],"is_alcoholic":true,"is_spotlight":false,"is_intolerant":false,"is_mhra":false,"badges":[],"labels":[],"zone":null,"department":null,"reviews":{"is_enabled":true,"product_uid":"8085841","total":71,"average_rating":4.4789},"breadcrumbs":[],"assets":{"plp_image":"https://assets.sainsburys-groceries.co.uk/gol/8085841/image.jpg","images":[],"video":[]},"description":[],"important_information":["The above details have been prepared to help you select suitable products. Products and their ingredients are liable to change.","\u003cstrong\u003eYou should always read the label before consuming or using the product and never rely solely on the information presented here.","If you require specific advice on any Sainsbury's branded product, please contact our Customer Careline on 0800 636262. For all other products, please contact the manufacturer, whose details will appear on the packaging or label. Sainsbury's is therefore unable to accept liability for any incorrect information.","You should also note that the picture / images show only our serving suggestions of how to serve or prepare your food – all accessories and additional items and/or ingredients pictured with the product you are purchasing are not included.","This information is supplied for your personal use only. It may not be reproduced in any way without the prior consent of Sainsbury's Supermarkets Ltd and due acknowledgement"],"attachments":[],"categories":[{"id":"278253","name":"All lager"},{"id":"275894","name":"Multipack lager"},{"id":"318428","name":"All beer"}],"attributes":{"brand":["Carlsberg"]},"is_supply_chain_orderable":false,"display_icons":[],"pdp_deep_link":"/shop/ProductDisplay?storeId=10151\u0026langId=44\u0026productId=1419170"},{"product_uid":"8033873","favourite_uid":null,"eans":["5060343556669","5060343551985"],"product_type":"BASIC","name":"Tiny Rebel Clwb Tropica IPA Beer 4x330ml","image":"https://www.sainsburys.co.uk/wcsstore/ExtendedSitesCatalogAssetStore/images/catalog/productImages/69/5060343556669/5060343556669_L.jpeg","image_zoom":null,"image_thumbnail":"https://www.sainsburys.co.uk/wcsstore/ExtendedSitesCatalogAssetStore/images/catalog/productImages/69/5060343556669/5060343556669_M.jpeg","image_thumbnail_small":"https://www.sainsburys.co.uk/wcsstore/ExtendedSitesCatalogAssetStore/images/catalog/productImages/69/5060343556669/5060343556669_S.jpeg","full_url":"https://www.sainsburys.co.uk/shop/gb/groceries/product/details/tiny-rebel-clwb-tropica-4x330ml","unit_price":{"price":6.06,"measure":"ltr","measure_amount":1},"retail_price":{"price":8,"measure":"unit"},"is_available":true,"promotions":[],"hfss_restriction":[{"country":"ENG","restricted":false,"hfss_category":"Out of scope or Product not in a legislative category","hfss_score":0,"last_change_date":"2022-09-23T11:46:20.694Z"},{"country":"SCT","restricted":false,"hfss_category":"Out of scope or Product not in a legislative category","hfss_score":0,"last_change_date":"2022-09-23T11:46:20.694Z"},{"country":"WLS","restricted":false,"hfss_category":"Out of scope or Product not in a legislative category","hfss_score":0,"last_change_date":"2022-09-23T11:46:20.694Z"},{"country":"NIR","restricted":false,"hfss_category":"Out of scope or Product not in a legislative category","hfss_score":0,"last_change_date":"2022-09-23T11:46:20.694Z"}],"not_for_eu":true,"associations":[],"is_alcoholic":true,"is_spotlight":false,"is_intolerant":false,"is_mhra":false,"badges":[],"labels":[],"zone":null,"department":null,"reviews":{"is_enabled":true,"product_uid":"8033873","total":2,"average_rating":4},"breadcrumbs":[],"assets":{"plp_image":"https://assets.sainsburys-groceries.co.uk/gol/8033873/image.jpg","images":[],"video":[]},"description":[],"important_information":["The above details have been prepared to help you select suitable products. Products and their ingredients are liable to change.","\u003cstrong\u003eYou should always read the label before consuming or using the product and never rely solely on the information presented here.","If you require specific advice on any Sainsbury's branded product, please contact our Customer Careline on 0800 636262. For all other products, please contact the manufacturer, whose details will appear on the packaging or label. Sainsbury's is therefore unable to accept liability for any incorrect information.","You should also note that the picture / images show only our serving suggestions of how to serve or prepare your food – all accessories and additional items and/or ingredients pictured with the product you are purchasing are not included.","This information is supplied for your personal use only. It may not be reproduced in any way without the prior consent of Sainsbury's Supermarkets Ltd and due acknowledgement"],"attachments":[],"categories":[{"id":"482859","name":"Special offers"},{"id":"506356","name":"Craft beer"},{"id":"242801","name":"Special offers"},{"id":"318428","name":"All beer"},{"id":"410356","name":"Special offers"},{"id":"410380","name":"Special offers"},{"id":"434877","name":"Special offers"},{"id":"453860","name":"Exclusive to Sainsbury's"},{"id":"461871","name":"Vegetarian \u0026 plant based"}],"attributes":{"brand":["Tiny Rebel"]},"is_supply_chain_orderable":false,"display_icons":[],"pdp_deep_link":"/shop/ProductDisplay?storeId=10151\u0026langId=44\u0026productId=1364462"},{"product_uid":"8002008","favourite_uid":null,"eans":["5056025412293","5056025453326"],"product_type":"BASIC","name":"BrewDog Lost Lager Dry-Hopped Pilsner 660ml","image":"https://www.sainsburys.co.uk/wcsstore/ExtendedSitesCatalogAssetStore/images/catalog/productImages/93/5056025412293/5056025412293_L.jpeg","image_zoom":null,"image_thumbnail":"https://www.sainsburys.co.uk/wcsstore/ExtendedSitesCatalogAssetStore/images/catalog/productImages/93/5056025412293/5056025412293_M.jpeg","image_thumbnail_small":"https://www.sainsburys.co.uk/wcsstore/ExtendedSitesCatalogAssetStore/images/catalog/productImages/93/5056025412293/5056025412293_S.jpeg","full_url":"https://www.sainsburys.co.uk/shop/gb/groceries/product/details/brewdog-lost-lager-dry-hopped-pilsner-660ml","unit_price":{"price":3.79,"measure":"ltr","measure_amount":1},"retail_price":{"price":2.5,"measure":"unit"},"is_available":true,"promotions":[{"promotion_uid":"10650156","icon":"https://www.sainsburys.co.uk/wcsstore/Sainsburys/Promotion assets/Promotion icons/Buy_X_For_Y_Amt_S_Icon.gif","link":"/shop/PromotionDisplayView?promotionId=10650156\u0026productId=1331230\u0026langId=44\u0026storeId=10151","strap_line":"Buy any 3 for £6.00 with Nectar","start_date":"2024-09-17T23:00:00Z","end_date":"2024-11-15T00:00:00Z","original_price":0,"promo_mechanic_id":"14","is_nectar":true,"promo_type":"MULTIBUY_BUY_X_OF_VARIABLE_PRICE_FOR_Y","promo_group":"multi_buy"}],"hfss_restriction":[{"country":"ENG","restricted":false,"hfss_category":"Out of scope or Product not in a legislative category","hfss_score":0,"last_change_date":"2022-09-23T11:46:18.787Z"},{"country":"SCT","restricted":false,"hfss_category":"Out of scope or Product not in a legislative category","hfss_score":0,"last_change_date":"2022-09-23T11:46:18.787Z"},{"country":"WLS","restricted":false,"hfss_category":"Out of scope or Product not in a legislative category","hfss_score":0,"last_change_date":"2022-09-23T11:46:18.787Z"},{"country":"NIR","restricted":false,"hfss_category":"Out of scope or Product not in a legislative category","hfss_score":0,"last_change_date":"2022-09-23T11:46:18.787Z"}],"not_for_eu":true,"associations":[],"is_alcoholic":true,"is_spotlight":false,"is_intolerant":false,"is_mhra":false,"badges":[],"labels":[],"zone":null,"department":null,"reviews":{"is_enabled":true,"product_uid":"8002008","total":16,"average_rating":4.0625},"breadcrumbs":[],"assets":{"plp_image":"https://assets.sainsburys-groceries.co.uk/gol/8002008/image.jpg","images":[],"video":[]},"description":[],"important_information":["The above details have been prepared to help you select suitable products. Products and their ingredients are liable to change.","\u003cstrong\u003eYou should always read the label before consuming or using the product and never rely solely on the information presented here.","If you require specific advice on any Sainsbury's branded product, please contact our Customer Careline on 0800 636262. For all other products, please contact the manufacturer, whose details will appear on the packaging or label. Sainsbury's is therefore unable to accept liability for any incorrect information.","You should also note that the picture / images show only our serving suggestions of how to serve or prepare your food – all accessories and additional items and/or ingredients pictured with the product you are purchasing are not included.","This information is supplied for your personal use only. It may not be reproduced in any way without the prior consent of Sainsbury's Supermarkets Ltd and due acknowledgement"],"attachments":[],"categories":[{"id":"506356","name":"Craft beer"},{"id":"242801","name":"Special offers"},{"id":"275896","name":"World lager"},{"id":"318428","name":"All beer"},{"id":"410356","name":"Special offers"}],"attributes":{"brand":["BrewDog"]},"is_supply_chain_orderable":false,"display_icons":[],"pdp_deep_link":"/shop/ProductDisplay?storeId=10151\u0026langId=44\u0026productId=1331230"},{"product_uid":"7669502","favourite_uid":null,"eans":["5060190561212","5060190561465"],"product_type":"BASIC","name":"Innis \u0026 Gunn Original Beer 660ml","image":"https://www.sainsburys.co.uk/wcsstore/ExtendedSitesCatalogAssetStore/images/catalog/productImages/65/5060190561465/5060190561465_L.jpeg","image_zoom":null,"image_thumbnail":"https://www.sainsburys.co.uk/wcsstore/ExtendedSitesCatalogAssetStore/images/catalog/productImages/65/5060190561465/5060190561465_M.jpeg","image_thumbnail_small":"https://www.sainsburys.co.uk/wcsstore/ExtendedSitesCatalogAssetStore/images/catalog/productImages/65/5060190561465/5060190561465_S.jpeg","full_url":"https://www.sainsburys.co.uk/shop/gb/groceries/product/details/innis---gunn-original-660ml","unit_price":{"price":5.3,"measure":"ltr","measure_amount":1},"retail_price":{"price":3.5,"measure":"unit"},"is_available":true,"promotions":[],"hfss_restriction":[{"country":"ENG","restricted":false,"hfss_category":"Out of scope or Product not in a legislative category","hfss_score":0,"last_change_date":"2022-09-23T11:46:28.748Z"},{"country":"SCT","restricted":false,"hfss_category":"Out of scope or Product not in a legislative category","hfss_score":0,"last_change_date":"2022-09-23T11:46:28.748Z"},{"country":"WLS","restricted":false,"hfss_category":"Out of scope or Product not in a legislative category","hfss_score":0,"last_change_date":"2022-09-23T11:46:28.748Z"},{"country":"NIR","restricted":false,"hfss_category":"Out of scope or Product not in a legislative category","hfss_score":0,"last_change_date":"2022-09-23T11:46:28.748Z"}],"associations":[],"is_alcoholic":true,"is_spotlight":false,"is_intolerant":false,"is_mhra":false,"badges":[],"labels":[],"zone":null,"department":null,"reviews":{"is_enabled":true,"product_uid":"7669502","total":6,"average_rating":4.8333},"breadcrumbs":[],"assets":{"plp_image":"https://assets.sainsburys-groceries.co.uk/gol/7669502/image.jpg","images":[],"video":[]},"description":[],"important_information":["The above details have been prepared to help you select suitable products. Products and their ingredients are liable to change.","\u003cstrong\u003eYou should always read the label before consuming or using the product and never rely solely on the information presented here.","If you require specific advice on any Sainsbury's branded product, please contact our Customer Careline on 0800 636262. For all other products, please contact the manufacturer, whose details will appear on the packaging or label. Sainsbury's is therefore unable to accept liability for any incorrect information.","You should also note that the picture / images show only our serving suggestions of how to serve or prepare your food – all accessories and additional items and/or ingredients pictured with the product you are purchasing are not included.","This information is supplied for your personal use only. It may not be reproduced in any way without the prior consent of Sainsbury's Supermarkets Ltd and due acknowledgement"],"attachments":[],"categories":[{"id":"506356","name":"Craft beer"},{"id":"506357","name":"Speciality beer"},{"id":"242801","name":"Special offers"},{"id":"318428","name":"All beer"},{"id":"410356","name":"Special offers"}],"attributes":{"brand":["Innis \u0026 Gunn"]},"is_supply_chain_orderable":false,"display_icons":[],"pdp_deep_link":"/shop/ProductDisplay?storeId=10151\u0026langId=44\u0026productId=572108"},{"product_uid":"8083298","favourite_uid":null,"eans":["5014379014457"],"product_type":"BASIC","name":"Corona Lager Beer Bottle 620ml","image":"https://www.sainsburys.co.uk/wcsstore/ExtendedSitesCatalogAssetStore/images/catalog/productImages/57/5014379014457/5014379014457_L.jpeg","image_zoom":null,"image_thumbnail":"https://www.sainsburys.co.uk/wcsstore/ExtendedSitesCatalogAssetStore/images/catalog/productImages/57/5014379014457/5014379014457_M.jpeg","image_thumbnail_small":"https://www.sainsburys.co.uk/wcsstore/ExtendedSitesCatalogAssetStore/images/catalog/productImages/57/5014379014457/5014379014457_S.jpeg","full_url":"https://www.sainsburys.co.uk/shop/gb/groceries/product/details/corona-lager-beer-bottle-620ml","unit_price":{"price":4.03,"measure":"ltr","measure_amount":1},"retail_price":{"price":2.5,"measure":"unit"},"is_available":true,"promotions":[{"promotion_uid":"10650156","icon":"https://www.sainsburys.co.uk/wcsstore/Sainsburys/Promotion assets/Promotion icons/Buy_X_For_Y_Amt_S_Icon.gif","link":"/shop/PromotionDisplayView?promotionId=10650156\u0026productId=1415458\u0026langId=44\u0026storeId=10151","strap_line":"Buy any 3 for £6.00 with Nectar","start_date":"2024-09-17T23:00:00Z","end_date":"2024-11-15T00:00:00Z","original_price":0,"promo_mechanic_id":"14","is_nectar":true,"promo_type":"MULTIBUY_BUY_X_OF_VARIABLE_PRICE_FOR_Y","promo_group":"multi_buy"}],"hfss_restriction":[{"country":"ENG","restricted":false,"hfss_category":"Out of scope or Product not in a legislative category","hfss_score":0,"last_change_date":"2022-09-23T11:46:38.705Z"},{"country":"SCT","restricted":false,"hfss_category":"Out of scope or Product not in a legislative category","hfss_score":0,"last_change_date":"2022-09-23T11:46:38.705Z"},{"country":"WLS","restricted":false,"hfss_category":"Out of scope or Product not in a legislative category","hfss_score":0,"last_change_date":"2022-09-23T11:46:38.705Z"},{"country":"NIR","restricted":false,"hfss_category":"Out of scope or Product not in a legislative category","hfss_score":0,"last_change_date":"2022-09-23T11:46:38.705Z"}],"not_for_eu":true,"associations":[],"is_alcoholic":true,"is_spotlight":false,"is_intolerant":false,"is_mhra":false,"badges":[],"labels":[],"zone":null,"department":null,"reviews":{"is_enabled":true,"product_uid":"8083298","total":27,"average_rating":3.963},"breadcrumbs":[],"assets":{"plp_image":"https://assets.sainsburys-groceries.co.uk/gol/8083298/image.jpg","images":[],"video":[]},"description":[],"important_information":["The above details have been prepared to help you select suitable products. Products and their ingredients are liable to change.","\u003cstrong\u003eYou should always read the label before consuming or using the product and never rely solely on the information presented here.","If you require specific advice on any Sainsbury's branded product, please contact our Customer Careline on 0800 636262. For all other products, please contact the manufacturer, whose details will appear on the packaging or label. Sainsbury's is therefore unable to accept liability for any incorrect information.","You should also note that the picture / images show only our serving suggestions of how to serve or prepare your food – all accessories and additional items and/or ingredients pictured with the product you are purchasing are not included.","This information is supplied for your personal use only. It may not be reproduced in any way without the prior consent of Sainsbury's Supermarkets Ltd and due acknowledgement"],"attachments":[],"categories":[{"id":"560358","name":"Budweiser, Corona, Camden \u0026 Stella Artois"},{"id":"12260","name":"World beer"},{"id":"242801","name":"Special offers"},{"id":"275896","name":"World lager"},{"id":"318428","name":"All beer"},{"id":"410356","name":"Special offers"}],"attributes":{"brand":["Corona"]},"is_supply_chain_orderable":false,"display_icons":[],"pdp_deep_link":"/shop/ProductDisplay?storeId=10151\u0026langId=44\u0026productId=1415458"},{"product_uid":"8032236","favourite_uid":null,"eans":["5010153870981"],"product_type":"BASIC","name":"San Miguel Premium Lager Beer Cans 4x568ml","image":"https://www.sainsburys.co.uk/wcsstore/ExtendedSitesCatalogAssetStore/images/catalog/productImages/81/5010153870981/5010153870981_L.jpeg","image_zoom":null,"image_thumbnail":"https://www.sainsburys.co.uk/wcsstore/ExtendedSitesCatalogAssetStore/images/catalog/productImages/81/5010153870981/5010153870981_M.jpeg","image_thumbnail_small":"https://www.sainsburys.co.uk/wcsstore/ExtendedSitesCatalogAssetStore/images/catalog/productImages/81/5010153870981/5010153870981_S.jpeg","full_url":"https://www.sainsburys.co.uk/shop/gb/groceries/product/details/san-miguel-premium-lager-beer-4x568ml","unit_price":{"price":3.08,"measure":"ltr","measure_amount":1},"retail_price":{"price":7,"measure":"unit"},"is_available":true,"promotions":[],"hfss_restriction":[{"country":"ENG","restricted":false,"hfss_category":"Out of scope or Product not in a legislative category","hfss_score":0,"last_change_date":"2022-09-23T11:47:08.505Z"},{"country":"SCT","restricted":false,"hfss_category":"Out of scope or Product not in a legislative category","hfss_score":0,"last_change_date":"2022-09-23T11:47:08.505Z"},{"country":"WLS","restricted":false,"hfss_category":"Out of scope or Product not in a legislative category","hfss_score":0,"last_change_date":"2022-09-23T11:47:08.505Z"},{"country":"NIR","restricted":false,"hfss_category":"Out of scope or Product not in a legislative category","hfss_score":0,"last_change_date":"2022-09-23T11:47:08.505Z"}],"not_for_eu":true,"associations":[],"is_alcoholic":true,"is_spotlight":false,"is_intolerant":false,"is_mhra":false,"badges":[],"labels":[],"zone":null,"department":null,"reviews":{"is_enabled":true,"product_uid":"8032236","total":85,"average_rating":4.4118},"breadcrumbs":[],"assets":{"plp_image":"https://assets.sainsburys-groceries.co.uk/gol/8032236/image.jpg","images":[],"video":[]},"description":[],"important_information":["The above details have been prepared to help you select suitable products. Products and their ingredients are liable to change.","\u003cstrong\u003eYou should always read the label before consuming or using the product and never rely solely on the information presented here.","If you require specific advice on any Sainsbury's branded product, please contact our Customer Careline on 0800 636262. For all other products, please contact the manufacturer, whose details will appear on the packaging or label. Sainsbury's is therefore unable to accept liability for any incorrect information.","You should also note that the picture / images show only our serving suggestions of how to serve or prepare your food – all accessories and additional items and/or ingredients pictured with the product you are purchasing are not included.","This information is supplied for your personal use only. It may not be reproduced in any way without the prior consent of Sainsbury's Supermarkets Ltd and due acknowledgement"],"attachments":[],"categories":[{"id":"565857","name":"San Miguel, Brooklyn, Poretti, Hobgoblin"},{"id":"12260","name":"World beer"},{"id":"278253","name":"All lager"},{"id":"275896","name":"World lager"},{"id":"318428","name":"All beer"}],"attributes":{"brand":["San Miguel"]},"is_supply_chain_orderable":false,"display_icons":[],"pdp_deep_link":"/shop/ProductDisplay?storeId=10151\u0026langId=44\u0026productId=1363216"},{"product_uid":"8133317","favourite_uid":null,"eans":["5060386622826"],"product_type":"BASIC","name":"Beavertown Lazer Crush Alcohol Free IPA 4x330ml","image":"https://www.sainsburys.co.uk/wcsstore/ExtendedSitesCatalogAssetStore/images/catalog/productImages/26/5060386622826/5060386622826_L.jpeg","image_zoom":null,"image_thumbnail":"https://www.sainsburys.co.uk/wcsstore/ExtendedSitesCatalogAssetStore/images/catalog/productImages/26/5060386622826/5060386622826_M.jpeg","image_thumbnail_small":"https://www.sainsburys.co.uk/wcsstore/ExtendedSitesCatalogAssetStore/images/catalog/productImages/26/5060386622826/5060386622826_S.jpeg","full_url":"https://www.sainsburys.co.uk/shop/gb/groceries/product/details/beavertown-lazer-crush-alcohol-free-ipa-4x330ml","unit_price":{"price":4.92,"measure":"ltr","measure_amount":1},"retail_price":{"price":5.25,"measure":"unit"},"nectar_price":{"retail_price":5.25,"unit_price":3.97,"measure":"unit","url":"https://www.sainsburys.co.uk/shop/gb/groceries/new---trending/nectar-prices","category_seo_url":"gb/groceries/new---trending/nectar-prices"},"is_available":true,"promotions":[{"promotion_uid":"10644063","icon":"https://www.sainsburys.co.uk/wcsstore/Sainsburys/Promotion assets/Promotion icons/Buy_X_For_Y_Amt_S_Icon.gif","link":"/shop/PromotionDisplayView?promotionId=10644063\u0026productId=1465406\u0026langId=44\u0026storeId=10151","strap_line":"Buy 1 for 5.25","start_date":"2024-09-17T23:00:00Z","end_date":"2024-10-07T23:00:00Z","original_price":6.5,"promo_mechanic_id":"99","is_nectar":true,"promo_type":"SIMPLE_FIXED_PRICE","promo_group":"simple"}],"hfss_restriction":[{"country":"ENG","restricted":false,"hfss_category":"Out of scope or Product not in a legislative category","hfss_score":0,"last_change_date":"2022-09-23T11:47:12.147Z"},{"country":"SCT","restricted":false,"hfss_category":"Out of scope or Product not in a legislative category","hfss_score":0,"last_change_date":"2022-09-23T11:47:12.147Z"},{"country":"WLS","restricted":false,"hfss_category":"Out of scope or Product not in a legislative category","hfss_score":0,"last_change_date":"2022-09-23T11:47:12.147Z"},{"country":"NIR","restricted":false,"hfss_category":"Out of scope or Product not in a legislative category","hfss_score":0,"last_change_date":"2022-09-23T11:47:12.147Z"}],"not_for_eu":true,"associations":[],"is_alcoholic":true,"is_spotlight":false,"is_intolerant":false,"is_mhra":false,"badges":[],"labels":[],"zone":null,"department":null,"reviews":{"is_enabled":true,"product_uid":"8133317","total":647,"average_rating":4.6662},"breadcrumbs":[],"assets":{"plp_image":"https://assets.sainsburys-groceries.co.uk/gol/8133317/image.jpg","images":[],"video":[]},"description":[],"important_information":["The above details have been prepared to help you select suitable products. Products and their ingredients are liable to change.","\u003cstrong\u003eYou should always read the label before consuming or using the product and never rely solely on the information presented here.","If you require specific advice on any Sainsbury's branded product, please contact our Customer Careline on 0800 636262. For all other products, please contact the manufacturer, whose details will appear on the packaging or label. Sainsbury's is therefore unable to accept liability for any incorrect information.","You should also note that the picture / images show only our serving suggestions of how to serve or prepare your food – all accessories and additional items and/or ingredients pictured with the product you are purchasing are not included.","This information is supplied for your personal use only. It may not be reproduced in any way without the prior consent of Sainsbury's Supermarkets Ltd and due acknowledgement"],"attachments":[],"categories":[{"id":"500353","name":"All low and no alcohol"},{"id":"478380","name":"Bigger packs"},{"id":"12267","name":"Low \u0026 no alcohol beer \u0026 cider"},{"id":"242801","name":"Special offers"},{"id":"318428","name":"All beer"},{"id":"410356","name":"Special offers"},{"id":"424861","name":"Special offers"},{"id":"434877","name":"Special offers"},{"id":"454372","name":"Special offers"},{"id":"458860","name":"Special offers"},{"id":"458391","name":"Low alcohol"},{"id":"461880","name":"Low alcohol"},{"id":"462370","name":"Special offers"},{"id":"463855","name":"All low \u0026 no alcohol"}],"header":{"text":"Nectar price","type":"NECTAR"},"attributes":{"brand":["Beavertown"]},"is_supply_chain_orderable":false,"display_icons":[],"pdp_deep_link":"/shop/ProductDisplay?storeId=10151\u0026langId=44\u0026productId=1465406"},{"product_uid":"8116032","favourite_uid":null,"eans":["5028403155009"],"product_type":"BASIC","name":"St Austell Brewery Tribute Pale Ale 10x440ml","image":"https://www.sainsburys.co.uk/wcsstore/ExtendedSitesCatalogAssetStore/images/catalog/productImages/09/5028403155009/5028403155009_L.jpeg","image_zoom":null,"image_thumbnail":"https://www.sainsburys.co.uk/wcsstore/ExtendedSitesCatalogAssetStore/images/catalog/productImages/09/5028403155009/5028403155009_M.jpeg","image_thumbnail_small":"https://www.sainsburys.co.uk/wcsstore/ExtendedSitesCatalogAssetStore/images/catalog/productImages/09/5028403155009/5028403155009_S.jpeg","full_url":"https://www.sainsburys.co.uk/shop/gb/groceries/product/details/st-austell-brewery-tribute-pale-ale-10x440ml","unit_price":{"price":2.73,"measure":"ltr","measure_amount":1},"retail_price":{"price":10.75,"measure":"unit"},"nectar_price":{"retail_price":10.75,"unit_price":2.45,"measure":"unit","url":"https://www.sainsburys.co.uk/shop/gb/groceries/new---trending/nectar-prices","category_seo_url":"gb/groceries/new---trending/nectar-prices"},"is_available":true,"promotions":[{"promotion_uid":"10644038","icon":"https://www.sainsburys.co.uk/wcsstore/Sainsburys/Promotion assets/Promotion icons/Buy_X_For_Y_Amt_S_Icon.gif","link":"/shop/PromotionDisplayView?promotionId=10644038\u0026productId=1446096\u0026langId=44\u0026storeId=10151","strap_line":"Buy 1 for 10.75","start_date":"2024-09-17T23:00:00Z","end_date":"2024-10-07T23:00:00Z","original_price":12,"promo_mechanic_id":"99","is_nectar":true,"promo_type":"SIMPLE_FIXED_PRICE","promo_group":"simple"}],"hfss_restriction":[{"country":"ENG","restricted":false,"hfss_category":"Out of scope or Product not in a legislative category","hfss_score":0,"last_change_date":"2022-09-23T11:47:01.688Z"},{"country":"SCT","restricted":false,"hfss_category":"Out of scope or Product not in a legislative category","hfss_score":0,"last_change_date":"2022-09-23T11:47:01.688Z"},{"country":"WLS","restricted":false,"hfss_category":"Out of scope or Product not in a legislative category","hfss_score":0,"last_change_date":"2022-09-23T11:47:01.688Z"},{"country":"NIR","restricted":false,"hfss_category":"Out of scope or Product not in a legislative category","hfss_score":0,"last_change_date":"2022-09-23T11:47:01.688Z"}],"associations":[],"is_alcoholic":true,"is_spotlight":false,"is_intolerant":false,"is_mhra":false,"badges":[],"labels":[],"zone":null,"department":null,"reviews":{"is_enabled":true,"product_uid":"8116032","total":6,"average_rating":4.3333},"breadcrumbs":[],"assets":{"plp_image":"https://assets.sainsburys-groceries.co.uk/gol/8116032/image.jpg","images":[],"video":[]},"description":[],"important_information":["The above details have been prepared to help you select suitable products. Products and their ingredients are liable to change.","\u003cstrong\u003eYou should always read the label before consuming or using the product and never rely solely on the information presented here.","If you require specific advice on any Sainsbury's branded product, please contact our Customer Careline on 0800 636262. For all other products, please contact the manufacturer, whose details will appear on the packaging or label. Sainsbury's is therefore unable to accept liability for any incorrect information.","You should also note that the picture / images show only our serving suggestions of how to serve or prepare your food – all accessories and additional items and/or ingredients pictured with the product you are purchasing are not included.","This information is supplied for your personal use only. It may not be reproduced in any way without the prior consent of Sainsbury's Supermarkets Ltd and due acknowledgement"],"attachments":[],"categories":[{"id":"506355","name":"Ale \u0026 stout"},{"id":"242801","name":"Special offers"},{"id":"318428","name":"All beer"},{"id":"410356","name":"Special offers"},{"id":"454372","name":"Special offers"},{"id":"462352","name":"Special offers"},{"id":"462852","name":"All vegan"}],"header":{"text":"Nectar price","type":"NECTAR"},"attributes":{"brand":["St Austell Brewery\n"]},"is_supply_chain_orderable":false,"display_icons":[],"pdp_deep_link":"/shop/ProductDisplay?storeId=10151\u0026langId=44\u0026productId=1446096"},{"product_uid":"8058092","favourite_uid":null,"eans":["5060140900122"],"product_type":"BASIC","name":"Purity Brewing Company Mad Goose Premium Pale Ale 500ml","image":"https://www.sainsburys.co.uk/wcsstore/ExtendedSitesCatalogAssetStore/images/catalog/productImages/22/5060140900122/5060140900122_L.jpeg","image_zoom":null,"image_thumbnail":"https://www.sainsburys.co.uk/wcsstore/ExtendedSitesCatalogAssetStore/images/catalog/productImages/22/5060140900122/5060140900122_M.jpeg","image_thumbnail_small":"https://www.sainsburys.co.uk/wcsstore/ExtendedSitesCatalogAssetStore/images/catalog/productImages/22/5060140900122/5060140900122_S.jpeg","full_url":"https://www.sainsburys.co.uk/shop/gb/groceries/product/details/purity-brewing-company-mad-goose-premium-pale-ale-500ml","unit_price":{"price":4.2,"measure":"ltr","measure_amount":1},"retail_price":{"price":2.1,"measure":"unit"},"is_available":true,"promotions":[{"promotion_uid":"10650144","icon":"https://www.sainsburys.co.uk/wcsstore/Sainsburys/Promotion assets/Promotion icons/Buy_X_For_Y_Amt_S_Icon.gif","link":"/shop/PromotionDisplayView?promotionId=10650144\u0026productId=1392060\u0026langId=44\u0026storeId=10151","strap_line":"Buy any 4 for £7.00 with Nectar","start_date":"2024-09-17T23:00:00Z","end_date":"2024-11-15T00:00:00Z","original_price":0,"promo_mechanic_id":"14","is_nectar":true,"promo_type":"MULTIBUY_BUY_X_OF_VARIABLE_PRICE_FOR_Y","promo_group":"multi_buy"}],"hfss_restriction":[{"country":"ENG","restricted":false,"hfss_category":"Out of scope or Product not in a legislative category","hfss_score":0,"last_change_date":"2023-07-19T08:20:10Z"},{"country":"SCT","restricted":false,"hfss_category":"Out of scope or Product not in a legislative category","hfss_score":0,"last_change_date":"2023-07-19T08:20:10Z"},{"country":"WLS","restricted":false,"hfss_category":"Out of scope or Product not in a legislative category","hfss_score":0,"last_change_date":"2023-07-19T08:20:10Z"},{"country":"NIR","restricted":false,"hfss_category":"Out of scope or Product not in a legislative category","hfss_score":0,"last_change_date":"2023-07-19T08:20:10Z"}],"associations":[],"is_alcoholic":true,"is_spotlight":false,"is_intolerant":false,"is_mhra":false,"badges":[],"labels":[],"zone":null,"department":null,"reviews":{"is_enabled":true,"product_uid":"8058092","total":1,"average_rating":5},"breadcrumbs":[],"assets":{"plp_image":"https://assets.sainsburys-groceries.co.uk/gol/8058092/image.jpg","images":[],"video":[]},"description":[],"important_information":["The above details have been prepared to help you select suitable products. Products and their ingredients are liable to change.","\u003cstrong\u003eYou should always read the label before consuming or using the product and never rely solely on the information presented here.","If you require specific advice on any Sainsbury's branded product, please contact our Customer Careline on 0800 636262. For all other products, please contact the manufacturer, whose details will appear on the packaging or label. Sainsbury's is therefore unable to accept liability for any incorrect information.","You should also note that the picture / images show only our serving suggestions of how to serve or prepare your food – all accessories and additional items and/or ingredients pictured with the product you are purchasing are not included.","This information is supplied for your personal use only. It may not be reproduced in any way without the prior consent of Sainsbury's Supermarkets Ltd and due acknowledgement"],"attachments":[],"categories":[{"id":"506355","name":"Ale \u0026 stout"},{"id":"242801","name":"Special offers"},{"id":"318428","name":"All beer"},{"id":"410356","name":"Special offers"}],"attributes":{"brand":["Purity Brewing Company"]},"is_supply_chain_orderable":false,"display_icons":[],"pdp_deep_link":"/shop/ProductDisplay?storeId=10151\u0026langId=44\u0026productId=1392060"},{"product_uid":"8134147","favourite_uid":null,"eans":["5014379017137"],"product_type":"BASIC","name":"Stella Artois Unfiltered Premium Lager Beer Bottle 620ml","image":"https://www.sainsburys.co.uk/wcsstore/ExtendedSitesCatalogAssetStore/images/catalog/productImages/37/5014379017137/5014379017137_L.jpeg","image_zoom":null,"image_thumbnail":"https://www.sainsburys.co.uk/wcsstore/ExtendedSitesCatalogAssetStore/images/catalog/productImages/37/5014379017137/5014379017137_M.jpeg","image_thumbnail_small":"https://www.sainsburys.co.uk/wcsstore/ExtendedSitesCatalogAssetStore/images/catalog/productImages/37/5014379017137/5014379017137_S.jpeg","full_url":"https://www.sainsburys.co.uk/shop/gb/groceries/product/details/stella-artois-belgium-unfiltered-premium-lager-beer-620ml","unit_price":{"price":4.03,"measure":"ltr","measure_amount":1},"retail_price":{"price":2.5,"measure":"unit"},"is_available":true,"promotions":[{"promotion_uid":"10650156","icon":"https://www.sainsburys.co.uk/wcsstore/Sainsburys/Promotion assets/Promotion icons/Buy_X_For_Y_Amt_S_Icon.gif","link":"/shop/PromotionDisplayView?promotionId=10650156\u0026productId=1466926\u0026langId=44\u0026storeId=10151","strap_line":"Buy any 3 for £6.00 with Nectar","start_date":"2024-09-17T23:00:00Z","end_date":"2024-11-15T00:00:00Z","original_price":0,"promo_mechanic_id":"14","is_nectar":true,"promo_type":"MULTIBUY_BUY_X_OF_VARIABLE_PRICE_FOR_Y","promo_group":"multi_buy"}],"hfss_restriction":[{"country":"ENG","restricted":false,"hfss_category":"Out of scope or Product not in a legislative category","hfss_score":0,"last_change_date":"2022-11-10T22:37:54Z"},{"country":"SCT","restricted":false,"hfss_category":"Out of scope or Product not in a legislative category","hfss_score":0,"last_change_date":"2022-11-10T22:37:54Z"},{"country":"WLS","restricted":false,"hfss_category":"Out of scope or Product not in a legislative category","hfss_score":0,"last_change_date":"2022-11-10T22:37:54Z"},{"country":"NIR","restricted":false,"hfss_category":"Out of scope or Product not in a legislative category","hfss_score":0,"last_change_date":"2022-11-10T22:37:54Z"}],"not_for_eu":true,"associations":[],"is_alcoholic":true,"is_spotlight":false,"is_intolerant":false,"is_mhra":false,"badges":[],"labels":[],"zone":null,"department":null,"reviews":{"is_enabled":true,"product_uid":"8134147","total":3,"average_rating":5},"breadcrumbs":[],"assets":{"plp_image":"https://assets.sainsburys-groceries.co.uk/gol/8134147/image.jpg","images":[],"video":[]},"description":[],"important_information":["The above details have been prepared to help you select suitable products. Products and their ingredients are liable to change.","\u003cstrong\u003eYou should always read the label before consuming or using the product and never rely solely on the information presented here.","If you require specific advice on any Sainsbury's branded product, please contact our Customer Careline on 0800 636262. For all other products, please contact the manufacturer, whose details will appear on the packaging or label. Sainsbury's is therefore unable to accept liability for any incorrect information.","You should also note that the picture / images show only our serving suggestions of how to serve or prepare your food – all accessories and additional items and/or ingredients pictured with the product you are purchasing are not included.","This information is supplied for your personal use only. It may not be reproduced in any way without the prior consent of Sainsbury's Supermarkets Ltd and due acknowledgement"],"attachments":[],"categories":[{"id":"560358","name":"Budweiser, Corona, Camden \u0026 Stella Artois"},{"id":"242801","name":"Special offers"},{"id":"278253","name":"All lager"},{"id":"275896","name":"World lager"},{"id":"275897","name":"Single bottles"},{"id":"318428","name":"All beer"},{"id":"410356","name":"Special offers"}],"attributes":{"brand":["Stella Artois"]},"is_supply_chain_orderable":false,"display_icons":[],"pdp_deep_link":"/shop/ProductDisplay?storeId=10151\u0026langId=44\u0026productId=1466926"},{"product_uid":"8159652","favourite_uid":null,"eans":["5010153872404"],"product_type":"BASIC","name":"Hobgoblin Ruby Ale Beer Pint Can 4x568ml","image":"https://www.sainsburys.co.uk/wcsstore/ExtendedSitesCatalogAssetStore/images/catalog/productImages/04/5010153872404/5010153872404_L.jpeg","image_zoom":null,"image_thumbnail":"https://www.sainsburys.co.uk/wcsstore/ExtendedSitesCatalogAssetStore/images/catalog/productImages/04/5010153872404/5010153872404_M.jpeg","image_thumbnail_small":"https://www.sainsburys.co.uk/wcsstore/ExtendedSitesCatalogAssetStore/images/catalog/productImages/04/5010153872404/5010153872404_S.jpeg","full_url":"https://www.sainsburys.co.uk/shop/gb/groceries/product/details/hobgoblin-ruby-beer-x4-568ml","unit_price":{"price":2.64,"measure":"ltr","measure_amount":1},"retail_price":{"price":6,"measure":"unit"},"is_available":true,"promotions":[],"hfss_restriction":[{"country":"ENG","restricted":false,"hfss_category":"Out of scope or Product not in a legislative category","hfss_score":0,"last_change_date":"2023-04-06T20:05:01Z"},{"country":"SCT","restricted":false,"hfss_category":"Out of scope or Product not in a legislative category","hfss_score":0,"last_change_date":"2023-04-06T20:05:01Z"},{"country":"WLS","restricted":false,"hfss_category":"Out of scope or Product not in a legislative category","hfss_score":0,"last_change_date":"2023-04-06T20:05:01Z"},{"country":"NIR","restricted":false,"hfss_category":"Out of scope or Product not in a legislative category","hfss_score":0,"last_change_date":"2023-04-06T20:05:01Z"}],"associations":[],"is_alcoholic":true,"is_spotlight":false,"is_intolerant":false,"is_mhra":false,"badges":[],"labels":[],"zone":null,"department":null,"reviews":{"is_enabled":true,"product_uid":"8159652","total":26,"average_rating":4.6538},"breadcrumbs":[],"assets":{"plp_image":"https://assets.sainsburys-groceries.co.uk/gol/8159652/image.jpg","images":[],"video":[]},"description":[],"important_information":["The above details have been prepared to help you select suitable products. Products and their ingredients are liable to change.","\u003cstrong\u003eYou should always read the label before consuming or using the product and never rely solely on the information presented here.","If you require specific advice on any Sainsbury's branded product, please contact our Customer Careline on 0800 636262. For all other products, please contact the manufacturer, whose details will appear on the packaging or label. Sainsbury's is therefore unable to accept liability for any incorrect information.","You should also note that the picture / images show only our serving suggestions of how to serve or prepare your food – all accessories and additional items and/or ingredients pictured with the product you are purchasing are not included.","This information is supplied for your personal use only. It may not be reproduced in any way without the prior consent of Sainsbury's Supermarkets Ltd and due acknowledgement"],"attachments":[],"categories":[{"id":"594857","name":"Drinks \u0026 cocktails"},{"id":"478380","name":"Bigger packs"},{"id":"565857","name":"San Miguel, Brooklyn, Poretti, Hobgoblin"},{"id":"537364","name":"Drinks \u0026 cocktails"},{"id":"506355","name":"Ale \u0026 stout"},{"id":"242801","name":"Special offers"},{"id":"318428","name":"All beer"},{"id":"337357","name":"All Halloween"},{"id":"337378","name":"Halloween Party"},{"id":"410356","name":"Special offers"},{"id":"454358","name":"Special offers"}],"attributes":{"brand":["Hobgoblin"]},"is_supply_chain_orderable":false,"display_icons":[],"pdp_deep_link":"/shop/ProductDisplay?storeId=10151\u0026langId=44\u0026productId=1491196"},{"product_uid":"8159654","favourite_uid":null,"eans":["5010153872398"],"product_type":"BASIC","name":"Hobgoblin Gold Ale Beer Pint Can 4x568ml","image":"https://www.sainsburys.co.uk/wcsstore/ExtendedSitesCatalogAssetStore/images/catalog/productImages/98/5010153872398/5010153872398_L.jpeg","image_zoom":null,"image_thumbnail":"https://www.sainsburys.co.uk/wcsstore/ExtendedSitesCatalogAssetStore/images/catalog/productImages/98/5010153872398/5010153872398_M.jpeg","image_thumbnail_small":"https://www.sainsburys.co.uk/wcsstore/ExtendedSitesCatalogAssetStore/images/catalog/productImages/98/5010153872398/5010153872398_S.jpeg","full_url":"https://www.sainsburys.co.uk/shop/gb/groceries/product/details/hobgoblin-gold-beer-x4-568ml","unit_price":{"price":2.64,"measure":"ltr","measure_amount":1},"retail_price":{"price":5.5,"measure":"unit"},"nectar_price":{"retail_price":5.5,"unit_price":2.42,"measure":"unit","url":"https://www.sainsburys.co.uk/shop/gb/groceries/new---trending/nectar-prices","category_seo_url":"gb/groceries/new---trending/nectar-prices"},"is_available":true,"promotions":[{"promotion_uid":"10649378","icon":"https://www.sainsburys.co.uk/wcsstore/Sainsburys/Promotion assets/Promotion icons/Buy_X_For_Y_Amt_S_Icon.gif","link":"/shop/PromotionDisplayView?promotionId=10649378\u0026productId=1491198\u0026langId=44\u0026storeId=10151","strap_line":"Buy 1 for 5.5","start_date":"2024-09-17T23:00:00Z","end_date":"2024-10-07T23:00:00Z","original_price":6,"promo_mechanic_id":"99","is_nectar":true,"promo_type":"SIMPLE_FIXED_PRICE","promo_group":"simple"}],"hfss_restriction":[{"country":"ENG","restricted":false,"hfss_category":"Out of scope or Product not in a legislative category","hfss_score":0,"last_change_date":"2023-04-06T20:10:02Z"},{"country":"SCT","restricted":false,"hfss_category":"Out of scope or Product not in a legislative category","hfss_score":0,"last_change_date":"2023-04-06T20:10:02Z"},{"country":"WLS","restricted":false,"hfss_category":"Out of scope or Product not in a legislative category","hfss_score":0,"last_change_date":"2023-04-06T20:10:02Z"},{"country":"NIR","restricted":false,"hfss_category":"Out of scope or Product not in a legislative category","hfss_score":0,"last_change_date":"2023-04-06T20:10:02Z"}],"associations":[],"is_alcoholic":true,"is_spotlight":false,"is_intolerant":false,"is_mhra":false,"badges":[],"labels":[],"zone":null,"department":null,"reviews":{"is_enabled":true,"product_uid":"8159654","total":13,"average_rating":4.6154},"breadcrumbs":[],"assets":{"plp_image":"https://assets.sainsburys-groceries.co.uk/gol/8159654/image.jpg","images":[],"video":[]},"description":[],"important_information":["The above details have been prepared to help you select suitable products. Products and their ingredients are liable to change.","\u003cstrong\u003eYou should always read the label before consuming or using the product and never rely solely on the information presented here.","If you require specific advice on any Sainsbury's branded product, please contact our Customer Careline on 0800 636262. For all other products, please contact the manufacturer, whose details will appear on the packaging or label. Sainsbury's is therefore unable to accept liability for any incorrect information.","You should also note that the picture / images show only our serving suggestions of how to serve or prepare your food – all accessories and additional items and/or ingredients pictured with the product you are purchasing are not included.","This information is supplied for your personal use only. It may not be reproduced in any way without the prior consent of Sainsbury's Supermarkets Ltd and due acknowledgement"],"attachments":[],"categories":[{"id":"478380","name":"Bigger packs"},{"id":"565857","name":"San Miguel, Brooklyn, Poretti, Hobgoblin"},{"id":"506355","name":"Ale \u0026 stout"},{"id":"242801","name":"Special offers"},{"id":"318428","name":"All beer"},{"id":"410356","name":"Special offers"}],"header":{"text":"Nectar price","type":"NECTAR"},"attributes":{"brand":["Hobgoblin"]},"is_supply_chain_orderable":false,"display_icons":[],"pdp_deep_link":"/shop/ProductDisplay?storeId=10151\u0026langId=44\u0026productId=1491198"},{"product_uid":"8116016","favourite_uid":null,"eans":["5014379017106"],"product_type":"BASIC","name":"Stella Artois Unfiltered Premium Lager Beer Bottles 4x330ml","image":"https://www.sainsburys.co.uk/wcsstore/ExtendedSitesCatalogAssetStore/images/catalog/productImages/06/5014379017106/5014379017106_L.jpeg","image_zoom":null,"image_thumbnail":"https://www.sainsburys.co.uk/wcsstore/ExtendedSitesCatalogAssetStore/images/catalog/productImages/06/5014379017106/5014379017106_M.jpeg","image_thumbnail_small":"https://www.sainsburys.co.uk/wcsstore/ExtendedSitesCatalogAssetStore/images/catalog/productImages/06/5014379017106/5014379017106_S.jpeg","full_url":"https://www.sainsburys.co.uk/shop/gb/groceries/product/details/stella-artois-unfiltered-bottles-4x330ml","unit_price":{"price":4.17,"measure":"ltr","measure_amount":1},"retail_price":{"price":5.5,"measure":"unit"},"is_available":true,"promotions":[{"promotion_uid":"10649734","icon":"https://www.sainsburys.co.uk/wcsstore/Sainsburys/Promotion assets/Promotion icons/Meal_Deal_For_X_Amt_S_Icon.gif","link":"/gol-ui/meal-deal/10649734","strap_line":"Meal Deal for £12.00","start_date":"2024-09-17T23:00:00Z","end_date":"2024-09-23T23:00:00Z","original_price":0,"promo_mechanic_id":"23","is_nectar":false,"promo_type":"MEAL_MULTI_DEAL_FOR_X","promo_group":"meal_deal"}],"hfss_restriction":[{"country":"ENG","restricted":false,"hfss_category":"Out of scope or Product not in a legislative category","hfss_score":0,"last_change_date":"2022-09-23T11:47:01.449Z"},{"country":"SCT","restricted":false,"hfss_category":"Out of scope or Product not in a legislative category","hfss_score":0,"last_change_date":"2022-09-23T11:47:01.449Z"},{"country":"WLS","restricted":false,"hfss_category":"Out of scope or Product not in a legislative category","hfss_score":0,"last_change_date":"2022-09-23T11:47:01.449Z"},{"country":"NIR","restricted":false,"hfss_category":"Out of scope or Product not in a legislative category","hfss_score":0,"last_change_date":"2022-09-23T11:47:01.449Z"}],"associations":[],"is_alcoholic":true,"is_spotlight":false,"is_intolerant":false,"is_mhra":false,"badges":[],"labels":[],"zone":null,"department":null,"reviews":{"is_enabled":true,"product_uid":"8116016","total":10,"average_rating":4.7},"breadcrumbs":[],"assets":{"plp_image":"https://assets.sainsburys-groceries.co.uk/gol/8116016/image.jpg","images":[],"video":[]},"description":[],"important_information":["The above details have been prepared to help you select suitable products. Products and their ingredients are liable to change.","\u003cstrong\u003eYou should always read the label before consuming or using the product and never rely solely on the information presented here.","If you require specific advice on any Sainsbury's branded product, please contact our Customer Careline on 0800 636262. For all other products, please contact the manufacturer, whose details will appear on the packaging or label. Sainsbury's is therefore unable to accept liability for any incorrect information.","You should also note that the picture / images show only our serving suggestions of how to serve or prepare your food – all accessories and additional items and/or ingredients pictured with the product you are purchasing are not included.","This information is supplied for your personal use only. It may not be reproduced in any way without the prior consent of Sainsbury's Supermarkets Ltd and due acknowledgement"],"attachments":[],"categories":[{"id":"578354","name":"Taste the Difference Dine in for £12 (valid for deliveries from 10th April)"},{"id":"560358","name":"Budweiser, Corona, Camden \u0026 Stella Artois"},{"id":"242801","name":"Special offers"},{"id":"278253","name":"All lager"},{"id":"275894","name":"Multipack lager"},{"id":"275896","name":"World lager"},{"id":"318428","name":"All beer"},{"id":"410356","name":"Special offers"},{"id":"410378","name":"Special offers"}],"attributes":{"brand":["Stella Artois"]},"is_supply_chain_orderable":false,"display_icons":[],"pdp_deep_link":"/shop/ProductDisplay?storeId=10151\u0026langId=44\u0026productId=1445926"},{"product_uid":"8031119","favourite_uid":null,"eans":["5056025426108"],"product_type":"BASIC","name":"BrewDog Double Hazy 440ml","image":"https://www.sainsburys.co.uk/wcsstore/ExtendedSitesCatalogAssetStore/images/catalog/productImages/08/5056025426108/5056025426108_L.jpeg","image_zoom":null,"image_thumbnail":"https://www.sainsburys.co.uk/wcsstore/ExtendedSitesCatalogAssetStore/images/catalog/productImages/08/5056025426108/5056025426108_M.jpeg","image_thumbnail_small":"https://www.sainsburys.co.uk/wcsstore/ExtendedSitesCatalogAssetStore/images/catalog/productImages/08/5056025426108/5056025426108_S.jpeg","full_url":"https://www.sainsburys.co.uk/shop/gb/groceries/product/details/brewdog-double-hazy-440ml","unit_price":{"price":8.52,"measure":"ltr","measure_amount":1},"retail_price":{"price":3.75,"measure":"unit"},"is_available":true,"promotions":[{"promotion_uid":"10650261","icon":"https://www.sainsburys.co.uk/wcsstore/Sainsburys/Promotion assets/Promotion icons/Buy_X_Get_Y_Chepeast_Free_S_Icon.gif","link":"/shop/PromotionDisplayView?promotionId=10650261\u0026productId=1362140\u0026langId=44\u0026storeId=10151","strap_line":"Buy 4 get 1 cheapest free with Nectar","start_date":"2024-09-17T23:00:00Z","end_date":"2024-11-15T00:00:00Z","original_price":0,"promo_mechanic_id":"22","is_nectar":true,"promo_type":"MULTIBUY_BUY_X_GET_Y_CHEAPEST_FREE","promo_group":"multi_buy"}],"hfss_restriction":[{"country":"ENG","restricted":false,"hfss_category":"Out of scope or Product not in a legislative category","hfss_score":0,"last_change_date":"2022-09-23T11:46:20.379Z"},{"country":"SCT","restricted":false,"hfss_category":"Out of scope or Product not in a legislative category","hfss_score":0,"last_change_date":"2022-09-23T11:46:20.379Z"},{"country":"WLS","restricted":false,"hfss_category":"Out of scope or Product not in a legislative category","hfss_score":0,"last_change_date":"2022-09-23T11:46:20.379Z"},{"country":"NIR","restricted":false,"hfss_category":"Out of scope or Product not in a legislative category","hfss_score":0,"last_change_date":"2022-09-23T11:46:20.379Z"}],"not_for_eu":true,"associations":[],"is_alcoholic":true,"is_spotlight":false,"is_intolerant":false,"is_mhra":false,"badges":[],"labels":[],"zone":null,"department":null,"reviews":{"is_enabled":true,"product_uid":"8031119","total":1,"average_rating":3},"breadcrumbs":[],"assets":{"plp_image":"https://assets.sainsburys-groceries.co.uk/gol/8031119/image.jpg","images":[],"video":[]},"description":[],"important_information":["The above details have been prepared to help you select suitable products. Products and their ingredients are liable to change.","\u003cstrong\u003eYou should always read the label before consuming or using the product and never rely solely on the information presented here.","If you require specific advice on any Sainsbury's branded product, please contact our Customer Careline on 0800 636262. For all other products, please contact the manufacturer, whose details will appear on the packaging or label. Sainsbury's is therefore unable to accept liability for any incorrect information.","You should also note that the picture / images show only our serving suggestions of how to serve or prepare your food – all accessories and additional items and/or ingredients pictured with the product you are purchasing are not included.","This information is supplied for your personal use only. It may not be reproduced in any way without the prior consent of Sainsbury's Supermarkets Ltd and due acknowledgement"],"attachments":[],"categories":[{"id":"506356","name":"Craft beer"},{"id":"242801","name":"Special offers"},{"id":"318428","name":"All beer"},{"id":"410356","name":"Special offers"}],"attributes":{"brand":["BrewDog"]},"is_supply_chain_orderable":false,"display_icons":[],"pdp_deep_link":"/shop/ProductDisplay?storeId=10151\u0026langId=44\u0026productId=1362140"},{"product_uid":"8080469","favourite_uid":null,"eans":["8716700019403","8716700018437"],"product_type":"BASIC","name":"Grolsch Premium Pilsner Beer Lager Cans 4x440ml","image":"https://www.sainsburys.co.uk/wcsstore/ExtendedSitesCatalogAssetStore/images/catalog/productImages/03/8716700019403/8716700019403_L.jpeg","image_zoom":null,"image_thumbnail":"https://www.sainsburys.co.uk/wcsstore/ExtendedSitesCatalogAssetStore/images/catalog/productImages/03/8716700019403/8716700019403_M.jpeg","image_thumbnail_small":"https://www.sainsburys.co.uk/wcsstore/ExtendedSitesCatalogAssetStore/images/catalog/productImages/03/8716700019403/8716700019403_S.jpeg","full_url":"https://www.sainsburys.co.uk/shop/gb/groceries/product/details/grolsch-premium-pilsner-beer-4x440ml","unit_price":{"price":2.27,"measure":"ltr","measure_amount":1},"retail_price":{"price":4,"measure":"unit"},"is_available":true,"promotions":[],"hfss_restriction":[{"country":"ENG","restricted":false,"hfss_category":"Out of scope or Product not in a legislative category","hfss_score":0,"last_change_date":"2022-09-23T11:46:25.483Z"},{"country":"SCT","restricted":false,"hfss_category":"Out of scope or Product not in a legislative category","hfss_score":0,"last_change_date":"2022-09-23T11:46:25.483Z"},{"country":"WLS","restricted":false,"hfss_category":"Out of scope or Product not in a legislative category","hfss_score":0,"last_change_date":"2022-09-23T11:46:25.483Z"},{"country":"NIR","restricted":false,"hfss_category":"Out of scope or Product not in a legislative category","hfss_score":0,"last_change_date":"2022-09-23T11:46:25.483Z"}],"not_for_eu":true,"associations":[],"is_alcoholic":true,"is_spotlight":false,"is_intolerant":false,"is_mhra":false,"badges":[],"labels":[{"label_uid":"LOW EVERYDAY PRICE","text":"LOW EVERYDAY PRICE","alt_text":"LOW EVERYDAY PRICE","color":"#D70000","link_opens_in_new_window":false}],"zone":null,"department":null,"reviews":{"is_enabled":true,"product_uid":"8080469","total":8,"average_rating":2.75},"breadcrumbs":[],"assets":{"plp_image":"https://assets.sainsburys-groceries.co.uk/gol/8080469/image.jpg","images":[],"video":[]},"description":[],"important_information":["The above details have been prepared to help you select suitable products. Products and their ingredients are liable to change.","\u003cstrong\u003eYou should always read the label before consuming or using the product and never rely solely on the information presented here.","If you require specific advice on any Sainsbury's branded product, please contact our Customer Careline on 0800 636262. For all other products, please contact the manufacturer, whose details will appear on the packaging or label. Sainsbury's is therefore unable to accept liability for any incorrect information.","You should also note that the picture / images show only our serving suggestions of how to serve or prepare your food – all accessories and additional items and/or ingredients pictured with the product you are purchasing are not included.","This information is supplied for your personal use only. It may not be reproduced in any way without the prior consent of Sainsbury's Supermarkets Ltd and due acknowledgement"],"attachments":[],"categories":[{"id":"607853","name":"Low everyday prices"},{"id":"278253","name":"All lager"},{"id":"275894","name":"Multipack lager"},{"id":"318428","name":"All beer"}],"attributes":{"brand":["Grolsch"]},"is_supply_chain_orderable":false,"display_icons":["LOW EVERYDAY PRICE"],"pdp_deep_link":"/shop/ProductDisplay?storeId=10151\u0026langId=44\u0026productId=1413396"},{"product_uid":"8131085","favourite_uid":null,"eans":["5410228316756","5410228203582","5014379023114"],"product_type":"BASIC","name":"Leffe Blonde Abbey Beer Bottles 12x330ml","image":"https://www.sainsburys.co.uk/wcsstore/ExtendedSitesCatalogAssetStore/images/catalog/productImages/14/5014379023114/5014379023114_L.jpeg","image_zoom":null,"image_thumbnail":"https://www.sainsburys.co.uk/wcsstore/ExtendedSitesCatalogAssetStore/images/catalog/productImages/14/5014379023114/5014379023114_M.jpeg","image_thumbnail_small":"https://www.sainsburys.co.uk/wcsstore/ExtendedSitesCatalogAssetStore/images/catalog/productImages/14/5014379023114/5014379023114_S.jpeg","full_url":"https://www.sainsburys.co.uk/shop/gb/groceries/product/details/leffe-blonde-12x330ml","unit_price":{"price":4.23,"measure":"ltr","measure_amount":1},"retail_price":{"price":16.75,"measure":"unit"},"is_available":true,"promotions":[],"hfss_restriction":[{"country":"ENG","restricted":false,"hfss_category":"Out of scope or Product not in a legislative category","hfss_score":0,"last_change_date":"2022-09-26T13:40:31.060Z"},{"country":"SCT","restricted":false,"hfss_category":"Out of scope or Product not in a legislative category","hfss_score":0,"last_change_date":"2022-09-26T13:40:31.060Z"},{"country":"WLS","restricted":false,"hfss_category":"Out of scope or Product not in a legislative category","hfss_score":0,"last_change_date":"2022-09-26T13:40:31.060Z"},{"country":"NIR","restricted":false,"hfss_category":"Out of scope or Product not in a legislative category","hfss_score":0,"last_change_date":"2022-09-26T13:40:31.060Z"}],"not_for_eu":true,"associations":[],"is_alcoholic":true,"is_spotlight":false,"is_intolerant":false,"is_mhra":false,"badges":[],"labels":[],"zone":null,"department":null,"reviews":{"is_enabled":true,"product_uid":"8131085","total":5,"average_rating":5},"breadcrumbs":[],"assets":{"plp_image":"https://assets.sainsburys-groceries.co.uk/gol/8131085/image.jpg","images":[],"video":[]},"description":[],"important_information":["The above details have been prepared to help you select suitable products. Products and their ingredients are liable to change.","\u003cstrong\u003eYou should always read the label before consuming or using the product and never rely solely on the information presented here.","If you require specific advice on any Sainsbury's branded product, please contact our Customer Careline on 0800 636262. For all other products, please contact the manufacturer, whose details will appear on the packaging or label. Sainsbury's is therefore unable to accept liability for any incorrect information.","You should also note that the picture / images show only our serving suggestions of how to serve or prepare your food – all accessories and additional items and/or ingredients pictured with the product you are purchasing are not included.","This information is supplied for your personal use only. It may not be reproduced in any way without the prior consent of Sainsbury's Supermarkets Ltd and due acknowledgement"],"attachments":[],"categories":[{"id":"478380","name":"Bigger packs"},{"id":"610861","name":"Father's Day"},{"id":"506356","name":"Craft beer"},{"id":"242801","name":"Special offers"},{"id":"318428","name":"All beer"},{"id":"410356","name":"Special offers"}],"attributes":{"brand":["Leffe"]},"is_supply_chain_orderable":false,"display_icons":[],"pdp_deep_link":"/shop/ProductDisplay?storeId=10151\u0026langId=44\u0026productId=1463466"},{"product_uid":"8064879","favourite_uid":null,"eans":["5060075775161"],"product_type":"BASIC","name":"Titanic Brewery Plum Porter 500ml","image":"https://www.sainsburys.co.uk/wcsstore/ExtendedSitesCatalogAssetStore/images/catalog/productImages/61/5060075775161/5060075775161_L.jpeg","image_zoom":null,"image_thumbnail":"https://www.sainsburys.co.uk/wcsstore/ExtendedSitesCatalogAssetStore/images/catalog/productImages/61/5060075775161/5060075775161_M.jpeg","image_thumbnail_small":"https://www.sainsburys.co.uk/wcsstore/ExtendedSitesCatalogAssetStore/images/catalog/productImages/61/5060075775161/5060075775161_S.jpeg","full_url":"https://www.sainsburys.co.uk/shop/gb/groceries/product/details/titanic-brewery-plum-porter-500ml","unit_price":{"price":3.9,"measure":"ltr","measure_amount":1},"retail_price":{"price":1.95,"measure":"unit"},"is_available":true,"promotions":[{"promotion_uid":"10650144","icon":"https://www.sainsburys.co.uk/wcsstore/Sainsburys/Promotion assets/Promotion icons/Buy_X_For_Y_Amt_S_Icon.gif","link":"/shop/PromotionDisplayView?promotionId=10650144\u0026productId=1399442\u0026langId=44\u0026storeId=10151","strap_line":"Buy any 4 for £7.00 with Nectar","start_date":"2024-09-17T23:00:00Z","end_date":"2024-11-15T00:00:00Z","original_price":0,"promo_mechanic_id":"14","is_nectar":true,"promo_type":"MULTIBUY_BUY_X_OF_VARIABLE_PRICE_FOR_Y","promo_group":"multi_buy"}],"hfss_restriction":[{"country":"ENG","restricted":false,"hfss_category":"Out of scope or Product not in a legislative category","hfss_score":0,"last_change_date":"2022-09-23T11:46:20.724Z"},{"country":"SCT","restricted":false,"hfss_category":"Out of scope or Product not in a legislative category","hfss_score":0,"last_change_date":"2022-09-23T11:46:20.724Z"},{"country":"WLS","restricted":false,"hfss_category":"Out of scope or Product not in a legislative category","hfss_score":0,"last_change_date":"2022-09-23T11:46:20.724Z"},{"country":"NIR","restricted":false,"hfss_category":"Out of scope or Product not in a legislative category","hfss_score":0,"last_change_date":"2022-09-23T11:46:20.724Z"}],"associations":[],"is_alcoholic":true,"is_spotlight":false,"is_intolerant":false,"is_mhra":false,"badges":[],"labels":[],"zone":null,"department":null,"reviews":{"is_enabled":true,"product_uid":"8064879","total":3,"average_rating":5},"breadcrumbs":[],"assets":{"plp_image":"https://assets.sainsburys-groceries.co.uk/gol/8064879/image.jpg","images":[],"video":[]},"description":[],"important_information":["The above details have been prepared to help you select suitable products. Products and their ingredients are liable to change.","\u003cstrong\u003eYou should always read the label before consuming or using the product and never rely solely on the information presented here.","If you require specific advice on any Sainsbury's branded product, please contact our Customer Careline on 0800 636262. For all other products, please contact the manufacturer, whose details will appear on the packaging or label. Sainsbury's is therefore unable to accept liability for any incorrect information.","You should also note that the picture / images show only our serving suggestions of how to serve or prepare your food – all accessories and additional items and/or ingredients pictured with the product you are purchasing are not included.","This information is supplied for your personal use only. It may not be reproduced in any way without the prior consent of Sainsbury's Supermarkets Ltd and due acknowledgement"],"attachments":[],"categories":[{"id":"506355","name":"Ale \u0026 stout"},{"id":"242801","name":"Special offers"},{"id":"318428","name":"All beer"},{"id":"410356","name":"Special offers"}],"attributes":{"brand":["Titanic Brewery"]},"is_supply_chain_orderable":false,"display_icons":[],"pdp_deep_link":"/shop/ProductDisplay?storeId=10151\u0026langId=44\u0026productId=1399442"},{"product_uid":"8111464","favourite_uid":null,"eans":["5056025456587"],"product_type":"BASIC","name":"BrewDog Hazy Jane Guava New England IPA 4x330ml","image":"https://www.sainsburys.co.uk/wcsstore/ExtendedSitesCatalogAssetStore/images/catalog/productImages/87/5056025456587/5056025456587_L.jpeg","image_zoom":null,"image_thumbnail":"https://www.sainsburys.co.uk/wcsstore/ExtendedSitesCatalogAssetStore/images/catalog/productImages/87/5056025456587/5056025456587_M.jpeg","image_thumbnail_small":"https://www.sainsburys.co.uk/wcsstore/ExtendedSitesCatalogAssetStore/images/catalog/productImages/87/5056025456587/5056025456587_S.jpeg","full_url":"https://www.sainsburys.co.uk/shop/gb/groceries/product/details/brewdog-hazy-jane-guava-new-england-ipa-4x330ml","unit_price":{"price":4.73,"measure":"ltr","measure_amount":1},"retail_price":{"price":6.25,"measure":"unit"},"is_available":true,"promotions":[],"hfss_restriction":[{"country":"ENG","restricted":false,"hfss_category":"Out of scope or Product not in a legislative category","hfss_score":0,"last_change_date":"2022-09-23T11:46:20.375Z"},{"country":"SCT","restricted":false,"hfss_category":"Out of scope or Product not in a legislative category","hfss_score":0,"last_change_date":"2022-09-23T11:46:20.375Z"},{"country":"WLS","restricted":false,"hfss_category":"Out of scope or Product not in a legislative category","hfss_score":0,"last_change_date":"2022-09-23T11:46:20.375Z"},{"country":"NIR","restricted":false,"hfss_category":"Out of scope or Product not in a legislative category","hfss_score":0,"last_change_date":"2022-09-23T11:46:20.375Z"}],"not_for_eu":true,"associations":[],"is_alcoholic":true,"is_spotlight":false,"is_intolerant":false,"is_mhra":false,"badges":[],"labels":[],"zone":null,"department":null,"reviews":{"is_enabled":true,"product_uid":"8111464","total":3,"average_rating":4.6667},"breadcrumbs":[],"assets":{"plp_image":"https://assets.sainsburys-groceries.co.uk/gol/8111464/image.jpg","images":[],"video":[]},"description":[],"important_information":["The above details have been prepared to help you select suitable products. Products and their ingredients are liable to change.","\u003cstrong\u003eYou should always read the label before consuming or using the product and never rely solely on the information presented here.","If you require specific advice on any Sainsbury's branded product, please contact our Customer Careline on 0800 636262. For all other products, please contact the manufacturer, whose details will appear on the packaging or label. Sainsbury's is therefore unable to accept liability for any incorrect information.","You should also note that the picture / images show only our serving suggestions of how to serve or prepare your food – all accessories and additional items and/or ingredients pictured with the product you are purchasing are not included.","This information is supplied for your personal use only. It may not be reproduced in any way without the prior consent of Sainsbury's Supermarkets Ltd and due acknowledgement"],"attachments":[],"categories":[{"id":"506356","name":"Craft beer"},{"id":"318428","name":"All beer"}],"attributes":{"brand":["BrewDog"]},"is_supply_chain_orderable":false,"display_icons":[],"pdp_deep_link":"/shop/ProductDisplay?storeId=10151\u0026langId=44\u0026productId=1440890"},{"product_uid":"8112744","favourite_uid":null,"eans":["5060520543147","5060983535291"],"product_type":"BASIC","name":"Northern Monk Faith Hazy Pale Ale 4x330ml","image":"https://www.sainsburys.co.uk/wcsstore/ExtendedSitesCatalogAssetStore/images/catalog/productImages/91/5060983535291/5060983535291_L.jpeg","image_zoom":null,"image_thumbnail":"https://www.sainsburys.co.uk/wcsstore/ExtendedSitesCatalogAssetStore/images/catalog/productImages/91/5060983535291/5060983535291_M.jpeg","image_thumbnail_small":"https://www.sainsburys.co.uk/wcsstore/ExtendedSitesCatalogAssetStore/images/catalog/productImages/91/5060983535291/5060983535291_S.jpeg","full_url":"https://www.sainsburys.co.uk/shop/gb/groceries/product/details/northern-monk-faith-hazy-pale-ale-4x330ml","unit_price":{"price":4.92,"measure":"ltr","measure_amount":1},"retail_price":{"price":5.5,"measure":"unit"},"nectar_price":{"retail_price":5.5,"unit_price":4.16,"measure":"unit","url":"https://www.sainsburys.co.uk/shop/gb/groceries/new---trending/nectar-prices","category_seo_url":"gb/groceries/new---trending/nectar-prices"},"is_available":true,"promotions":[{"promotion_uid":"10644082","icon":"https://www.sainsburys.co.uk/wcsstore/Sainsburys/Promotion assets/Promotion icons/Buy_X_For_Y_Amt_S_Icon.gif","link":"/shop/PromotionDisplayView?promotionId=10644082\u0026productId=1442106\u0026langId=44\u0026storeId=10151","strap_line":"Buy 1 for 5.5","start_date":"2024-09-17T23:00:00Z","end_date":"2024-10-07T23:00:00Z","original_price":6.5,"promo_mechanic_id":"99","is_nectar":true,"promo_type":"SIMPLE_FIXED_PRICE","promo_group":"simple"}],"hfss_restriction":[{"country":"ENG","restricted":false,"hfss_category":"Out of scope or Product not in a legislative category","hfss_score":0,"last_change_date":"2022-09-23T11:46:23.643Z"},{"country":"SCT","restricted":false,"hfss_category":"Out of scope or Product not in a legislative category","hfss_score":0,"last_change_date":"2022-09-23T11:46:23.643Z"},{"country":"WLS","restricted":false,"hfss_category":"Out of scope or Product not in a legislative category","hfss_score":0,"last_change_date":"2022-09-23T11:46:23.643Z"},{"country":"NIR","restricted":false,"hfss_category":"Out of scope or Product not in a legislative category","hfss_score":0,"last_change_date":"2022-09-23T11:46:23.643Z"}],"not_for_eu":true,"associations":[],"is_alcoholic":true,"is_spotlight":false,"is_intolerant":false,"is_mhra":false,"badges":[],"labels":[],"zone":null,"department":null,"reviews":{"is_enabled":true,"product_uid":"8112744","total":5,"average_rating":4.6},"breadcrumbs":[],"assets":{"plp_image":"https://assets.sainsburys-groceries.co.uk/gol/8112744/image.jpg","images":[],"video":[]},"description":[],"important_information":["The above details have been prepared to help you select suitable products. Products and their ingredients are liable to change.","\u003cstrong\u003eYou should always read the label before consuming or using the product and never rely solely on the information presented here.","If you require specific advice on any Sainsbury's branded product, please contact our Customer Careline on 0800 636262. For all other products, please contact the manufacturer, whose details will appear on the packaging or label. Sainsbury's is therefore unable to accept liability for any incorrect information.","You should also note that the picture / images show only our serving suggestions of how to serve or prepare your food – all accessories and additional items and/or ingredients pictured with the product you are purchasing are not included.","This information is supplied for your personal use only. It may not be reproduced in any way without the prior consent of Sainsbury's Supermarkets Ltd and due acknowledgement"],"attachments":[],"categories":[{"id":"578352","name":"Drinks festival"},{"id":"506355","name":"Ale \u0026 stout"},{"id":"506356","name":"Craft beer"},{"id":"242801","name":"Special offers"},{"id":"318428","name":"All beer"},{"id":"410356","name":"Special offers"},{"id":"454372","name":"Special offers"},{"id":"462352","name":"Special offers"},{"id":"462852","name":"All vegan"}],"header":{"text":"Nectar price","type":"NECTAR"},"attributes":{"brand":["Northern Monk"]},"is_supply_chain_orderable":false,"display_icons":[],"pdp_deep_link":"/shop/ProductDisplay?storeId=10151\u0026langId=44\u0026productId=1442106"},{"product_uid":"8159663","favourite_uid":null,"eans":["5010153872299"],"product_type":"BASIC","name":"Hobgoblin Session IPA Ale Beer Can 4x440ml","image":"https://www.sainsburys.co.uk/wcsstore/ExtendedSitesCatalogAssetStore/images/catalog/productImages/99/5010153872299/5010153872299_L.jpeg","image_zoom":null,"image_thumbnail":"https://www.sainsburys.co.uk/wcsstore/ExtendedSitesCatalogAssetStore/images/catalog/productImages/99/5010153872299/5010153872299_M.jpeg","image_thumbnail_small":"https://www.sainsburys.co.uk/wcsstore/ExtendedSitesCatalogAssetStore/images/catalog/productImages/99/5010153872299/5010153872299_S.jpeg","full_url":"https://www.sainsburys.co.uk/shop/gb/groceries/product/details/hobgoblin-session-ipa-x4-440ml","unit_price":{"price":2.41,"measure":"ltr","measure_amount":1},"retail_price":{"price":4.25,"measure":"unit"},"is_available":true,"promotions":[],"hfss_restriction":[{"country":"ENG","restricted":false,"hfss_category":"Out of scope or Product not in a legislative category","hfss_score":0,"last_change_date":"2023-04-06T19:56:02Z"},{"country":"SCT","restricted":false,"hfss_category":"Out of scope or Product not in a legislative category","hfss_score":0,"last_change_date":"2023-04-06T19:56:02Z"},{"country":"WLS","restricted":false,"hfss_category":"Out of scope or Product not in a legislative category","hfss_score":0,"last_change_date":"2023-04-06T19:56:02Z"},{"country":"NIR","restricted":false,"hfss_category":"Out of scope or Product not in a legislative category","hfss_score":0,"last_change_date":"2023-04-06T19:56:02Z"}],"associations":[],"is_alcoholic":true,"is_spotlight":false,"is_intolerant":false,"is_mhra":false,"badges":[],"labels":[],"zone":null,"department":null,"reviews":{"is_enabled":true,"product_uid":"8159663","total":10,"average_rating":4.5},"breadcrumbs":[],"assets":{"plp_image":"https://assets.sainsburys-groceries.co.uk/gol/8159663/image.jpg","images":[],"video":[]},"description":[],"important_information":["The above details have been prepared to help you select suitable products. Products and their ingredients are liable to change.","\u003cstrong\u003eYou should always read the label before consuming or using the product and never rely solely on the information presented here.","If you require specific advice on any Sainsbury's branded product, please contact our Customer Careline on 0800 636262. For all other products, please contact the manufacturer, whose details will appear on the packaging or label. Sainsbury's is therefore unable to accept liability for any incorrect information.","You should also note that the picture / images show only our serving suggestions of how to serve or prepare your food – all accessories and additional items and/or ingredients pictured with the product you are purchasing are not included.","This information is supplied for your personal use only. It may not be reproduced in any way without the prior consent of Sainsbury's Supermarkets Ltd and due acknowledgement"],"attachments":[],"categories":[{"id":"594857","name":"Drinks \u0026 cocktails"},{"id":"478380","name":"Bigger packs"},{"id":"565857","name":"San Miguel, Brooklyn, Poretti, Hobgoblin"},{"id":"537364","name":"Drinks \u0026 cocktails"},{"id":"506355","name":"Ale \u0026 stout"},{"id":"318428","name":"All beer"},{"id":"337357","name":"All Halloween"},{"id":"337378","name":"Halloween Party"},{"id":"454358","name":"Special offers"}],"attributes":{"brand":["Hobgoblin"]},"is_supply_chain_orderable":false,"display_icons":[],"pdp_deep_link":"/shop/ProductDisplay?storeId=10151\u0026langId=44\u0026productId=1491206"},{"product_uid":"8169714","favourite_uid":null,"eans":["5010549018164"],"product_type":"BASIC","name":"Greene King India Pale Ale 4 x 500ml","image":"https://www.sainsburys.co.uk/wcsstore/ExtendedSitesCatalogAssetStore/images/catalog/productImages/64/5010549018164/5010549018164_L.jpeg","image_zoom":null,"image_thumbnail":"https://www.sainsburys.co.uk/wcsstore/ExtendedSitesCatalogAssetStore/images/catalog/productImages/64/5010549018164/5010549018164_M.jpeg","image_thumbnail_small":"https://www.sainsburys.co.uk/wcsstore/ExtendedSitesCatalogAssetStore/images/catalog/productImages/64/5010549018164/5010549018164_S.jpeg","full_url":"https://www.sainsburys.co.uk/shop/gb/groceries/product/details/greene-king-india-pale-ale-4-x-500ml","unit_price":{"price":2.38,"measure":"ltr","measure_amount":1},"retail_price":{"price":4.75,"measure":"unit"},"is_available":true,"promotions":[],"hfss_restriction":[{"country":"ENG","restricted":false,"hfss_category":"Out of scope or Product not in a legislative category","hfss_score":0,"last_change_date":"2023-06-30T21:32:31Z"},{"country":"SCT","restricted":false,"hfss_category":"Out of scope or Product not in a legislative category","hfss_score":0,"last_change_date":"2023-06-30T21:32:31Z"},{"country":"WLS","restricted":false,"hfss_category":"Out of scope or Product not in a legislative category","hfss_score":0,"last_change_date":"2023-06-30T21:32:31Z"},{"country":"NIR","restricted":false,"hfss_category":"Out of scope or Product not in a legislative category","hfss_score":0,"last_change_date":"2023-06-30T21:32:31Z"}],"associations":[],"is_alcoholic":true,"is_spotlight":false,"is_intolerant":false,"is_mhra":false,"badges":[],"labels":[],"zone":null,"department":null,"reviews":{"is_enabled":true,"product_uid":"8169714","total":8,"average_rating":4.5},"breadcrumbs":[],"assets":{"plp_image":"https://assets.sainsburys-groceries.co.uk/gol/8169714/image.jpg","images":[],"video":[]},"description":[],"important_information":["The above details have been prepared to help you select suitable products. Products and their ingredients are liable to change.","\u003cstrong\u003eYou should always read the label before consuming or using the product and never rely solely on the information presented here.","If you require specific advice on any Sainsbury's branded product, please contact our Customer Careline on 0800 636262. For all other products, please contact the manufacturer, whose details will appear on the packaging or label. Sainsbury's is therefore unable to accept liability for any incorrect information.","You should also note that the picture / images show only our serving suggestions of how to serve or prepare your food – all accessories and additional items and/or ingredients pictured with the product you are purchasing are not included.","This information is supplied for your personal use only. It may not be reproduced in any way without the prior consent of Sainsbury's Supermarkets Ltd and due acknowledgement"],"attachments":[],"categories":[{"id":"478380","name":"Bigger packs"},{"id":"506355","name":"Ale \u0026 stout"},{"id":"242801","name":"Special offers"},{"id":"318428","name":"All beer"},{"id":"410356","name":"Special offers"}],"attributes":{"brand":["Greene King"]},"is_supply_chain_orderable":false,"display_icons":[],"pdp_deep_link":"/shop/ProductDisplay?storeId=10151\u0026langId=44\u0026productId=1502700"},{"product_uid":"7982242","favourite_uid":null,"eans":["5014379005110"],"product_type":"BASIC","name":"Budweiser Lager Beer Cans 15x440ml","image":"https://www.sainsburys.co.uk/wcsstore/ExtendedSitesCatalogAssetStore/images/catalog/productImages/10/5014379005110/5014379005110_L.jpeg","image_zoom":null,"image_thumbnail":"https://www.sainsburys.co.uk/wcsstore/ExtendedSitesCatalogAssetStore/images/catalog/productImages/10/5014379005110/5014379005110_M.jpeg","image_thumbnail_small":"https://www.sainsburys.co.uk/wcsstore/ExtendedSitesCatalogAssetStore/images/catalog/productImages/10/5014379005110/5014379005110_S.jpeg","full_url":"https://www.sainsburys.co.uk/shop/gb/groceries/product/details/budweiser-beer-limited-edition-15x440ml","unit_price":{"price":2.42,"measure":"ltr","measure_amount":1},"retail_price":{"price":16,"measure":"unit"},"is_available":true,"promotions":[],"hfss_restriction":[{"country":"ENG","restricted":false,"hfss_category":"Out of scope or Product not in a legislative category","hfss_score":0,"last_change_date":"2024-02-09T21:09:01Z"},{"country":"SCT","restricted":false,"hfss_category":"Out of scope or Product not in a legislative category","hfss_score":0,"last_change_date":"2024-02-09T21:09:01Z"},{"country":"WLS","restricted":false,"hfss_category":"Out of scope or Product not in a legislative category","hfss_score":0,"last_change_date":"2024-02-09T21:09:01Z"},{"country":"NIR","restricted":false,"hfss_category":"Out of scope or Product not in a legislative category","hfss_score":0,"last_change_date":"2024-02-09T21:09:01Z"}],"not_for_eu":true,"associations":[],"is_alcoholic":true,"is_spotlight":false,"is_intolerant":false,"is_mhra":false,"badges":[],"labels":[],"zone":null,"department":null,"reviews":{"is_enabled":true,"product_uid":"7982242","total":48,"average_rating":4.3958},"breadcrumbs":[],"assets":{"plp_image":"https://assets.sainsburys-groceries.co.uk/gol/7982242/image.jpg","images":[],"video":[]},"description":[],"important_information":["The above details have been prepared to help you select suitable products. Products and their ingredients are liable to change.","\u003cstrong\u003eYou should always read the label before consuming or using the product and never rely solely on the information presented here.","If you require specific advice on any Sainsbury's branded product, please contact our Customer Careline on 0800 636262. For all other products, please contact the manufacturer, whose details will appear on the packaging or label. Sainsbury's is therefore unable to accept liability for any incorrect information.","You should also note that the picture / images show only our serving suggestions of how to serve or prepare your food – all accessories and additional items and/or ingredients pictured with the product you are purchasing are not included.","This information is supplied for your personal use only. It may not be reproduced in any way without the prior consent of Sainsbury's Supermarkets Ltd and due acknowledgement"],"attachments":[],"categories":[{"id":"607866","name":"Staycations"},{"id":"607860","name":"Drinks"},{"id":"607865","name":"Stock up"},{"id":"577867","name":"Multibuy offers (valid for dels until 14th July)"},{"id":"560358","name":"Budweiser, Corona, Camden \u0026 Stella Artois"},{"id":"611362","name":"Win with Budweiser"},{"id":"610854","name":"Beer, Wine \u0026 Spirits"},{"id":"607897","name":"Beer \u0026 cider"},{"id":"610860","name":"Offers"},{"id":"607901","name":"Bigger packs"},{"id":"511357","name":"Summer of sport"},{"id":"242801","name":"Special offers"},{"id":"278253","name":"All lager"},{"id":"275894","name":"Multipack lager"},{"id":"318428","name":"All beer"},{"id":"410356","name":"Special offers"},{"id":"431867","name":"Watch the sport"},{"id":"432369","name":"New"},{"id":"432368","name":"Special offers"}],"attributes":{"brand":["Budweiser"]},"is_supply_chain_orderable":false,"display_icons":[],"pdp_deep_link":"/shop/ProductDisplay?storeId=10151\u0026langId=44\u0026productId=1524350"},{"product_uid":"8108476","favourite_uid":null,"eans":["5011348023519"],"product_type":"BASIC","name":"Shipyard American IPA Ale Beer Can 4x440ml","image":"https://www.sainsburys.co.uk/wcsstore/ExtendedSitesCatalogAssetStore/images/catalog/productImages/19/5011348023519/5011348023519_L.jpeg","image_zoom":null,"image_thumbnail":"https://www.sainsburys.co.uk/wcsstore/ExtendedSitesCatalogAssetStore/images/catalog/productImages/19/5011348023519/5011348023519_M.jpeg","image_thumbnail_small":"https://www.sainsburys.co.uk/wcsstore/ExtendedSitesCatalogAssetStore/images/catalog/productImages/19/5011348023519/5011348023519_S.jpeg","full_url":"https://www.sainsburys.co.uk/shop/gb/groceries/product/details/shipyard-american-ipa-ale-beer-can-4x440ml","unit_price":{"price":3.27,"measure":"ltr","measure_amount":1},"retail_price":{"price":5.75,"measure":"unit"},"is_available":true,"promotions":[],"hfss_restriction":[{"country":"ENG","restricted":false,"hfss_category":"Out of scope or Product not in a legislative category","hfss_score":0,"last_change_date":"2022-09-23T11:46:23.298Z"},{"country":"SCT","restricted":false,"hfss_category":"Out of scope or Product not in a legislative category","hfss_score":0,"last_change_date":"2022-09-23T11:46:23.298Z"},{"country":"WLS","restricted":false,"hfss_category":"Out of scope or Product not in a legislative category","hfss_score":0,"last_change_date":"2022-09-23T11:46:23.298Z"},{"country":"NIR","restricted":false,"hfss_category":"Out of scope or Product not in a legislative category","hfss_score":0,"last_change_date":"2022-09-23T11:46:23.298Z"}],"not_for_eu":true,"associations":[],"is_alcoholic":true,"is_spotlight":false,"is_intolerant":false,"is_mhra":false,"badges":[],"labels":[],"zone":null,"department":null,"reviews":{"is_enabled":true,"product_uid":"8108476","total":9,"average_rating":4.2222},"breadcrumbs":[],"assets":{"plp_image":"https://assets.sainsburys-groceries.co.uk/gol/8108476/image.jpg","images":[],"video":[]},"description":[],"important_information":["The above details have been prepared to help you select suitable products. Products and their ingredients are liable to change.","\u003cstrong\u003eYou should always read the label before consuming or using the product and never rely solely on the information presented here.","If you require specific advice on any Sainsbury's branded product, please contact our Customer Careline on 0800 636262. For all other products, please contact the manufacturer, whose details will appear on the packaging or label. Sainsbury's is therefore unable to accept liability for any incorrect information.","You should also note that the picture / images show only our serving suggestions of how to serve or prepare your food – all accessories and additional items and/or ingredients pictured with the product you are purchasing are not included.","This information is supplied for your personal use only. It may not be reproduced in any way without the prior consent of Sainsbury's Supermarkets Ltd and due acknowledgement"],"attachments":[],"categories":[{"id":"506355","name":"Ale \u0026 stout"},{"id":"318428","name":"All beer"}],"attributes":{"brand":["Shipyard"]},"is_supply_chain_orderable":false,"display_icons":[],"pdp_deep_link":"/shop/ProductDisplay?storeId=10151\u0026langId=44\u0026productId=1438144"},{"product_uid":"8171651","favourite_uid":null,"eans":["5411681412405"],"product_type":"BASIC","name":"Duvel The Original Specialty Beer 330ml","image":"https://www.sainsburys.co.uk/wcsstore/ExtendedSitesCatalogAssetStore/images/catalog/productImages/05/5411681412405/5411681412405_L.jpeg","image_zoom":null,"image_thumbnail":"https://www.sainsburys.co.uk/wcsstore/ExtendedSitesCatalogAssetStore/images/catalog/productImages/05/5411681412405/5411681412405_M.jpeg","image_thumbnail_small":"https://www.sainsburys.co.uk/wcsstore/ExtendedSitesCatalogAssetStore/images/catalog/productImages/05/5411681412405/5411681412405_S.jpeg","full_url":"https://www.sainsburys.co.uk/shop/gb/groceries/product/details/duvel-the-original-specialty-beer-330ml","unit_price":{"price":7.58,"measure":"ltr","measure_amount":1},"retail_price":{"price":2.5,"measure":"unit"},"is_available":true,"promotions":[],"hfss_restriction":[{"country":"ENG","restricted":false,"hfss_category":"Out of scope or Product not in a legislative category","hfss_score":0,"last_change_date":"2023-07-17T20:34:02Z"},{"country":"SCT","restricted":false,"hfss_category":"Out of scope or Product not in a legislative category","hfss_score":0,"last_change_date":"2023-07-17T20:34:02Z"},{"country":"WLS","restricted":false,"hfss_category":"Out of scope or Product not in a legislative category","hfss_score":0,"last_change_date":"2023-07-17T20:34:02Z"},{"country":"NIR","restricted":false,"hfss_category":"Out of scope or Product not in a legislative category","hfss_score":0,"last_change_date":"2023-07-17T20:34:02Z"}],"associations":[],"is_alcoholic":true,"is_spotlight":false,"is_intolerant":false,"is_mhra":false,"badges":[],"labels":[],"zone":null,"department":null,"reviews":{"is_enabled":true,"product_uid":"8171651","total":2,"average_rating":4.5},"breadcrumbs":[],"assets":{"plp_image":"https://assets.sainsburys-groceries.co.uk/gol/8171651/image.jpg","images":[],"video":[]},"description":[],"important_information":["The above details have been prepared to help you select suitable products. Products and their ingredients are liable to change.","\u003cstrong\u003eYou should always read the label before consuming or using the product and never rely solely on the information presented here.","If you require specific advice on any Sainsbury's branded product, please contact our Customer Careline on 0800 636262. For all other products, please contact the manufacturer, whose details will appear on the packaging or label. Sainsbury's is therefore unable to accept liability for any incorrect information.","You should also note that the picture / images show only our serving suggestions of how to serve or prepare your food – all accessories and additional items and/or ingredients pictured with the product you are purchasing are not included.","This information is supplied for your personal use only. It may not be reproduced in any way without the prior consent of Sainsbury's Supermarkets Ltd and due acknowledgement"],"attachments":[],"categories":[{"id":"506355","name":"Ale \u0026 stout"},{"id":"242801","name":"Special offers"},{"id":"318428","name":"All beer"},{"id":"410356","name":"Special offers"}],"attributes":{"brand":["Duvel"]},"is_supply_chain_orderable":false,"display_icons":[],"pdp_deep_link":"/shop/ProductDisplay?storeId=10151\u0026langId=44\u0026productId=1504832"},{"product_uid":"8088871","favourite_uid":null,"eans":["5060386623267"],"product_type":"BASIC","name":"Beavertown Heavy Gravity Hazy IPA 440ml","image":"https://www.sainsburys.co.uk/wcsstore/ExtendedSitesCatalogAssetStore/images/catalog/productImages/67/5060386623267/5060386623267_L.jpeg","image_zoom":null,"image_thumbnail":"https://www.sainsburys.co.uk/wcsstore/ExtendedSitesCatalogAssetStore/images/catalog/productImages/67/5060386623267/5060386623267_M.jpeg","image_thumbnail_small":"https://www.sainsburys.co.uk/wcsstore/ExtendedSitesCatalogAssetStore/images/catalog/productImages/67/5060386623267/5060386623267_S.jpeg","full_url":"https://www.sainsburys.co.uk/shop/gb/groceries/product/details/beavertown-heavy-gravity-hazy-ipa-440ml","unit_price":{"price":9.09,"measure":"ltr","measure_amount":1},"retail_price":{"price":4,"measure":"unit"},"is_available":true,"promotions":[{"promotion_uid":"10650261","icon":"https://www.sainsburys.co.uk/wcsstore/Sainsburys/Promotion assets/Promotion icons/Buy_X_Get_Y_Chepeast_Free_S_Icon.gif","link":"/shop/PromotionDisplayView?promotionId=10650261\u0026productId=1422244\u0026langId=44\u0026storeId=10151","strap_line":"Buy 4 get 1 cheapest free with Nectar","start_date":"2024-09-17T23:00:00Z","end_date":"2024-11-15T00:00:00Z","original_price":0,"promo_mechanic_id":"22","is_nectar":true,"promo_type":"MULTIBUY_BUY_X_GET_Y_CHEAPEST_FREE","promo_group":"multi_buy"}],"hfss_restriction":[{"country":"ENG","restricted":false,"hfss_category":"Out of scope or Product not in a legislative category","hfss_score":0,"last_change_date":"2022-09-23T11:46:19.204Z"},{"country":"SCT","restricted":false,"hfss_category":"Out of scope or Product not in a legislative category","hfss_score":0,"last_change_date":"2022-09-23T11:46:19.204Z"},{"country":"WLS","restricted":false,"hfss_category":"Out of scope or Product not in a legislative category","hfss_score":0,"last_change_date":"2022-09-23T11:46:19.204Z"},{"country":"NIR","restricted":false,"hfss_category":"Out of scope or Product not in a legislative category","hfss_score":0,"last_change_date":"2022-09-23T11:46:19.204Z"}],"not_for_eu":true,"associations":[],"is_alcoholic":true,"is_spotlight":false,"is_intolerant":false,"is_mhra":false,"badges":[],"labels":[],"zone":null,"department":null,"reviews":{"is_enabled":true,"product_uid":"8088871","total":0,"average_rating":0},"breadcrumbs":[],"assets":{"plp_image":"https://assets.sainsburys-groceries.co.uk/gol/8088871/image.jpg","images":[],"video":[]},"description":[],"important_information":["The above details have been prepared to help you select suitable products. Products and their ingredients are liable to change.","\u003cstrong\u003eYou should always read the label before consuming or using the product and never rely solely on the information presented here.","If you require specific advice on any Sainsbury's branded product, please contact our Customer Careline on 0800 636262. For all other products, please contact the manufacturer, whose details will appear on the packaging or label. Sainsbury's is therefore unable to accept liability for any incorrect information.","You should also note that the picture / images show only our serving suggestions of how to serve or prepare your food – all accessories and additional items and/or ingredients pictured with the product you are purchasing are not included.","This information is supplied for your personal use only. It may not be reproduced in any way without the prior consent of Sainsbury's Supermarkets Ltd and due acknowledgement"],"attachments":[],"categories":[{"id":"506356","name":"Craft beer"},{"id":"242801","name":"Special offers"},{"id":"318428","name":"All beer"},{"id":"410356","name":"Special offers"}],"attributes":{"brand":["Beavertown"]},"is_supply_chain_orderable":false,"display_icons":[],"pdp_deep_link":"/shop/ProductDisplay?storeId=10151\u0026langId=44\u0026productId=1422244"},{"product_uid":"8131059","favourite_uid":null,"eans":["5410769100081"],"product_type":"BASIC","name":"La Chouffe Strong Blonde Golden Ale 330ml","image":"https://www.sainsburys.co.uk/wcsstore/ExtendedSitesCatalogAssetStore/images/catalog/productImages/81/5410769100081/5410769100081_L.jpeg","image_zoom":null,"image_thumbnail":"https://www.sainsburys.co.uk/wcsstore/ExtendedSitesCatalogAssetStore/images/catalog/productImages/81/5410769100081/5410769100081_M.jpeg","image_thumbnail_small":"https://www.sainsburys.co.uk/wcsstore/ExtendedSitesCatalogAssetStore/images/catalog/productImages/81/5410769100081/5410769100081_S.jpeg","full_url":"https://www.sainsburys.co.uk/shop/gb/groceries/product/details/la-chouffe-strong-blonde-golden-ale-330ml","unit_price":{"price":7.58,"measure":"ltr","measure_amount":1},"retail_price":{"price":2.5,"measure":"unit"},"is_available":true,"promotions":[],"hfss_restriction":[{"country":"ENG","restricted":false,"hfss_category":"Out of scope or Product not in a legislative category","hfss_score":0,"last_change_date":"2022-09-23T11:47:11.628Z"},{"country":"SCT","restricted":false,"hfss_category":"Out of scope or Product not in a legislative category","hfss_score":0,"last_change_date":"2022-09-23T11:47:11.628Z"},{"country":"WLS","restricted":false,"hfss_category":"Out of scope or Product not in a legislative category","hfss_score":0,"last_change_date":"2022-09-23T11:47:11.628Z"},{"country":"NIR","restricted":false,"hfss_category":"Out of scope or Product not in a legislative category","hfss_score":0,"last_change_date":"2022-09-23T11:47:11.628Z"}],"not_for_eu":true,"associations":[],"is_alcoholic":true,"is_spotlight":false,"is_intolerant":false,"is_mhra":false,"badges":[],"labels":[],"zone":null,"department":null,"reviews":{"is_enabled":true,"product_uid":"8131059","total":6,"average_rating":5},"breadcrumbs":[],"assets":{"plp_image":"https://assets.sainsburys-groceries.co.uk/gol/8131059/image.jpg","images":[],"video":[]},"description":[],"important_information":["The above details have been prepared to help you select suitable products. Products and their ingredients are liable to change.","\u003cstrong\u003eYou should always read the label before consuming or using the product and never rely solely on the information presented here.","If you require specific advice on any Sainsbury's branded product, please contact our Customer Careline on 0800 636262. For all other products, please contact the manufacturer, whose details will appear on the packaging or label. Sainsbury's is therefore unable to accept liability for any incorrect information.","You should also note that the picture / images show only our serving suggestions of how to serve or prepare your food – all accessories and additional items and/or ingredients pictured with the product you are purchasing are not included.","This information is supplied for your personal use only. It may not be reproduced in any way without the prior consent of Sainsbury's Supermarkets Ltd and due acknowledgement"],"attachments":[],"categories":[{"id":"506355","name":"Ale \u0026 stout"},{"id":"506356","name":"Craft beer"},{"id":"318428","name":"All beer"}],"attributes":{"brand":["La Chouffe"]},"is_supply_chain_orderable":false,"display_icons":[],"pdp_deep_link":"/shop/ProductDisplay?storeId=10151\u0026langId=44\u0026productId=1463292"},{"product_uid":"8133797","favourite_uid":null,"eans":["5014379012996"],"product_type":"BASIC","name":"Stella Artois Premium Lager Beer Bottles 6x330ml","image":"https://www.sainsburys.co.uk/wcsstore/ExtendedSitesCatalogAssetStore/images/catalog/productImages/96/5014379012996/5014379012996_L.jpeg","image_zoom":null,"image_thumbnail":"https://www.sainsburys.co.uk/wcsstore/ExtendedSitesCatalogAssetStore/images/catalog/productImages/96/5014379012996/5014379012996_M.jpeg","image_thumbnail_small":"https://www.sainsburys.co.uk/wcsstore/ExtendedSitesCatalogAssetStore/images/catalog/productImages/96/5014379012996/5014379012996_S.jpeg","full_url":"https://www.sainsburys.co.uk/shop/gb/groceries/product/details/stella-artois-belgium-premium-lager-6x330ml","unit_price":{"price":3.16,"measure":"ltr","measure_amount":1},"retail_price":{"price":6.25,"measure":"unit"},"is_available":true,"promotions":[],"hfss_restriction":[{"country":"ENG","restricted":false,"hfss_category":"Out of scope or Product not in a legislative category","hfss_score":0,"last_change_date":"2022-09-26T13:40:31.080Z"},{"country":"SCT","restricted":false,"hfss_category":"Out of scope or Product not in a legislative category","hfss_score":0,"last_change_date":"2022-09-26T13:40:31.080Z"},{"country":"WLS","restricted":false,"hfss_category":"Out of scope or Product not in a legislative category","hfss_score":0,"last_change_date":"2022-09-26T13:40:31.080Z"},{"country":"NIR","restricted":false,"hfss_category":"Out of scope or Product not in a legislative category","hfss_score":0,"last_change_date":"2022-09-26T13:40:31.080Z"}],"not_for_eu":true,"associations":[],"is_alcoholic":true,"is_spotlight":false,"is_intolerant":false,"is_mhra":false,"badges":[],"labels":[{"label_uid":"LOW EVERYDAY PRICE","text":"LOW EVERYDAY PRICE","alt_text":"LOW EVERYDAY PRICE","color":"#D70000","link_opens_in_new_window":false}],"zone":null,"department":null,"reviews":{"is_enabled":true,"product_uid":"8133797","total":95,"average_rating":3.1684},"breadcrumbs":[],"assets":{"plp_image":"https://assets.sainsburys-groceries.co.uk/gol/8133797/image.jpg","images":[],"video":[]},"description":[],"important_information":["The above details have been prepared to help you select suitable products. Products and their ingredients are liable to change.","\u003cstrong\u003eYou should always read the label before consuming or using the product and never rely solely on the information presented here.","If you require specific advice on any Sainsbury's branded product, please contact our Customer Careline on 0800 636262. For all other products, please contact the manufacturer, whose details will appear on the packaging or label. Sainsbury's is therefore unable to accept liability for any incorrect information.","You should also note that the picture / images show only our serving suggestions of how to serve or prepare your food – all accessories and additional items and/or ingredients pictured with the product you are purchasing are not included.","This information is supplied for your personal use only. It may not be reproduced in any way without the prior consent of Sainsbury's Supermarkets Ltd and due acknowledgement"],"attachments":[],"categories":[{"id":"607853","name":"Low everyday prices"},{"id":"560358","name":"Budweiser, Corona, Camden \u0026 Stella Artois"},{"id":"278253","name":"All lager"},{"id":"275894","name":"Multipack lager"},{"id":"318428","name":"All beer"}],"attributes":{"brand":["Stella Artois"]},"is_supply_chain_orderable":false,"display_icons":["LOW EVERYDAY PRICE"],"pdp_deep_link":"/shop/ProductDisplay?storeId=10151\u0026langId=44\u0026productId=1466016"},{"product_uid":"8133820","favourite_uid":null,"eans":["5014379006698","5014379025965"],"product_type":"BASIC","name":"Bud Light Lager Beer Pint Cans 4x568ml","image":"https://www.sainsburys.co.uk/wcsstore/ExtendedSitesCatalogAssetStore/images/catalog/productImages/65/5014379025965/5014379025965_L.jpeg","image_zoom":null,"image_thumbnail":"https://www.sainsburys.co.uk/wcsstore/ExtendedSitesCatalogAssetStore/images/catalog/productImages/65/5014379025965/5014379025965_M.jpeg","image_thumbnail_small":"https://www.sainsburys.co.uk/wcsstore/ExtendedSitesCatalogAssetStore/images/catalog/productImages/65/5014379025965/5014379025965_S.jpeg","full_url":"https://www.sainsburys.co.uk/shop/gb/groceries/product/details/bud-light-lager-beer-568ml","unit_price":{"price":2.2,"measure":"ltr","measure_amount":1},"retail_price":{"price":5,"measure":"unit"},"is_available":true,"promotions":[],"hfss_restriction":[{"country":"ENG","restricted":false,"hfss_category":"Out of scope or Product not in a legislative category","hfss_score":0,"last_change_date":"2022-09-23T11:47:12.413Z"},{"country":"SCT","restricted":false,"hfss_category":"Out of scope or Product not in a legislative category","hfss_score":0,"last_change_date":"2022-09-23T11:47:12.413Z"},{"country":"WLS","restricted":false,"hfss_category":"Out of scope or Product not in a legislative category","hfss_score":0,"last_change_date":"2022-09-23T11:47:12.413Z"},{"country":"NIR","restricted":false,"hfss_category":"Out of scope or Product not in a legislative category","hfss_score":0,"last_change_date":"2022-09-23T11:47:12.413Z"}],"not_for_eu":true,"associations":[],"is_alcoholic":true,"is_spotlight":false,"is_intolerant":false,"is_mhra":false,"badges":[],"labels":[],"zone":null,"department":null,"reviews":{"is_enabled":true,"product_uid":"8133820","total":3,"average_rating":4.6667},"breadcrumbs":[],"assets":{"plp_image":"https://assets.sainsburys-groceries.co.uk/gol/8133820/image.jpg","images":[],"video":[]},"description":[],"important_information":["The above details have been prepared to help you select suitable products. Products and their ingredients are liable to change.","\u003cstrong\u003eYou should always read the label before consuming or using the product and never rely solely on the information presented here.","If you require specific advice on any Sainsbury's branded product, please contact our Customer Careline on 0800 636262. For all other products, please contact the manufacturer, whose details will appear on the packaging or label. Sainsbury's is therefore unable to accept liability for any incorrect information.","You should also note that the picture / images show only our serving suggestions of how to serve or prepare your food – all accessories and additional items and/or ingredients pictured with the product you are purchasing are not included.","This information is supplied for your personal use only. It may not be reproduced in any way without the prior consent of Sainsbury's Supermarkets Ltd and due acknowledgement"],"attachments":[],"categories":[{"id":"560358","name":"Budweiser, Corona, Camden \u0026 Stella Artois"},{"id":"278253","name":"All lager"},{"id":"275894","name":"Multipack lager"},{"id":"275897","name":"Single bottles"},{"id":"318428","name":"All beer"}],"is_supply_chain_orderable":false,"display_icons":[],"pdp_deep_link":"/shop/ProductDisplay?storeId=10151\u0026langId=44\u0026productId=1466798"},{"product_uid":"8157452","favourite_uid":null,"eans":["5740700983160"],"product_type":"BASIC","name":"Brooklyn Special Effects Alcohol Free Beer Bottles 4x330ml","image":"https://www.sainsburys.co.uk/wcsstore/ExtendedSitesCatalogAssetStore/images/catalog/productImages/60/5740700983160/5740700983160_L.jpeg","image_zoom":null,"image_thumbnail":"https://www.sainsburys.co.uk/wcsstore/ExtendedSitesCatalogAssetStore/images/catalog/productImages/60/5740700983160/5740700983160_M.jpeg","image_thumbnail_small":"https://www.sainsburys.co.uk/wcsstore/ExtendedSitesCatalogAssetStore/images/catalog/productImages/60/5740700983160/5740700983160_S.jpeg","full_url":"https://www.sainsburys.co.uk/shop/gb/groceries/product/details/brooklyn-special-effects-alcohol-free-beer-bottles-4x330ml","unit_price":{"price":3.41,"measure":"ltr","measure_amount":1},"retail_price":{"price":4,"measure":"unit"},"nectar_price":{"retail_price":4,"unit_price":3.03,"measure":"unit","url":"https://www.sainsburys.co.uk/shop/gb/groceries/new---trending/nectar-prices","category_seo_url":"gb/groceries/new---trending/nectar-prices"},"is_available":true,"promotions":[{"promotion_uid":"10644641","icon":"https://www.sainsburys.co.uk/wcsstore/Sainsburys/Promotion assets/Promotion icons/Buy_X_For_Y_Amt_S_Icon.gif","link":"/shop/PromotionDisplayView?promotionId=10644641\u0026productId=1488020\u0026langId=44\u0026storeId=10151","strap_line":"Buy 1 for 4","start_date":"2024-09-17T23:00:00Z","end_date":"2024-10-07T23:00:00Z","original_price":4.5,"promo_mechanic_id":"99","is_nectar":true,"promo_type":"SIMPLE_FIXED_PRICE","promo_group":"simple"}],"hfss_restriction":[{"country":"ENG","restricted":false,"hfss_category":"Out of scope or Product not in a legislative category","hfss_score":0,"last_change_date":"2023-03-15T20:59:00Z"},{"country":"SCT","restricted":false,"hfss_category":"Out of scope or Product not in a legislative category","hfss_score":0,"last_change_date":"2023-03-15T20:59:00Z"},{"country":"WLS","restricted":false,"hfss_category":"Out of scope or Product not in a legislative category","hfss_score":0,"last_change_date":"2023-03-15T20:59:00Z"},{"country":"NIR","restricted":false,"hfss_category":"Out of scope or Product not in a legislative category","hfss_score":0,"last_change_date":"2023-03-15T20:59:00Z"}],"not_for_eu":true,"associations":[],"is_alcoholic":true,"is_spotlight":false,"is_intolerant":false,"is_mhra":false,"badges":[],"labels":[],"zone":null,"department":null,"reviews":{"is_enabled":true,"product_uid":"8157452","total":73,"average_rating":4.5342},"breadcrumbs":[],"assets":{"plp_image":"https://assets.sainsburys-groceries.co.uk/gol/8157452/image.jpg","images":[],"video":[]},"description":[],"important_information":["The above details have been prepared to help you select suitable products. Products and their ingredients are liable to change.","\u003cstrong\u003eYou should always read the label before consuming or using the product and never rely solely on the information presented here.","If you require specific advice on any Sainsbury's branded product, please contact our Customer Careline on 0800 636262. For all other products, please contact the manufacturer, whose details will appear on the packaging or label. Sainsbury's is therefore unable to accept liability for any incorrect information.","You should also note that the picture / images show only our serving suggestions of how to serve or prepare your food – all accessories and additional items and/or ingredients pictured with the product you are purchasing are not included.","This information is supplied for your personal use only. It may not be reproduced in any way without the prior consent of Sainsbury's Supermarkets Ltd and due acknowledgement"],"attachments":[],"categories":[{"id":"598352","name":"Win a Trip to Brooklyn"},{"id":"500353","name":"All low and no alcohol"},{"id":"478380","name":"Bigger packs"},{"id":"565857","name":"San Miguel, Brooklyn, Poretti, Hobgoblin"},{"id":"12267","name":"Low \u0026 no alcohol beer \u0026 cider"},{"id":"242801","name":"Special offers"},{"id":"318428","name":"All beer"},{"id":"410356","name":"Special offers"},{"id":"454372","name":"Special offers"},{"id":"458860","name":"Special offers"},{"id":"458392","name":"No alcohol"},{"id":"461881","name":"No alcohol"},{"id":"462370","name":"Special offers"},{"id":"463855","name":"All low \u0026 no alcohol"}],"header":{"text":"Nectar price","type":"NECTAR"},"attributes":{"brand":["Brooklyn"]},"is_supply_chain_orderable":false,"display_icons":[],"pdp_deep_link":"/shop/ProductDisplay?storeId=10151\u0026langId=44\u0026productId=1488020"},{"product_uid":"8111445","favourite_uid":null,"eans":["0604565192394"],"product_type":"BASIC","name":"Jubel Beer Cut with Peach 4x330ml","image":"https://www.sainsburys.co.uk/wcsstore/ExtendedSitesCatalogAssetStore/images/catalog/productImages/94/0604565192394/0604565192394_L.jpeg","image_zoom":null,"image_thumbnail":"https://www.sainsburys.co.uk/wcsstore/ExtendedSitesCatalogAssetStore/images/catalog/productImages/94/0604565192394/0604565192394_M.jpeg","image_thumbnail_small":"https://www.sainsburys.co.uk/wcsstore/ExtendedSitesCatalogAssetStore/images/catalog/productImages/94/0604565192394/0604565192394_S.jpeg","full_url":"https://www.sainsburys.co.uk/shop/gb/groceries/product/details/jubel-beer-cut-with-peach-session-lager-4x330ml","unit_price":{"price":5.11,"measure":"ltr","measure_amount":1},"retail_price":{"price":6.75,"measure":"unit"},"is_available":true,"promotions":[],"hfss_restriction":[{"country":"ENG","restricted":false,"hfss_category":"Out of scope or Product not in a legislative category","hfss_score":0,"last_change_date":"2022-09-23T11:46:29.737Z"},{"country":"SCT","restricted":false,"hfss_category":"Out of scope or Product not in a legislative category","hfss_score":0,"last_change_date":"2022-09-23T11:46:29.737Z"},{"country":"WLS","restricted":false,"hfss_category":"Out of scope or Product not in a legislative category","hfss_score":0,"last_change_date":"2022-09-23T11:46:29.737Z"},{"country":"NIR","restricted":false,"hfss_category":"Out of scope or Product not in a legislative category","hfss_score":0,"last_change_date":"2022-09-23T11:46:29.737Z"}],"not_for_eu":true,"associations":[],"is_alcoholic":true,"is_spotlight":false,"is_intolerant":false,"is_mhra":false,"badges":[],"labels":[],"zone":null,"department":null,"reviews":{"is_enabled":true,"product_uid":"8111445","total":15,"average_rating":5},"breadcrumbs":[],"assets":{"plp_image":"https://assets.sainsburys-groceries.co.uk/gol/8111445/image.jpg","images":[],"video":[]},"description":[],"important_information":["The above details have been prepared to help you select suitable products. Products and their ingredients are liable to change.","\u003cstrong\u003eYou should always read the label before consuming or using the product and never rely solely on the information presented here.","If you require specific advice on any Sainsbury's branded product, please contact our Customer Careline on 0800 636262. For all other products, please contact the manufacturer, whose details will appear on the packaging or label. Sainsbury's is therefore unable to accept liability for any incorrect information.","You should also note that the picture / images show only our serving suggestions of how to serve or prepare your food – all accessories and additional items and/or ingredients pictured with the product you are purchasing are not included.","This information is supplied for your personal use only. It may not be reproduced in any way without the prior consent of Sainsbury's Supermarkets Ltd and due acknowledgement"],"attachments":[],"categories":[{"id":"578352","name":"Drinks festival"},{"id":"478380","name":"Bigger packs"},{"id":"506356","name":"Craft beer"},{"id":"506357","name":"Speciality beer"},{"id":"209283","name":"All gluten free"},{"id":"272762","name":"Beer"},{"id":"278253","name":"All lager"},{"id":"275894","name":"Multipack lager"},{"id":"318428","name":"All beer"},{"id":"453881","name":"All gluten free"},{"id":"462852","name":"All vegan"}],"attributes":{"brand":["Jubel"]},"is_supply_chain_orderable":false,"display_icons":["NEW"],"pdp_deep_link":"/shop/ProductDisplay?storeId=10151\u0026langId=44\u0026productId=1440874"},{"product_uid":"8160522","favourite_uid":null,"eans":["4072700001171"],"product_type":"BASIC","name":"Spaten Premium Helles Craft Lager Beer Bottle 500ml","image":"https://www.sainsburys.co.uk/wcsstore/ExtendedSitesCatalogAssetStore/images/catalog/productImages/71/4072700001171/4072700001171_L.jpeg","image_zoom":null,"image_thumbnail":"https://www.sainsburys.co.uk/wcsstore/ExtendedSitesCatalogAssetStore/images/catalog/productImages/71/4072700001171/4072700001171_M.jpeg","image_thumbnail_small":"https://www.sainsburys.co.uk/wcsstore/ExtendedSitesCatalogAssetStore/images/catalog/productImages/71/4072700001171/4072700001171_S.jpeg","full_url":"https://www.sainsburys.co.uk/shop/gb/groceries/product/details/spaten-premium-helles-craft-lager-beer-bottle-500ml","unit_price":{"price":5,"measure":"ltr","measure_amount":1},"retail_price":{"price":2.5,"measure":"unit"},"is_available":true,"promotions":[{"promotion_uid":"10650156","icon":"https://www.sainsburys.co.uk/wcsstore/Sainsburys/Promotion assets/Promotion icons/Buy_X_For_Y_Amt_S_Icon.gif","link":"/shop/PromotionDisplayView?promotionId=10650156\u0026productId=1492120\u0026langId=44\u0026storeId=10151","strap_line":"Buy any 3 for £6.00 with Nectar","start_date":"2024-09-17T23:00:00Z","end_date":"2024-11-15T00:00:00Z","original_price":0,"promo_mechanic_id":"14","is_nectar":true,"promo_type":"MULTIBUY_BUY_X_OF_VARIABLE_PRICE_FOR_Y","promo_group":"multi_buy"}],"hfss_restriction":[{"country":"ENG","restricted":false,"hfss_category":"Out of scope or Product not in a legislative category","hfss_score":0,"last_change_date":"2023-04-18T22:32:00Z"},{"country":"SCT","restricted":false,"hfss_category":"Out of scope or Product not in a legislative category","hfss_score":0,"last_change_date":"2023-04-18T22:32:00Z"},{"country":"WLS","restricted":false,"hfss_category":"Out of scope or Product not in a legislative category","hfss_score":0,"last_change_date":"2023-04-18T22:32:00Z"},{"country":"NIR","restricted":false,"hfss_category":"Out of scope or Product not in a legislative category","hfss_score":0,"last_change_date":"2023-04-18T22:32:00Z"}],"associations":[],"is_alcoholic":true,"is_spotlight":false,"is_intolerant":false,"is_mhra":false,"badges":[],"labels":[],"zone":null,"department":null,"reviews":{"is_enabled":true,"product_uid":"8160522","total":5,"average_rating":5},"breadcrumbs":[],"assets":{"plp_image":"https://assets.sainsburys-groceries.co.uk/gol/8160522/image.jpg","images":[],"video":[]},"description":[],"important_information":["The above details have been prepared to help you select suitable products. Products and their ingredients are liable to change.","\u003cstrong\u003eYou should always read the label before consuming or using the product and never rely solely on the information presented here.","If you require specific advice on any Sainsbury's branded product, please contact our Customer Careline on 0800 636262. For all other products, please contact the manufacturer, whose details will appear on the packaging or label. Sainsbury's is therefore unable to accept liability for any incorrect information.","You should also note that the picture / images show only our serving suggestions of how to serve or prepare your food – all accessories and additional items and/or ingredients pictured with the product you are purchasing are not included.","This information is supplied for your personal use only. It may not be reproduced in any way without the prior consent of Sainsbury's Supermarkets Ltd and due acknowledgement"],"attachments":[],"categories":[{"id":"506356","name":"Craft beer"},{"id":"242801","name":"Special offers"},{"id":"318428","name":"All beer"},{"id":"410356","name":"Special offers"}],"is_supply_chain_orderable":false,"display_icons":[],"pdp_deep_link":"/shop/ProductDisplay?storeId=10151\u0026langId=44\u0026productId=1492120"},{"product_uid":"8151242","favourite_uid":null,"eans":["9673383601075","5014379025170"],"product_type":"BASIC","name":"Camden Town Brewery Eazy Hazy IPA 4x330ml","image":"https://www.sainsburys.co.uk/wcsstore/ExtendedSitesCatalogAssetStore/images/catalog/productImages/70/5014379025170/5014379025170_L.jpeg","image_zoom":null,"image_thumbnail":"https://www.sainsburys.co.uk/wcsstore/ExtendedSitesCatalogAssetStore/images/catalog/productImages/70/5014379025170/5014379025170_M.jpeg","image_thumbnail_small":"https://www.sainsburys.co.uk/wcsstore/ExtendedSitesCatalogAssetStore/images/catalog/productImages/70/5014379025170/5014379025170_S.jpeg","full_url":"https://www.sainsburys.co.uk/shop/gb/groceries/product/details/camden-town-brewery-eazy-hazy-ipa-4x330ml","unit_price":{"price":4.73,"measure":"ltr","measure_amount":1},"retail_price":{"price":6.25,"measure":"unit"},"is_available":true,"promotions":[],"hfss_restriction":[{"country":"ENG","restricted":false,"hfss_category":"Out of scope or Product not in a legislative category","hfss_score":0,"last_change_date":"2023-02-20T19:54:05Z"},{"country":"SCT","restricted":false,"hfss_category":"Out of scope or Product not in a legislative category","hfss_score":0,"last_change_date":"2023-02-20T19:54:05Z"},{"country":"WLS","restricted":false,"hfss_category":"Out of scope or Product not in a legislative category","hfss_score":0,"last_change_date":"2023-02-20T19:54:05Z"},{"country":"NIR","restricted":false,"hfss_category":"Out of scope or Product not in a legislative category","hfss_score":0,"last_change_date":"2023-02-20T19:54:05Z"}],"not_for_eu":true,"associations":[],"is_alcoholic":true,"is_spotlight":false,"is_intolerant":false,"is_mhra":false,"badges":[],"labels":[],"zone":null,"department":null,"reviews":{"is_enabled":true,"product_uid":"8151242","total":33,"average_rating":4.8182},"breadcrumbs":[],"assets":{"plp_image":"https://assets.sainsburys-groceries.co.uk/gol/8151242/image.jpg","images":[],"video":[]},"description":[],"important_information":["The above details have been prepared to help you select suitable products. Products and their ingredients are liable to change.","\u003cstrong\u003eYou should always read the label before consuming or using the product and never rely solely on the information presented here.","If you require specific advice on any Sainsbury's branded product, please contact our Customer Careline on 0800 636262. For all other products, please contact the manufacturer, whose details will appear on the packaging or label. Sainsbury's is therefore unable to accept liability for any incorrect information.","You should also note that the picture / images show only our serving suggestions of how to serve or prepare your food – all accessories and additional items and/or ingredients pictured with the product you are purchasing are not included.","This information is supplied for your personal use only. It may not be reproduced in any way without the prior consent of Sainsbury's Supermarkets Ltd and due acknowledgement"],"attachments":[],"categories":[{"id":"578352","name":"Drinks festival"},{"id":"478380","name":"Bigger packs"},{"id":"560358","name":"Budweiser, Corona, Camden \u0026 Stella Artois"},{"id":"506356","name":"Craft beer"},{"id":"242801","name":"Special offers"},{"id":"318428","name":"All beer"},{"id":"410356","name":"Special offers"},{"id":"454372","name":"Special offers"},{"id":"461871","name":"Vegetarian \u0026 plant based"},{"id":"461863","name":"Vegan drinks"},{"id":"462352","name":"Special offers"},{"id":"462852","name":"All vegan"}],"attributes":{"brand":["Camden Town Brewery"]},"is_supply_chain_orderable":false,"display_icons":[],"pdp_deep_link":"/shop/ProductDisplay?storeId=10151\u0026langId=44\u0026productId=1480302"},{"product_uid":"8131572","favourite_uid":null,"eans":["5010153871964"],"product_type":"BASIC","name":"Brooklyn Brewery Brooklyn Pilsner Crisp Lager Beer 660ml","image":"https://www.sainsburys.co.uk/wcsstore/ExtendedSitesCatalogAssetStore/images/catalog/productImages/64/5010153871964/5010153871964_L.jpeg","image_zoom":null,"image_thumbnail":"https://www.sainsburys.co.uk/wcsstore/ExtendedSitesCatalogAssetStore/images/catalog/productImages/64/5010153871964/5010153871964_M.jpeg","image_thumbnail_small":"https://www.sainsburys.co.uk/wcsstore/ExtendedSitesCatalogAssetStore/images/catalog/productImages/64/5010153871964/5010153871964_S.jpeg","full_url":"https://www.sainsburys.co.uk/shop/gb/groceries/product/details/brooklyn-brewery-brooklyn-pilsner-crisp-lager-beer-660ml","unit_price":{"price":3.56,"measure":"ltr","measure_amount":1},"retail_price":{"price":2.35,"measure":"unit"},"is_available":true,"promotions":[{"promotion_uid":"10650156","icon":"https://www.sainsburys.co.uk/wcsstore/Sainsburys/Promotion assets/Promotion icons/Buy_X_For_Y_Amt_S_Icon.gif","link":"/shop/PromotionDisplayView?promotionId=10650156\u0026productId=1463966\u0026langId=44\u0026storeId=10151","strap_line":"Buy any 3 for £6.00 with Nectar","start_date":"2024-09-17T23:00:00Z","end_date":"2024-11-15T00:00:00Z","original_price":0,"promo_mechanic_id":"14","is_nectar":true,"promo_type":"MULTIBUY_BUY_X_OF_VARIABLE_PRICE_FOR_Y","promo_group":"multi_buy"}],"hfss_restriction":[{"country":"ENG","restricted":false,"hfss_category":"Out of scope or Product not in a legislative category","hfss_score":0,"last_change_date":"2022-09-23T11:47:11.937Z"},{"country":"SCT","restricted":false,"hfss_category":"Out of scope or Product not in a legislative category","hfss_score":0,"last_change_date":"2022-09-23T11:47:11.937Z"},{"country":"WLS","restricted":false,"hfss_category":"Out of scope or Product not in a legislative category","hfss_score":0,"last_change_date":"2022-09-23T11:47:11.937Z"},{"country":"NIR","restricted":false,"hfss_category":"Out of scope or Product not in a legislative category","hfss_score":0,"last_change_date":"2022-09-23T11:47:11.937Z"}],"not_for_eu":true,"associations":[],"is_alcoholic":true,"is_spotlight":false,"is_intolerant":false,"is_mhra":false,"badges":[],"labels":[],"zone":null,"department":null,"reviews":{"is_enabled":true,"product_uid":"8131572","total":84,"average_rating":4.3452},"breadcrumbs":[],"assets":{"plp_image":"https://assets.sainsburys-groceries.co.uk/gol/8131572/image.jpg","images":[],"video":[]},"description":[],"important_information":["The above details have been prepared to help you select suitable products. Products and their ingredients are liable to change.","\u003cstrong\u003eYou should always read the label before consuming or using the product and never rely solely on the information presented here.","If you require specific advice on any Sainsbury's branded product, please contact our Customer Careline on 0800 636262. For all other products, please contact the manufacturer, whose details will appear on the packaging or label. Sainsbury's is therefore unable to accept liability for any incorrect information.","You should also note that the picture / images show only our serving suggestions of how to serve or prepare your food – all accessories and additional items and/or ingredients pictured with the product you are purchasing are not included.","This information is supplied for your personal use only. It may not be reproduced in any way without the prior consent of Sainsbury's Supermarkets Ltd and due acknowledgement"],"attachments":[],"categories":[{"id":"565857","name":"San Miguel, Brooklyn, Poretti, Hobgoblin"},{"id":"242801","name":"Special offers"},{"id":"278253","name":"All lager"},{"id":"275896","name":"World lager"},{"id":"275897","name":"Single bottles"},{"id":"318428","name":"All beer"},{"id":"410356","name":"Special offers"}],"attributes":{"brand":["Brooklyn Brewery"]},"is_supply_chain_orderable":false,"display_icons":[],"pdp_deep_link":"/shop/ProductDisplay?storeId=10151\u0026langId=44\u0026productId=1463966"},{"product_uid":"8159222","favourite_uid":null,"eans":["8008440146038"],"product_type":"BASIC","name":"Asahi Super Dry Lager Beer Bottles 12x330ml","image":"https://www.sainsburys.co.uk/wcsstore/ExtendedSitesCatalogAssetStore/images/catalog/productImages/38/8008440146038/8008440146038_L.jpeg","image_zoom":null,"image_thumbnail":"https://www.sainsburys.co.uk/wcsstore/ExtendedSitesCatalogAssetStore/images/catalog/productImages/38/8008440146038/8008440146038_M.jpeg","image_thumbnail_small":"https://www.sainsburys.co.uk/wcsstore/ExtendedSitesCatalogAssetStore/images/catalog/productImages/38/8008440146038/8008440146038_S.jpeg","full_url":"https://www.sainsburys.co.uk/shop/gb/groceries/product/details/asahi-super-dry-12x330ml","unit_price":{"price":4.61,"measure":"ltr","measure_amount":1},"retail_price":{"price":18.25,"measure":"unit"},"is_available":true,"promotions":[],"hfss_restriction":[{"country":"ENG","restricted":false,"hfss_category":"Out of scope or Product not in a legislative category","hfss_score":0,"last_change_date":"2023-05-31T20:16:00Z"},{"country":"SCT","restricted":false,"hfss_category":"Out of scope or Product not in a legislative category","hfss_score":0,"last_change_date":"2023-05-31T20:16:00Z"},{"country":"WLS","restricted":false,"hfss_category":"Out of scope or Product not in a legislative category","hfss_score":0,"last_change_date":"2023-05-31T20:16:00Z"},{"country":"NIR","restricted":false,"hfss_category":"Out of scope or Product not in a legislative category","hfss_score":0,"last_change_date":"2023-05-31T20:16:00Z"}],"not_for_eu":true,"associations":[],"is_alcoholic":true,"is_spotlight":false,"is_intolerant":false,"is_mhra":false,"badges":[],"labels":[],"zone":null,"department":null,"reviews":{"is_enabled":true,"product_uid":"8159222","total":195,"average_rating":4.6359},"breadcrumbs":[],"assets":{"plp_image":"https://assets.sainsburys-groceries.co.uk/gol/8159222/image.jpg","images":[],"video":[]},"description":[],"important_information":["The above details have been prepared to help you select suitable products. Products and their ingredients are liable to change.","\u003cstrong\u003eYou should always read the label before consuming or using the product and never rely solely on the information presented here.","If you require specific advice on any Sainsbury's branded product, please contact our Customer Careline on 0800 636262. For all other products, please contact the manufacturer, whose details will appear on the packaging or label. Sainsbury's is therefore unable to accept liability for any incorrect information.","You should also note that the picture / images show only our serving suggestions of how to serve or prepare your food – all accessories and additional items and/or ingredients pictured with the product you are purchasing are not included.","This information is supplied for your personal use only. It may not be reproduced in any way without the prior consent of Sainsbury's Supermarkets Ltd and due acknowledgement"],"attachments":[],"categories":[{"id":"478380","name":"Bigger packs"},{"id":"242801","name":"Special offers"},{"id":"278253","name":"All lager"},{"id":"275894","name":"Multipack lager"},{"id":"275896","name":"World lager"},{"id":"318428","name":"All beer"},{"id":"410356","name":"Special offers"}],"attributes":{"brand":["Asahi"]},"is_supply_chain_orderable":false,"display_icons":[],"pdp_deep_link":"/shop/ProductDisplay?storeId=10151\u0026langId=44\u0026productId=1490770"},{"product_uid":"8152535","favourite_uid":null,"eans":["8008440149312"],"product_type":"BASIC","name":"Peroni Nastro Azzurro Stile Capri Beer Lager Bottles 10x330ml","image":"https://www.sainsburys.co.uk/wcsstore/ExtendedSitesCatalogAssetStore/images/catalog/productImages/12/8008440149312/8008440149312_L.jpeg","image_zoom":null,"image_thumbnail":"https://www.sainsburys.co.uk/wcsstore/ExtendedSitesCatalogAssetStore/images/catalog/productImages/12/8008440149312/8008440149312_M.jpeg","image_thumbnail_small":"https://www.sainsburys.co.uk/wcsstore/ExtendedSitesCatalogAssetStore/images/catalog/productImages/12/8008440149312/8008440149312_S.jpeg","full_url":"https://www.sainsburys.co.uk/shop/gb/groceries/product/details/peroni-nastro-azzurro-stile-capri-10x330ml","unit_price":{"price":4.24,"measure":"ltr","measure_amount":1},"retail_price":{"price":14,"measure":"unit"},"is_available":true,"promotions":[],"hfss_restriction":[{"country":"ENG","restricted":false,"hfss_category":"Out of scope or Product not in a legislative category","hfss_score":0,"last_change_date":"2023-02-24T20:50:04Z"},{"country":"SCT","restricted":false,"hfss_category":"Out of scope or Product not in a legislative category","hfss_score":0,"last_change_date":"2023-02-24T20:50:04Z"},{"country":"WLS","restricted":false,"hfss_category":"Out of scope or Product not in a legislative category","hfss_score":0,"last_change_date":"2023-02-24T20:50:04Z"},{"country":"NIR","restricted":false,"hfss_category":"Out of scope or Product not in a legislative category","hfss_score":0,"last_change_date":"2023-02-24T20:50:04Z"}],"not_for_eu":true,"associations":[],"is_alcoholic":true,"is_spotlight":false,"is_intolerant":false,"is_mhra":false,"badges":[],"labels":[],"zone":null,"department":null,"reviews":{"is_enabled":true,"product_uid":"8152535","total":206,"average_rating":4.5097},"breadcrumbs":[],"assets":{"plp_image":"https://assets.sainsburys-groceries.co.uk/gol/8152535/image.jpg","images":[],"video":[]},"description":[],"important_information":["The above details have been prepared to help you select suitable products. Products and their ingredients are liable to change.","\u003cstrong\u003eYou should always read the label before consuming or using the product and never rely solely on the information presented here.","If you require specific advice on any Sainsbury's branded product, please contact our Customer Careline on 0800 636262. For all other products, please contact the manufacturer, whose details will appear on the packaging or label. Sainsbury's is therefore unable to accept liability for any incorrect information.","You should also note that the picture / images show only our serving suggestions of how to serve or prepare your food – all accessories and additional items and/or ingredients pictured with the product you are purchasing are not included.","This information is supplied for your personal use only. It may not be reproduced in any way without the prior consent of Sainsbury's Supermarkets Ltd and due acknowledgement"],"attachments":[],"categories":[{"id":"577867","name":"Multibuy offers (valid for dels until 14th July)"},{"id":"578352","name":"Drinks festival"},{"id":"607919","name":"Win a VIP festival experience with Peroni Nastro Azzurro"},{"id":"610854","name":"Beer, Wine \u0026 Spirits"},{"id":"511357","name":"Summer of sport"},{"id":"278253","name":"All lager"},{"id":"275894","name":"Multipack lager"},{"id":"275896","name":"World lager"},{"id":"318428","name":"All beer"},{"id":"410380","name":"Special offers"}],"attributes":{"brand":["Peroni"]},"is_supply_chain_orderable":false,"display_icons":[],"pdp_deep_link":"/shop/ProductDisplay?storeId=10151\u0026langId=44\u0026productId=1481636"},{"product_uid":"8172964","favourite_uid":null,"eans":["5056025476417"],"product_type":"BASIC","name":"BrewDog Wingman Session IPA 12x330ml","image":"https://www.sainsburys.co.uk/wcsstore/ExtendedSitesCatalogAssetStore/images/catalog/productImages/17/5056025476417/5056025476417_L.jpeg","image_zoom":null,"image_thumbnail":"https://www.sainsburys.co.uk/wcsstore/ExtendedSitesCatalogAssetStore/images/catalog/productImages/17/5056025476417/5056025476417_M.jpeg","image_thumbnail_small":"https://www.sainsburys.co.uk/wcsstore/ExtendedSitesCatalogAssetStore/images/catalog/productImages/17/5056025476417/5056025476417_S.jpeg","full_url":"https://www.sainsburys.co.uk/shop/gb/groceries/product/details/brewdog-wingman-session-ipa-x12-330ml","unit_price":{"price":3.91,"measure":"ltr","measure_amount":1},"retail_price":{"price":15.5,"measure":"unit"},"is_available":true,"promotions":[],"hfss_restriction":[{"country":"ENG","restricted":false,"hfss_category":"Out of scope or Product not in a legislative category","hfss_score":0,"last_change_date":"2023-07-26T20:04:01Z"},{"country":"SCT","restricted":false,"hfss_category":"Out of scope or Product not in a legislative category","hfss_score":0,"last_change_date":"2023-07-26T20:04:01Z"},{"country":"WLS","restricted":false,"hfss_category":"Out of scope or Product not in a legislative category","hfss_score":0,"last_change_date":"2023-07-26T20:04:01Z"},{"country":"NIR","restricted":false,"hfss_category":"Out of scope or Product not in a legislative category","hfss_score":0,"last_change_date":"2023-07-26T20:04:01Z"}],"associations":[],"is_alcoholic":true,"is_spotlight":false,"is_intolerant":false,"is_mhra":false,"badges":[],"labels":[],"zone":null,"department":null,"reviews":{"is_enabled":true,"product_uid":"8172964","total":2,"average_rating":4.5},"breadcrumbs":[],"assets":{"plp_image":"https://assets.sainsburys-groceries.co.uk/gol/8172964/image.jpg","images":[],"video":[]},"description":[],"important_information":["The above details have been prepared to help you select suitable products. Products and their ingredients are liable to change.","\u003cstrong\u003eYou should always read the label before consuming or using the product and never rely solely on the information presented here.","If you require specific advice on any Sainsbury's branded product, please contact our Customer Careline on 0800 636262. For all other products, please contact the manufacturer, whose details will appear on the packaging or label. Sainsbury's is therefore unable to accept liability for any incorrect information.","You should also note that the picture / images show only our serving suggestions of how to serve or prepare your food – all accessories and additional items and/or ingredients pictured with the product you are purchasing are not included.","This information is supplied for your personal use only. It may not be reproduced in any way without the prior consent of Sainsbury's Supermarkets Ltd and due acknowledgement"],"attachments":[],"categories":[{"id":"610861","name":"Father's Day"},{"id":"506356","name":"Craft beer"},{"id":"12399","name":"Bigger multipacks"},{"id":"318428","name":"All beer"},{"id":"461863","name":"Vegan drinks"},{"id":"462852","name":"All vegan"}],"attributes":{"brand":["BrewDog"]},"is_supply_chain_orderable":false,"display_icons":[],"pdp_deep_link":"/shop/ProductDisplay?storeId=10151\u0026langId=44\u0026productId=1505970"},{"product_uid":"8022065","favourite_uid":null,"eans":["4003669016203"],"product_type":"BASIC","name":"Schneider Weisse Tap7 Original Hefe Beer 500ml","image":"https://www.sainsburys.co.uk/wcsstore/ExtendedSitesCatalogAssetStore/images/catalog/productImages/03/4003669016203/4003669016203_L.jpeg","image_zoom":null,"image_thumbnail":"https://www.sainsburys.co.uk/wcsstore/ExtendedSitesCatalogAssetStore/images/catalog/productImages/03/4003669016203/4003669016203_M.jpeg","image_thumbnail_small":"https://www.sainsburys.co.uk/wcsstore/ExtendedSitesCatalogAssetStore/images/catalog/productImages/03/4003669016203/4003669016203_S.jpeg","full_url":"https://www.sainsburys.co.uk/shop/gb/groceries/product/details/schneider-weisse-tap7-original-hefe-beer-500ml","unit_price":{"price":4.4,"measure":"ltr","measure_amount":1},"retail_price":{"price":2.2,"measure":"unit"},"is_available":true,"promotions":[],"hfss_restriction":[{"country":"ENG","restricted":false,"hfss_category":"Out of scope or Product not in a legislative category","hfss_score":0,"last_change_date":"2022-09-23T11:46:22.477Z"},{"country":"SCT","restricted":false,"hfss_category":"Out of scope or Product not in a legislative category","hfss_score":0,"last_change_date":"2022-09-23T11:46:22.477Z"},{"country":"WLS","restricted":false,"hfss_category":"Out of scope or Product not in a legislative category","hfss_score":0,"last_change_date":"2022-09-23T11:46:22.477Z"},{"country":"NIR","restricted":false,"hfss_category":"Out of scope or Product not in a legislative category","hfss_score":0,"last_change_date":"2022-09-23T11:46:22.477Z"}],"not_for_eu":true,"associations":[],"is_alcoholic":true,"is_spotlight":false,"is_intolerant":false,"is_mhra":false,"badges":[],"labels":[],"zone":null,"department":null,"reviews":{"is_enabled":true,"product_uid":"8022065","total":6,"average_rating":4.8333},"breadcrumbs":[],"assets":{"plp_image":"https://assets.sainsburys-groceries.co.uk/gol/8022065/image.jpg","images":[],"video":[]},"description":[],"important_information":["The above details have been prepared to help you select suitable products. Products and their ingredients are liable to change.","\u003cstrong\u003eYou should always read the label before consuming or using the product and never rely solely on the information presented here.","If you require specific advice on any Sainsbury's branded product, please contact our Customer Careline on 0800 636262. For all other products, please contact the manufacturer, whose details will appear on the packaging or label. Sainsbury's is therefore unable to accept liability for any incorrect information.","You should also note that the picture / images show only our serving suggestions of how to serve or prepare your food – all accessories and additional items and/or ingredients pictured with the product you are purchasing are not included.","This information is supplied for your personal use only. It may not be reproduced in any way without the prior consent of Sainsbury's Supermarkets Ltd and due acknowledgement"],"attachments":[],"categories":[{"id":"506356","name":"Craft beer"},{"id":"506357","name":"Speciality beer"},{"id":"318428","name":"All beer"}],"attributes":{"brand":["Schneider Weisse","Suprisingly Good"]},"is_supply_chain_orderable":false,"display_icons":[],"pdp_deep_link":"/shop/ProductDisplay?storeId=10151\u0026langId=44\u0026productId=1351554"},{"product_uid":"8185449","favourite_uid":null,"eans":["5035766065456"],"product_type":"BASIC","name":"Cruzcampo Sevilla Lager Beer Can 10x440ml","image":"https://www.sainsburys.co.uk/wcsstore/ExtendedSitesCatalogAssetStore/images/catalog/productImages/56/5035766065456/5035766065456_L.jpeg","image_zoom":null,"image_thumbnail":"https://www.sainsburys.co.uk/wcsstore/ExtendedSitesCatalogAssetStore/images/catalog/productImages/56/5035766065456/5035766065456_M.jpeg","image_thumbnail_small":"https://www.sainsburys.co.uk/wcsstore/ExtendedSitesCatalogAssetStore/images/catalog/productImages/56/5035766065456/5035766065456_S.jpeg","full_url":"https://www.sainsburys.co.uk/shop/gb/groceries/product/details/cruzcampo-sevilla-lager-beer-can-10x440ml","unit_price":{"price":2.84,"measure":"ltr","measure_amount":1},"retail_price":{"price":10,"measure":"unit"},"nectar_price":{"retail_price":10,"unit_price":2.27,"measure":"unit","url":"https://www.sainsburys.co.uk/shop/gb/groceries/new---trending/nectar-prices","category_seo_url":"gb/groceries/new---trending/nectar-prices"},"is_available":true,"promotions":[{"promotion_uid":"10643121","icon":"https://www.sainsburys.co.uk/wcsstore/Sainsburys/Promotion assets/Promotion icons/Buy_X_For_Y_Amt_S_Icon.gif","link":"/shop/PromotionDisplayView?promotionId=10643121\u0026productId=1521096\u0026langId=44\u0026storeId=10151","strap_line":"Buy 1 for 10","start_date":"2024-09-17T23:00:00Z","end_date":"2024-10-07T23:00:00Z","original_price":12.5,"promo_mechanic_id":"99","is_nectar":true,"promo_type":"SIMPLE_FIXED_PRICE","promo_group":"simple"}],"hfss_restriction":[{"country":"ENG","restricted":false,"hfss_category":"Out of scope or Product not in a legislative category","hfss_score":0,"last_change_date":"2024-04-03T21:03:00Z"},{"country":"SCT","restricted":false,"hfss_category":"Out of scope or Product not in a legislative category","hfss_score":0,"last_change_date":"2024-04-03T21:03:00Z"},{"country":"WLS","restricted":false,"hfss_category":"Out of scope or Product not in a legislative category","hfss_score":0,"last_change_date":"2024-04-03T21:03:00Z"},{"country":"NIR","restricted":false,"hfss_category":"Out of scope or Product not in a legislative category","hfss_score":0,"last_change_date":"2024-04-03T21:03:00Z"}],"associations":[],"is_alcoholic":true,"is_spotlight":false,"is_intolerant":false,"is_mhra":false,"badges":[],"labels":[],"zone":null,"department":null,"reviews":{"is_enabled":true,"product_uid":"8185449","total":27,"average_rating":4.6296},"breadcrumbs":[],"assets":{"plp_image":"https://assets.sainsburys-groceries.co.uk/gol/8185449/image.jpg","images":[],"video":[]},"description":[],"important_information":["The above details have been prepared to help you select suitable products. Products and their ingredients are liable to change.","\u003cstrong\u003eYou should always read the label before consuming or using the product and never rely solely on the information presented here.","If you require specific advice on any Sainsbury's branded product, please contact our Customer Careline on 0800 636262. For all other products, please contact the manufacturer, whose details will appear on the packaging or label. Sainsbury's is therefore unable to accept liability for any incorrect information.","You should also note that the picture / images show only our serving suggestions of how to serve or prepare your food – all accessories and additional items and/or ingredients pictured with the product you are purchasing are not included.","This information is supplied for your personal use only. It may not be reproduced in any way without the prior consent of Sainsbury's Supermarkets Ltd and due acknowledgement"],"attachments":[],"categories":[{"id":"478380","name":"Bigger packs"},{"id":"610854","name":"Beer, Wine \u0026 Spirits"},{"id":"607897","name":"Beer \u0026 cider"},{"id":"607901","name":"Bigger packs"},{"id":"511357","name":"Summer of sport"},{"id":"242801","name":"Special offers"},{"id":"278253","name":"All lager"},{"id":"275894","name":"Multipack lager"},{"id":"318428","name":"All beer"},{"id":"410356","name":"Special offers"}],"header":{"text":"Nectar price","type":"NECTAR"},"attributes":{"brand":["Cruzcampo"]},"is_supply_chain_orderable":false,"display_icons":[],"pdp_deep_link":"/shop/ProductDisplay?storeId=10151\u0026langId=44\u0026productId=1521096"},{"product_uid":"8086602","favourite_uid":null,"eans":["5901359074573","0021548753227"],"product_type":"BASIC","name":"Tyskie Polish Beer Lager Cans 4x500ml","image":"https://www.sainsburys.co.uk/wcsstore/ExtendedSitesCatalogAssetStore/images/catalog/productImages/73/5901359074573/5901359074573_L.jpeg","image_zoom":null,"image_thumbnail":"https://www.sainsburys.co.uk/wcsstore/ExtendedSitesCatalogAssetStore/images/catalog/productImages/73/5901359074573/5901359074573_M.jpeg","image_thumbnail_small":"https://www.sainsburys.co.uk/wcsstore/ExtendedSitesCatalogAssetStore/images/catalog/productImages/73/5901359074573/5901359074573_S.jpeg","full_url":"https://www.sainsburys.co.uk/shop/gb/groceries/product/details/tyskie-polish-lager-4x500ml","unit_price":{"price":3,"measure":"ltr","measure_amount":1},"retail_price":{"price":6,"measure":"unit"},"is_available":true,"promotions":[],"hfss_restriction":[{"country":"ENG","restricted":false,"hfss_category":"Out of scope or Product not in a legislative category","hfss_score":0,"last_change_date":"2022-09-23T11:46:24.898Z"},{"country":"SCT","restricted":false,"hfss_category":"Out of scope or Product not in a legislative category","hfss_score":0,"last_change_date":"2022-09-23T11:46:24.898Z"},{"country":"WLS","restricted":false,"hfss_category":"Out of scope or Product not in a legislative category","hfss_score":0,"last_change_date":"2022-09-23T11:46:24.898Z"},{"country":"NIR","restricted":false,"hfss_category":"Out of scope or Product not in a legislative category","hfss_score":0,"last_change_date":"2022-09-23T11:46:24.898Z"}],"not_for_eu":true,"associations":[],"is_alcoholic":true,"is_spotlight":false,"is_intolerant":false,"is_mhra":false,"badges":[],"labels":[],"zone":null,"department":null,"reviews":{"is_enabled":true,"product_uid":"8086602","total":0,"average_rating":0},"breadcrumbs":[],"assets":{"plp_image":"https://assets.sainsburys-groceries.co.uk/gol/8086602/image.jpg","images":[],"video":[]},"description":[],"important_information":["The above details have been prepared to help you select suitable products. Products and their ingredients are liable to change.","\u003cstrong\u003eYou should always read the label before consuming or using the product and never rely solely on the information presented here.","If you require specific advice on any Sainsbury's branded product, please contact our Customer Careline on 0800 636262. For all other products, please contact the manufacturer, whose details will appear on the packaging or label. Sainsbury's is therefore unable to accept liability for any incorrect information.","You should also note that the picture / images show only our serving suggestions of how to serve or prepare your food – all accessories and additional items and/or ingredients pictured with the product you are purchasing are not included.","This information is supplied for your personal use only. It may not be reproduced in any way without the prior consent of Sainsbury's Supermarkets Ltd and due acknowledgement"],"attachments":[],"categories":[{"id":"278253","name":"All lager"},{"id":"275894","name":"Multipack lager"},{"id":"318428","name":"All beer"}],"attributes":{"brand":["Tyskie"]},"is_supply_chain_orderable":false,"display_icons":[],"pdp_deep_link":"/shop/ProductDisplay?storeId=10151\u0026langId=44\u0026productId=1420106"},{"product_uid":"8062389","favourite_uid":null,"eans":["5056025440104"],"product_type":"BASIC","name":"BrewDog Triple Hazy New England IPA 440ml","image":"https://www.sainsburys.co.uk/wcsstore/ExtendedSitesCatalogAssetStore/images/catalog/productImages/04/5056025440104/5056025440104_L.jpeg","image_zoom":null,"image_thumbnail":"https://www.sainsburys.co.uk/wcsstore/ExtendedSitesCatalogAssetStore/images/catalog/productImages/04/5056025440104/5056025440104_M.jpeg","image_thumbnail_small":"https://www.sainsburys.co.uk/wcsstore/ExtendedSitesCatalogAssetStore/images/catalog/productImages/04/5056025440104/5056025440104_S.jpeg","full_url":"https://www.sainsburys.co.uk/shop/gb/groceries/product/details/brewdog-triple-hazy-new-england-ipa-440ml","unit_price":{"price":10.8,"measure":"ltr","measure_amount":1},"retail_price":{"price":4.75,"measure":"unit"},"is_available":true,"promotions":[{"promotion_uid":"10650261","icon":"https://www.sainsburys.co.uk/wcsstore/Sainsburys/Promotion assets/Promotion icons/Buy_X_Get_Y_Chepeast_Free_S_Icon.gif","link":"/shop/PromotionDisplayView?promotionId=10650261\u0026productId=1396266\u0026langId=44\u0026storeId=10151","strap_line":"Buy 4 get 1 cheapest free with Nectar","start_date":"2024-09-17T23:00:00Z","end_date":"2024-11-15T00:00:00Z","original_price":0,"promo_mechanic_id":"22","is_nectar":true,"promo_type":"MULTIBUY_BUY_X_GET_Y_CHEAPEST_FREE","promo_group":"multi_buy"}],"hfss_restriction":[{"country":"ENG","restricted":false,"hfss_category":"Out of scope or Product not in a legislative category","hfss_score":0,"last_change_date":"2022-09-23T11:46:18.756Z"},{"country":"SCT","restricted":false,"hfss_category":"Out of scope or Product not in a legislative category","hfss_score":0,"last_change_date":"2022-09-23T11:46:18.756Z"},{"country":"WLS","restricted":false,"hfss_category":"Out of scope or Product not in a legislative category","hfss_score":0,"last_change_date":"2022-09-23T11:46:18.756Z"},{"country":"NIR","restricted":false,"hfss_category":"Out of scope or Product not in a legislative category","hfss_score":0,"last_change_date":"2022-09-23T11:46:18.756Z"}],"not_for_eu":true,"associations":[],"is_alcoholic":true,"is_spotlight":false,"is_intolerant":false,"is_mhra":false,"badges":[],"labels":[],"zone":null,"department":null,"reviews":{"is_enabled":true,"product_uid":"8062389","total":3,"average_rating":5},"breadcrumbs":[],"assets":{"plp_image":"https://assets.sainsburys-groceries.co.uk/gol/8062389/image.jpg","images":[],"video":[]},"description":[],"important_information":["The above details have been prepared to help you select suitable products. Products and their ingredients are liable to change.","\u003cstrong\u003eYou should always read the label before consuming or using the product and never rely solely on the information presented here.","If you require specific advice on any Sainsbury's branded product, please contact our Customer Careline on 0800 636262. For all other products, please contact the manufacturer, whose details will appear on the packaging or label. Sainsbury's is therefore unable to accept liability for any incorrect information.","You should also note that the picture / images show only our serving suggestions of how to serve or prepare your food – all accessories and additional items and/or ingredients pictured with the product you are purchasing are not included.","This information is supplied for your personal use only. It may not be reproduced in any way without the prior consent of Sainsbury's Supermarkets Ltd and due acknowledgement"],"attachments":[],"categories":[{"id":"506356","name":"Craft beer"},{"id":"12260","name":"World beer"},{"id":"242801","name":"Special offers"},{"id":"318428","name":"All beer"},{"id":"410356","name":"Special offers"}],"attributes":{"brand":["BrewDog"]},"is_supply_chain_orderable":false,"display_icons":[],"pdp_deep_link":"/shop/ProductDisplay?storeId=10151\u0026langId=44\u0026productId=1396266"},{"product_uid":"8172956","favourite_uid":null,"eans":["5056025475854"],"product_type":"BASIC","name":"BrewDog Wingman Session IPA 4x330ml","image":"https://www.sainsburys.co.uk/wcsstore/ExtendedSitesCatalogAssetStore/images/catalog/productImages/54/5056025475854/5056025475854_L.jpeg","image_zoom":null,"image_thumbnail":"https://www.sainsburys.co.uk/wcsstore/ExtendedSitesCatalogAssetStore/images/catalog/productImages/54/5056025475854/5056025475854_M.jpeg","image_thumbnail_small":"https://www.sainsburys.co.uk/wcsstore/ExtendedSitesCatalogAssetStore/images/catalog/productImages/54/5056025475854/5056025475854_S.jpeg","full_url":"https://www.sainsburys.co.uk/shop/gb/groceries/product/details/brewdog-wingman-session-ipa-x4-330ml","unit_price":{"price":4.73,"measure":"ltr","measure_amount":1},"retail_price":{"price":5.25,"measure":"unit"},"nectar_price":{"retail_price":5.25,"unit_price":3.97,"measure":"unit","url":"https://www.sainsburys.co.uk/shop/gb/groceries/new---trending/nectar-prices","category_seo_url":"gb/groceries/new---trending/nectar-prices"},"is_available":true,"promotions":[{"promotion_uid":"10644102","icon":"https://www.sainsburys.co.uk/wcsstore/Sainsburys/Promotion assets/Promotion icons/Buy_X_For_Y_Amt_S_Icon.gif","link":"/shop/PromotionDisplayView?promotionId=10644102\u0026productId=1505966\u0026langId=44\u0026storeId=10151","strap_line":"Buy 1 for 5.25","start_date":"2024-09-17T23:00:00Z","end_date":"2024-10-07T23:00:00Z","original_price":6.25,"promo_mechanic_id":"99","is_nectar":true,"promo_type":"SIMPLE_FIXED_PRICE","promo_group":"simple"}],"hfss_restriction":[{"country":"ENG","restricted":false,"hfss_category":"Out of scope or Product not in a legislative category","hfss_score":0,"last_change_date":"2023-07-26T20:12:03Z"},{"country":"SCT","restricted":false,"hfss_category":"Out of scope or Product not in a legislative category","hfss_score":0,"last_change_date":"2023-07-26T20:12:03Z"},{"country":"WLS","restricted":false,"hfss_category":"Out of scope or Product not in a legislative category","hfss_score":0,"last_change_date":"2023-07-26T20:12:03Z"},{"country":"NIR","restricted":false,"hfss_category":"Out of scope or Product not in a legislative category","hfss_score":0,"last_change_date":"2023-07-26T20:12:03Z"}],"associations":[],"is_alcoholic":true,"is_spotlight":false,"is_intolerant":false,"is_mhra":false,"badges":[],"labels":[],"zone":null,"department":null,"reviews":{"is_enabled":true,"product_uid":"8172956","total":2,"average_rating":4.5},"breadcrumbs":[],"assets":{"plp_image":"https://assets.sainsburys-groceries.co.uk/gol/8172956/image.jpg","images":[],"video":[]},"description":[],"important_information":["The above details have been prepared to help you select suitable products. Products and their ingredients are liable to change.","\u003cstrong\u003eYou should always read the label before consuming or using the product and never rely solely on the information presented here.","If you require specific advice on any Sainsbury's branded product, please contact our Customer Careline on 0800 636262. For all other products, please contact the manufacturer, whose details will appear on the packaging or label. Sainsbury's is therefore unable to accept liability for any incorrect information.","You should also note that the picture / images show only our serving suggestions of how to serve or prepare your food – all accessories and additional items and/or ingredients pictured with the product you are purchasing are not included.","This information is supplied for your personal use only. It may not be reproduced in any way without the prior consent of Sainsbury's Supermarkets Ltd and due acknowledgement"],"attachments":[],"categories":[{"id":"506356","name":"Craft beer"},{"id":"12399","name":"Bigger multipacks"},{"id":"18693","name":"Special offers"},{"id":"242801","name":"Special offers"},{"id":"318428","name":"All beer"},{"id":"410356","name":"Special offers"},{"id":"454372","name":"Special offers"},{"id":"461863","name":"Vegan drinks"},{"id":"462352","name":"Special offers"},{"id":"462852","name":"All vegan"}],"header":{"text":"Nectar price","type":"NECTAR"},"attributes":{"brand":["BrewDog"]},"is_supply_chain_orderable":false,"display_icons":[],"pdp_deep_link":"/shop/ProductDisplay?storeId=10151\u0026langId=44\u0026productId=1505966"}],"controls":{"sort":{"active":"FAVOURITES_FIRST","options":[{"display":"Relevance","value":"FAVOURITES_FIRST"},{"display":"Price - Low to High","value":"PRICE_ASC"},{"display":"Price - High to Low","value":"PRICE_DESC"},{"display":"Product Name - A to Z","value":"NAME_ASC"},{"display":"Product Name - Z to A","value":"NAME_DESC"},{"display":"Top Sellers","value":"TOP_SELLERS"},{"display":"Ratings - High to Low","value":"RATINGS_DESC"}]},"total_record_count":621,"returned_record_count":90,"page":{"active":2,"first":1,"last":2,"size":90,"size_options":[30,60,90]},"filters":[{"key":"nav_Filter-Your-Results","label":"Filter Your Results","type":"MULTI_SELECT","values":[{"id":"87","label":"Favourites","value":"Favourites","selected":false,"enabled":false},{"id":"86","label":"New","value":"New","selected":false,"enabled":true},{"id":"88","label":"Offers \u0026 Nectar Prices","value":"Offers","selected":false,"enabled":true}]},{"key":"nav_Brand","label":"Brand","type":"MULTI_SELECT","values":[{"id":"887","label":"Sainsbury's","value":"Sainsbury's","selected":false,"enabled":true},{"id":"4294965927","label":"BrewDog","value":"BrewDog","selected":false,"enabled":true},{"id":"4294966346","label":"Taste the Difference","value":"Taste-the-Difference","selected":false,"enabled":true},{"id":"4294964579","label":"Stella Artois","value":"Stella-Artois","selected":false,"enabled":true},{"id":"4294963826","label":"Kopparberg","value":"Kopparberg","selected":false,"enabled":true},{"id":"4294963466","label":"Peroni","value":"Peroni","selected":false,"enabled":true},{"id":"4294962992","label":"Thatchers","value":"Thatchers","selected":false,"enabled":true},{"id":"4294958009","label":"Beavertown","value":"Beavertown","selected":false,"enabled":true},{"id":"4294964491","label":"Guinness","value":"Guinness","selected":false,"enabled":true},{"id":"4294959086","label":"Adnams","value":"Adnams","selected":false,"enabled":true},{"id":"4294962529","label":"Birra Moretti","value":"Birra-Moretti","selected":false,"enabled":true},{"id":"4294962988","label":"Strongbow","value":"Strongbow","selected":false,"enabled":true},{"id":"4294963593","label":"Budweiser","value":"Budweiser","selected":false,"enabled":true},{"id":"4294950804","label":"Camden Town Brewery","value":"Camden-Town-Brewery","selected":false,"enabled":true},{"id":"4294961032","label":"Corona","value":"Corona","selected":false,"enabled":true},{"id":"4294964589","label":"Jack Daniel's","value":"Jack-Daniel's","selected":false,"enabled":true},{"id":"4294950106","label":"Northern Monk","value":"Northern-Monk","selected":false,"enabled":true},{"id":"4294963830","label":"Old Jamaica","value":"Old-Jamaica","selected":false,"enabled":true},{"id":"4294956663","label":"St Austell Brewery","value":"St-Austell-Brewery","selected":false,"enabled":true},{"id":"4294954510","label":"Tiny Rebel","value":"Tiny-Rebel","selected":false,"enabled":true}]},{"key":"diet_Dietary_and_Lifestyle_Options","label":"Dietary and Lifestyle Options","type":"MULTI_SELECT","values":[{"id":"4294966273","label":"Fairtrade Foundation","value":"FairtradeFoundation","selected":false,"enabled":true},{"id":"4294965889","label":"Gluten free","value":"Gluten-free","selected":false,"enabled":true},{"id":"4294966168","label":"Keep Frozen","value":"KeepFrozen","selected":false,"enabled":true},{"id":"4294966372","label":"Keep Refrigerated","value":"KeepRefrigerated","selected":false,"enabled":true},{"id":"4294966337","label":"Kosher","value":"Kosher","selected":false,"enabled":true},{"id":"4294966369","label":"Low Salt","value":"Low-Salt","selected":false,"enabled":true},{"id":"4294966391","label":"No Added Sugar","value":"NoAddedSugar","selected":false,"enabled":true},{"id":"4294965801","label":"Not Suitable for Home Freezing","value":"NotSuitableforFreezing","selected":false,"enabled":true},{"id":"4294966045","label":"Organic","value":"Organic","selected":false,"enabled":true},{"id":"4294966164","label":"Suitable for Coeliacs","value":"SuitableforCoeliacs","selected":false,"enabled":true},{"id":"4294966347","label":"Suitable for Home Freezing","value":"SuitableForHomeFreezing","selected":false,"enabled":true},{"id":"4294966367","label":"Suitable for Vegans","value":"Vegans","selected":false,"enabled":true},{"id":"4294966409","label":"Suitable for Vegetarians","value":"Vegetarians","selected":false,"enabled":true}]},{"key":"cat_Category","label":"Category","type":"SINGLE_SELECT","values":[{"label":"All Categories","value":"all","selected":true,"enabled":true},{"id":"448352","label":"Beauty \u0026 cosmetics","value":"beauty-and-cosmetics","selected":false,"enabled":true},{"id":"65656","label":"Christmas","value":"Christmas","selected":false,"enabled":true},{"id":"428866","label":"Dairy, eggs \u0026 chilled","value":"dairy-eggs-and-chilled","selected":false,"enabled":true},{"id":"453878","label":"Dietary \u0026 world foods","value":"dietary-and-lifestyle","selected":false,"enabled":true},{"id":"12192","label":"Drinks","value":"drinks","selected":false,"enabled":true},{"id":"12422","label":"Food cupboard","value":"food-cupboard","selected":false,"enabled":true},{"id":"218831","label":"Frozen","value":"frozen-","selected":false,"enabled":true},{"id":"12518","label":"Fruit \u0026 vegetables","value":"fruit-veg","selected":false,"enabled":true},{"id":"281806","label":"Homeware \u0026 outdoor","value":"home","selected":false,"enabled":true},{"id":"13343","label":"Meat \u0026 fish","value":"meat-fish","selected":false,"enabled":true},{"id":"12298","label":"Pet","value":"pet","selected":false,"enabled":true},{"id":"355372","label":"Seasonal inspiration","value":"new---trending","selected":false,"enabled":true},{"id":"248078","label":"Summer","value":"summer","selected":false,"enabled":true},{"id":"12448","label":"Toiletries \u0026 health","value":"health-beauty","selected":false,"enabled":true}]},{"key":"subcat_SubCategory","label":"SubCategory","type":"SINGLE_SELECT","values":[{"label":"All Subcategories","value":"all","selected":true,"enabled":false}]},{"key":"aisle_Aisle","label":"Aisle","type":"SINGLE_SELECT","values":[{"label":"All Aisles","value":"all","selected":true,"enabled":false}]},{"key":"shelf_Shelf","label":"Shelf","type":"SINGLE_SELECT","values":[{"label":"All Shelves","value":"all","selected":true,"enabled":false}]}]}}</pre><div class="json-formatter-container"></div></body></html>