<html><head><meta name="color-scheme" content="light dark"><meta charset="utf-8"></head><body><pre>{"products":[{"product_uid":"7376852","favourite_uid":null,"eans":["5010017083441","5010017109820","5014379012897"],"product_type":"BASIC","name":"Stella Artois Premium Lager Beer Cans 18x440ml","image":"https://www.sainsburys.co.uk/wcsstore/ExtendedSitesCatalogAssetStore/images/catalog/productImages/97/5014379012897/5014379012897_L.jpeg","image_zoom":null,"image_thumbnail":"https://www.sainsburys.co.uk/wcsstore/ExtendedSitesCatalogAssetStore/images/catalog/productImages/97/5014379012897/5014379012897_M.jpeg","image_thumbnail_small":"https://www.sainsburys.co.uk/wcsstore/ExtendedSitesCatalogAssetStore/images/catalog/productImages/97/5014379012897/5014379012897_S.jpeg","full_url":"https://www.sainsburys.co.uk/shop/gb/groceries/product/details/stella-artois-premium-lager-beer-cans-18x440ml","unit_price":{"price":2.27,"measure":"ltr","measure_amount":1},"retail_price":{"price":18,"measure":"unit"},"is_available":true,"promotions":[],"hfss_restriction":[{"country":"ENG","restricted":false,"hfss_category":"Out of scope or Product not in a legislative category","hfss_score":0,"last_change_date":"2022-09-23T11:46:38.688Z"},{"country":"SCT","restricted":false,"hfss_category":"Out of scope or Product not in a legislative category","hfss_score":0,"last_change_date":"2022-09-23T11:46:38.688Z"},{"country":"WLS","restricted":false,"hfss_category":"Out of scope or Product not in a legislative category","hfss_score":0,"last_change_date":"2022-09-23T11:46:38.688Z"},{"country":"NIR","restricted":false,"hfss_category":"Out of scope or Product not in a legislative category","hfss_score":0,"last_change_date":"2022-09-23T11:46:38.688Z"}],"not_for_eu":true,"associations":[],"is_alcoholic":true,"is_spotlight":false,"is_intolerant":false,"is_mhra":false,"badges":[],"labels":[],"zone":null,"department":null,"reviews":{"is_enabled":true,"product_uid":"7376852","total":95,"average_rating":3.1684},"breadcrumbs":[],"assets":{"plp_image":"https://assets.sainsburys-groceries.co.uk/gol/7376852/image.jpg","images":[],"video":[]},"description":[],"important_information":["The above details have been prepared to help you select suitable products. Products and their ingredients are liable to change.","\u003cstrong\u003eYou should always read the label before consuming or using the product and never rely solely on the information presented here.","If you require specific advice on any Sainsbury's branded product, please contact our Customer Careline on 0800 636262. For all other products, please contact the manufacturer, whose details will appear on the packaging or label. Sainsbury's is therefore unable to accept liability for any incorrect information.","You should also note that the picture / images show only our serving suggestions of how to serve or prepare your food – all accessories and additional items and/or ingredients pictured with the product you are purchasing are not included.","This information is supplied for your personal use only. It may not be reproduced in any way without the prior consent of Sainsbury's Supermarkets Ltd and due acknowledgement"],"attachments":[],"categories":[{"id":"607865","name":"Stock up"},{"id":"594093","name":"Beer \u0026 cider"},{"id":"594094","name":"Bigger packs"},{"id":"594069","name":"Stock up"},{"id":"494354","name":"Drinks"},{"id":"480353","name":"Bigger packs"},{"id":"560358","name":"Budweiser, Corona, Camden \u0026 Stella Artois"},{"id":"607915","name":"Drinks"},{"id":"610861","name":"Father's Day"},{"id":"607897","name":"Beer \u0026 cider"},{"id":"607901","name":"Bigger packs"},{"id":"623354","name":"Drinks"},{"id":"511357","name":"Summer of sport"},{"id":"278253","name":"All lager"},{"id":"275894","name":"Multipack lager"},{"id":"318428","name":"All beer"},{"id":"410368","name":"Special offers"},{"id":"410363","name":"Special offers"},{"id":"410380","name":"Special offers"},{"id":"424861","name":"Special offers"},{"id":"431864","name":"Summer is coming"},{"id":"431867","name":"Watch the sport"},{"id":"432368","name":"Special offers"},{"id":"432369","name":"New"},{"id":"448868","name":"New"},{"id":"450357","name":"All Christmas"},{"id":"462356","name":"Special offers"},{"id":"478380","name":"Bigger packs"}],"attributes":{"brand":["Stella Artois"]},"is_supply_chain_orderable":false,"display_icons":["10PacksMax"],"pdp_deep_link":"/shop/ProductDisplay?storeId=10151\u0026langId=44\u0026productId=98420"},{"product_uid":"7910070","favourite_uid":null,"eans":["5035766181460","5035766185291"],"product_type":"BASIC","name":"Foster's Lager Beer Cans 18x440ml","image":"https://www.sainsburys.co.uk/wcsstore/ExtendedSitesCatalogAssetStore/images/catalog/productImages/91/5035766185291/5035766185291_L.jpeg","image_zoom":null,"image_thumbnail":"https://www.sainsburys.co.uk/wcsstore/ExtendedSitesCatalogAssetStore/images/catalog/productImages/91/5035766185291/5035766185291_M.jpeg","image_thumbnail_small":"https://www.sainsburys.co.uk/wcsstore/ExtendedSitesCatalogAssetStore/images/catalog/productImages/91/5035766185291/5035766185291_S.jpeg","full_url":"https://www.sainsburys.co.uk/shop/gb/groceries/product/details/fosters-lager-18x440ml","unit_price":{"price":1.89,"measure":"ltr","measure_amount":1},"retail_price":{"price":12,"measure":"unit"},"nectar_price":{"retail_price":12,"unit_price":1.51,"measure":"unit","url":"https://www.sainsburys.co.uk/shop/gb/groceries/new---trending/nectar-prices","category_seo_url":"gb/groceries/new---trending/nectar-prices"},"is_available":true,"promotions":[{"promotion_uid":"10643139","icon":"https://www.sainsburys.co.uk/wcsstore/Sainsburys/Promotion assets/Promotion icons/Buy_X_For_Y_Amt_S_Icon.gif","link":"/shop/PromotionDisplayView?promotionId=10643139\u0026productId=1206586\u0026langId=44\u0026storeId=10151","strap_line":"Buy 1 for 12","start_date":"2024-09-17T23:00:00Z","end_date":"2024-10-07T23:00:00Z","original_price":15,"promo_mechanic_id":"99","is_nectar":true,"promo_type":"SIMPLE_FIXED_PRICE","promo_group":"simple"}],"hfss_restriction":[{"country":"ENG","restricted":false,"hfss_category":"Out of scope or Product not in a legislative category","hfss_score":0,"last_change_date":"2022-09-23T11:46:36.563Z"},{"country":"SCT","restricted":false,"hfss_category":"Out of scope or Product not in a legislative category","hfss_score":0,"last_change_date":"2022-09-23T11:46:36.563Z"},{"country":"WLS","restricted":false,"hfss_category":"Out of scope or Product not in a legislative category","hfss_score":0,"last_change_date":"2022-09-23T11:46:36.563Z"},{"country":"NIR","restricted":false,"hfss_category":"Out of scope or Product not in a legislative category","hfss_score":0,"last_change_date":"2022-09-23T11:46:36.563Z"}],"not_for_eu":true,"associations":[],"is_alcoholic":true,"is_spotlight":false,"is_intolerant":false,"is_mhra":false,"badges":[],"labels":[],"zone":null,"department":null,"reviews":{"is_enabled":true,"product_uid":"7910070","total":94,"average_rating":4.234},"breadcrumbs":[],"assets":{"plp_image":"https://assets.sainsburys-groceries.co.uk/gol/7910070/image.jpg","images":[],"video":[]},"description":[],"important_information":["The above details have been prepared to help you select suitable products. Products and their ingredients are liable to change.","\u003cstrong\u003eYou should always read the label before consuming or using the product and never rely solely on the information presented here.","If you require specific advice on any Sainsbury's branded product, please contact our Customer Careline on 0800 636262. For all other products, please contact the manufacturer, whose details will appear on the packaging or label. Sainsbury's is therefore unable to accept liability for any incorrect information.","You should also note that the picture / images show only our serving suggestions of how to serve or prepare your food – all accessories and additional items and/or ingredients pictured with the product you are purchasing are not included.","This information is supplied for your personal use only. It may not be reproduced in any way without the prior consent of Sainsbury's Supermarkets Ltd and due acknowledgement"],"attachments":[],"categories":[{"id":"607865","name":"Stock up"},{"id":"594093","name":"Beer \u0026 cider"},{"id":"594094","name":"Bigger packs"},{"id":"591354","name":"Birra Moretti, Foster's, Heineken and more"},{"id":"594069","name":"Stock up"},{"id":"494852","name":"Special offers"},{"id":"494354","name":"Drinks"},{"id":"480353","name":"Bigger packs"},{"id":"607915","name":"Drinks"},{"id":"610861","name":"Father's Day"},{"id":"607897","name":"Beer \u0026 cider"},{"id":"607901","name":"Bigger packs"},{"id":"623354","name":"Drinks"},{"id":"511357","name":"Summer of sport"},{"id":"242801","name":"Special offers"},{"id":"278253","name":"All lager"},{"id":"318428","name":"All beer"},{"id":"410368","name":"Special offers"},{"id":"410356","name":"Special offers"},{"id":"410380","name":"Special offers"},{"id":"424861","name":"Special offers"},{"id":"431867","name":"Watch the sport"},{"id":"432369","name":"New"},{"id":"431864","name":"Summer is coming"},{"id":"432368","name":"Special offers"},{"id":"434877","name":"Special offers"},{"id":"448868","name":"New"},{"id":"462356","name":"Special offers"},{"id":"478380","name":"Bigger packs"}],"header":{"text":"Nectar price","type":"NECTAR"},"attributes":{"brand":["Foster's"]},"is_supply_chain_orderable":false,"display_icons":["10PacksMax"],"pdp_deep_link":"/shop/ProductDisplay?storeId=10151\u0026langId=44\u0026productId=1206586"},{"product_uid":"6546263","favourite_uid":null,"eans":["8008440112682","8008440122216"],"product_type":"BASIC","name":"Peroni Nastro Azzurro Beer Lager Bottles 12x330ml","image":"https://www.sainsburys.co.uk/wcsstore/ExtendedSitesCatalogAssetStore/images/catalog/productImages/82/8008440112682/8008440112682_L.jpeg","image_zoom":null,"image_thumbnail":"https://www.sainsburys.co.uk/wcsstore/ExtendedSitesCatalogAssetStore/images/catalog/productImages/82/8008440112682/8008440112682_M.jpeg","image_thumbnail_small":"https://www.sainsburys.co.uk/wcsstore/ExtendedSitesCatalogAssetStore/images/catalog/productImages/82/8008440112682/8008440112682_S.jpeg","full_url":"https://www.sainsburys.co.uk/shop/gb/groceries/product/details/peroni-nastro-azzuro-12x330ml","unit_price":{"price":4.55,"measure":"ltr","measure_amount":1},"retail_price":{"price":15,"measure":"unit"},"nectar_price":{"retail_price":15,"unit_price":3.79,"measure":"unit","url":"https://www.sainsburys.co.uk/shop/gb/groceries/new---trending/nectar-prices","category_seo_url":"gb/groceries/new---trending/nectar-prices"},"is_available":true,"promotions":[{"promotion_uid":"10642512","icon":"https://www.sainsburys.co.uk/wcsstore/Sainsburys/Promotion assets/Promotion icons/Buy_X_For_Y_Amt_S_Icon.gif","link":"/shop/PromotionDisplayView?promotionId=10642512\u0026productId=91092\u0026langId=44\u0026storeId=10151","strap_line":"Buy 1 for 15","start_date":"2024-09-17T23:00:00Z","end_date":"2024-10-07T23:00:00Z","original_price":18,"promo_mechanic_id":"99","is_nectar":true,"promo_type":"SIMPLE_FIXED_PRICE","promo_group":"simple"}],"hfss_restriction":[{"country":"ENG","restricted":false,"hfss_category":"Out of scope or Product not in a legislative category","hfss_score":0,"last_change_date":"2022-09-23T11:46:24.902Z"},{"country":"SCT","restricted":false,"hfss_category":"Out of scope or Product not in a legislative category","hfss_score":0,"last_change_date":"2022-09-23T11:46:24.902Z"},{"country":"WLS","restricted":false,"hfss_category":"Out of scope or Product not in a legislative category","hfss_score":0,"last_change_date":"2022-09-23T11:46:24.902Z"},{"country":"NIR","restricted":false,"hfss_category":"Out of scope or Product not in a legislative category","hfss_score":0,"last_change_date":"2022-09-23T11:46:24.902Z"}],"sponsored_locations":["Homepage"],"not_for_eu":true,"associations":[],"is_alcoholic":true,"is_spotlight":false,"is_intolerant":false,"is_mhra":false,"badges":[],"labels":[],"zone":null,"department":null,"reviews":{"is_enabled":true,"product_uid":"6546263","total":186,"average_rating":4.7366},"breadcrumbs":[],"assets":{"plp_image":"https://assets.sainsburys-groceries.co.uk/gol/6546263/image.jpg","images":[],"video":[]},"description":[],"important_information":["The above details have been prepared to help you select suitable products. Products and their ingredients are liable to change.","\u003cstrong\u003eYou should always read the label before consuming or using the product and never rely solely on the information presented here.","If you require specific advice on any Sainsbury's branded product, please contact our Customer Careline on 0800 636262. For all other products, please contact the manufacturer, whose details will appear on the packaging or label. Sainsbury's is therefore unable to accept liability for any incorrect information.","You should also note that the picture / images show only our serving suggestions of how to serve or prepare your food – all accessories and additional items and/or ingredients pictured with the product you are purchasing are not included.","This information is supplied for your personal use only. It may not be reproduced in any way without the prior consent of Sainsbury's Supermarkets Ltd and due acknowledgement"],"attachments":[],"categories":[{"id":"578352","name":"Drinks festival"},{"id":"607919","name":"Win a VIP festival experience with Peroni Nastro Azzurro"},{"id":"610861","name":"Father's Day"},{"id":"12260","name":"World beer"},{"id":"242801","name":"Special offers"},{"id":"278253","name":"All lager"},{"id":"275896","name":"World lager"},{"id":"318428","name":"All beer"},{"id":"410356","name":"Special offers"},{"id":"410378","name":"Special offers"},{"id":"424861","name":"Special offers"},{"id":"419393","name":"New"},{"id":"431864","name":"Summer is coming"}],"header":{"text":"Nectar price","type":"NECTAR"},"attributes":{"brand":["Peroni"]},"is_supply_chain_orderable":false,"display_icons":["10PacksMax"],"pdp_deep_link":"/shop/ProductDisplay?storeId=10151\u0026langId=44\u0026productId=91092"},{"product_uid":"6639802","favourite_uid":null,"eans":["7501064193040","5000264012677"],"product_type":"BASIC","name":"Corona Extra Premium Lager Beer Bottles 12x330ml","image":"https://www.sainsburys.co.uk/wcsstore/ExtendedSitesCatalogAssetStore/images/catalog/productImages/40/7501064193040/7501064193040_L.jpeg","image_zoom":null,"image_thumbnail":"https://www.sainsburys.co.uk/wcsstore/ExtendedSitesCatalogAssetStore/images/catalog/productImages/40/7501064193040/7501064193040_M.jpeg","image_thumbnail_small":"https://www.sainsburys.co.uk/wcsstore/ExtendedSitesCatalogAssetStore/images/catalog/productImages/40/7501064193040/7501064193040_S.jpeg","full_url":"https://www.sainsburys.co.uk/shop/gb/groceries/product/details/corona-extra-12x330ml","unit_price":{"price":3.79,"measure":"ltr","measure_amount":1},"retail_price":{"price":12,"measure":"unit"},"nectar_price":{"retail_price":12,"unit_price":3.03,"measure":"unit","url":"https://www.sainsburys.co.uk/shop/gb/groceries/new---trending/nectar-prices","category_seo_url":"gb/groceries/new---trending/nectar-prices"},"is_available":true,"promotions":[{"promotion_uid":"10642625","icon":"https://www.sainsburys.co.uk/wcsstore/Sainsburys/Promotion assets/Promotion icons/Buy_X_For_Y_Amt_S_Icon.gif","link":"/shop/PromotionDisplayView?promotionId=10642625\u0026productId=92014\u0026langId=44\u0026storeId=10151","strap_line":"Buy 1 for 12","start_date":"2024-09-17T23:00:00Z","end_date":"2024-10-07T23:00:00Z","original_price":15,"promo_mechanic_id":"99","is_nectar":true,"promo_type":"SIMPLE_FIXED_PRICE","promo_group":"simple"}],"hfss_restriction":[{"country":"ENG","restricted":false,"hfss_category":"Out of scope or Product not in a legislative category","hfss_score":0,"last_change_date":"2022-09-23T11:46:38.698Z"},{"country":"SCT","restricted":false,"hfss_category":"Out of scope or Product not in a legislative category","hfss_score":0,"last_change_date":"2022-09-23T11:46:38.698Z"},{"country":"WLS","restricted":false,"hfss_category":"Out of scope or Product not in a legislative category","hfss_score":0,"last_change_date":"2022-09-23T11:46:38.698Z"},{"country":"NIR","restricted":false,"hfss_category":"Out of scope or Product not in a legislative category","hfss_score":0,"last_change_date":"2022-09-23T11:46:38.698Z"}],"not_for_eu":true,"associations":[],"is_alcoholic":true,"is_spotlight":false,"is_intolerant":false,"is_mhra":false,"badges":[],"labels":[],"zone":null,"department":null,"reviews":{"is_enabled":true,"product_uid":"6639802","total":27,"average_rating":3.963},"breadcrumbs":[],"assets":{"plp_image":"https://assets.sainsburys-groceries.co.uk/gol/6639802/image.jpg","images":[],"video":[]},"description":[],"important_information":["The above details have been prepared to help you select suitable products. Products and their ingredients are liable to change.","\u003cstrong\u003eYou should always read the label before consuming or using the product and never rely solely on the information presented here.","If you require specific advice on any Sainsbury's branded product, please contact our Customer Careline on 0800 636262. For all other products, please contact the manufacturer, whose details will appear on the packaging or label. Sainsbury's is therefore unable to accept liability for any incorrect information.","You should also note that the picture / images show only our serving suggestions of how to serve or prepare your food – all accessories and additional items and/or ingredients pictured with the product you are purchasing are not included.","This information is supplied for your personal use only. It may not be reproduced in any way without the prior consent of Sainsbury's Supermarkets Ltd and due acknowledgement"],"attachments":[],"categories":[{"id":"594093","name":"Beer \u0026 cider"},{"id":"578352","name":"Drinks festival"},{"id":"560358","name":"Budweiser, Corona, Camden \u0026 Stella Artois"},{"id":"610861","name":"Father's Day"},{"id":"609358","name":"Win a natural escape"},{"id":"610854","name":"Beer, Wine \u0026 Spirits"},{"id":"511357","name":"Summer of sport"},{"id":"12260","name":"World beer"},{"id":"242801","name":"Special offers"},{"id":"278253","name":"All lager"},{"id":"275896","name":"World lager"},{"id":"318428","name":"All beer"},{"id":"410356","name":"Special offers"},{"id":"410363","name":"Special offers"},{"id":"410380","name":"Special offers"},{"id":"431864","name":"Summer is coming"},{"id":"434877","name":"Special offers"},{"id":"462356","name":"Special offers"}],"header":{"text":"Nectar price","type":"NECTAR"},"attributes":{"brand":["Corona"]},"is_supply_chain_orderable":false,"display_icons":["10PacksMax"],"pdp_deep_link":"/shop/ProductDisplay?storeId=10151\u0026langId=44\u0026productId=92014"},{"product_uid":"6691085","favourite_uid":null,"eans":["5060031050240"],"product_type":"BASIC","name":"Sharp's Doom Bar Amber Ale 500ml","image":"https://www.sainsburys.co.uk/wcsstore/ExtendedSitesCatalogAssetStore/images/catalog/productImages/40/5060031050240/5060031050240_L.jpeg","image_zoom":null,"image_thumbnail":"https://www.sainsburys.co.uk/wcsstore/ExtendedSitesCatalogAssetStore/images/catalog/productImages/40/5060031050240/5060031050240_M.jpeg","image_thumbnail_small":"https://www.sainsburys.co.uk/wcsstore/ExtendedSitesCatalogAssetStore/images/catalog/productImages/40/5060031050240/5060031050240_S.jpeg","full_url":"https://www.sainsburys.co.uk/shop/gb/groceries/product/details/sharps-doom-bar-amber-ale-500ml","unit_price":{"price":5,"measure":"ltr","measure_amount":1},"retail_price":{"price":2.5,"measure":"unit"},"is_available":true,"promotions":[{"promotion_uid":"10650144","icon":"https://www.sainsburys.co.uk/wcsstore/Sainsburys/Promotion assets/Promotion icons/Buy_X_For_Y_Amt_S_Icon.gif","link":"/shop/PromotionDisplayView?promotionId=10650144\u0026productId=92310\u0026langId=44\u0026storeId=10151","strap_line":"Buy any 4 for £7.00 with Nectar","start_date":"2024-09-17T23:00:00Z","end_date":"2024-11-15T00:00:00Z","original_price":0,"promo_mechanic_id":"14","is_nectar":true,"promo_type":"MULTIBUY_BUY_X_OF_VARIABLE_PRICE_FOR_Y","promo_group":"multi_buy"}],"hfss_restriction":[{"country":"ENG","restricted":false,"hfss_category":"Out of scope or Product not in a legislative category","hfss_score":0,"last_change_date":"2022-09-23T11:46:20.583Z"},{"country":"SCT","restricted":false,"hfss_category":"Out of scope or Product not in a legislative category","hfss_score":0,"last_change_date":"2022-09-23T11:46:20.583Z"},{"country":"WLS","restricted":false,"hfss_category":"Out of scope or Product not in a legislative category","hfss_score":0,"last_change_date":"2022-09-23T11:46:20.583Z"},{"country":"NIR","restricted":false,"hfss_category":"Out of scope or Product not in a legislative category","hfss_score":0,"last_change_date":"2022-09-23T11:46:20.583Z"}],"not_for_eu":true,"associations":[],"is_alcoholic":true,"is_spotlight":false,"is_intolerant":false,"is_mhra":false,"badges":[],"labels":[],"zone":null,"department":null,"reviews":{"is_enabled":true,"product_uid":"6691085","total":15,"average_rating":4.5333},"breadcrumbs":[],"assets":{"plp_image":"https://assets.sainsburys-groceries.co.uk/gol/6691085/image.jpg","images":[],"video":[]},"description":[],"important_information":["The above details have been prepared to help you select suitable products. Products and their ingredients are liable to change.","\u003cstrong\u003eYou should always read the label before consuming or using the product and never rely solely on the information presented here.","If you require specific advice on any Sainsbury's branded product, please contact our Customer Careline on 0800 636262. For all other products, please contact the manufacturer, whose details will appear on the packaging or label. Sainsbury's is therefore unable to accept liability for any incorrect information.","You should also note that the picture / images show only our serving suggestions of how to serve or prepare your food – all accessories and additional items and/or ingredients pictured with the product you are purchasing are not included.","This information is supplied for your personal use only. It may not be reproduced in any way without the prior consent of Sainsbury's Supermarkets Ltd and due acknowledgement"],"attachments":[],"categories":[{"id":"506355","name":"Ale \u0026 stout"},{"id":"242801","name":"Special offers"},{"id":"318428","name":"All beer"},{"id":"410356","name":"Special offers"}],"attributes":{"brand":["Doom Bar"]},"is_supply_chain_orderable":false,"display_icons":[],"pdp_deep_link":"/shop/ProductDisplay?storeId=10151\u0026langId=44\u0026productId=92310"},{"product_uid":"7855717","favourite_uid":null,"eans":["5010038444252"],"product_type":"BASIC","name":"Carling Original Lager Beer Cans x18 440ml","image":"https://www.sainsburys.co.uk/wcsstore/ExtendedSitesCatalogAssetStore/images/catalog/productImages/52/5010038444252/5010038444252_L.jpeg","image_zoom":null,"image_thumbnail":"https://www.sainsburys.co.uk/wcsstore/ExtendedSitesCatalogAssetStore/images/catalog/productImages/52/5010038444252/5010038444252_M.jpeg","image_thumbnail_small":"https://www.sainsburys.co.uk/wcsstore/ExtendedSitesCatalogAssetStore/images/catalog/productImages/52/5010038444252/5010038444252_S.jpeg","full_url":"https://www.sainsburys.co.uk/shop/gb/groceries/product/details/carling-lager-18x440ml","unit_price":{"price":2.02,"measure":"ltr","measure_amount":1},"retail_price":{"price":16,"measure":"unit"},"is_available":true,"promotions":[],"hfss_restriction":[{"country":"ENG","restricted":false,"hfss_category":"Out of scope or Product not in a legislative category","hfss_score":0,"last_change_date":"2022-09-23T11:46:19.004Z"},{"country":"SCT","restricted":false,"hfss_category":"Out of scope or Product not in a legislative category","hfss_score":0,"last_change_date":"2022-09-23T11:46:19.004Z"},{"country":"WLS","restricted":false,"hfss_category":"Out of scope or Product not in a legislative category","hfss_score":0,"last_change_date":"2022-09-23T11:46:19.004Z"},{"country":"NIR","restricted":false,"hfss_category":"Out of scope or Product not in a legislative category","hfss_score":0,"last_change_date":"2022-09-23T11:46:19.004Z"}],"not_for_eu":true,"associations":[],"is_alcoholic":true,"is_spotlight":false,"is_intolerant":false,"is_mhra":false,"badges":[],"labels":[],"zone":null,"department":null,"reviews":{"is_enabled":true,"product_uid":"7855717","total":23,"average_rating":4.1304},"breadcrumbs":[],"assets":{"plp_image":"https://assets.sainsburys-groceries.co.uk/gol/7855717/image.jpg","images":[],"video":[]},"description":[],"important_information":["The above details have been prepared to help you select suitable products. Products and their ingredients are liable to change.","\u003cstrong\u003eYou should always read the label before consuming or using the product and never rely solely on the information presented here.","If you require specific advice on any Sainsbury's branded product, please contact our Customer Careline on 0800 636262. For all other products, please contact the manufacturer, whose details will appear on the packaging or label. Sainsbury's is therefore unable to accept liability for any incorrect information.","You should also note that the picture / images show only our serving suggestions of how to serve or prepare your food – all accessories and additional items and/or ingredients pictured with the product you are purchasing are not included.","This information is supplied for your personal use only. It may not be reproduced in any way without the prior consent of Sainsbury's Supermarkets Ltd and due acknowledgement"],"attachments":[],"categories":[{"id":"607865","name":"Stock up"},{"id":"607876","name":"Stock up"},{"id":"594093","name":"Beer \u0026 cider"},{"id":"594094","name":"Bigger packs"},{"id":"594069","name":"Stock up"},{"id":"494354","name":"Drinks"},{"id":"480353","name":"Bigger packs"},{"id":"607915","name":"Drinks"},{"id":"610854","name":"Beer, Wine \u0026 Spirits"},{"id":"607897","name":"Beer \u0026 cider"},{"id":"623354","name":"Drinks"},{"id":"511357","name":"Summer of sport"},{"id":"278253","name":"All lager"},{"id":"275894","name":"Multipack lager"},{"id":"318428","name":"All beer"},{"id":"410368","name":"Special offers"},{"id":"410380","name":"Special offers"},{"id":"424861","name":"Special offers"},{"id":"432369","name":"New"},{"id":"431867","name":"Watch the sport"},{"id":"431864","name":"Summer is coming"},{"id":"448868","name":"New"},{"id":"450357","name":"All Christmas"},{"id":"462356","name":"Special offers"},{"id":"478380","name":"Bigger packs"}],"attributes":{"brand":["Carling"]},"is_supply_chain_orderable":false,"display_icons":["10PacksMax"],"pdp_deep_link":"/shop/ProductDisplay?storeId=10151\u0026langId=44\u0026productId=1125660"},{"product_uid":"7613831","favourite_uid":null,"eans":["5016325802323"],"product_type":"BASIC","name":"San Miguel Premium Lager Beer Bottles 12x330ml","image":"https://www.sainsburys.co.uk/wcsstore/ExtendedSitesCatalogAssetStore/images/catalog/productImages/23/5016325802323/5016325802323_L.jpeg","image_zoom":null,"image_thumbnail":"https://www.sainsburys.co.uk/wcsstore/ExtendedSitesCatalogAssetStore/images/catalog/productImages/23/5016325802323/5016325802323_M.jpeg","image_thumbnail_small":"https://www.sainsburys.co.uk/wcsstore/ExtendedSitesCatalogAssetStore/images/catalog/productImages/23/5016325802323/5016325802323_S.jpeg","full_url":"https://www.sainsburys.co.uk/shop/gb/groceries/product/details/san-miguel-12x330ml","unit_price":{"price":3.16,"measure":"ltr","measure_amount":1},"retail_price":{"price":11,"measure":"unit"},"nectar_price":{"retail_price":11,"unit_price":2.78,"measure":"unit","url":"https://www.sainsburys.co.uk/shop/gb/groceries/new---trending/nectar-prices","category_seo_url":"gb/groceries/new---trending/nectar-prices"},"is_available":true,"promotions":[{"promotion_uid":"10643118","icon":"https://www.sainsburys.co.uk/wcsstore/Sainsburys/Promotion assets/Promotion icons/Buy_X_For_Y_Amt_S_Icon.gif","link":"/shop/PromotionDisplayView?promotionId=10643118\u0026productId=108288\u0026langId=44\u0026storeId=10151","strap_line":"Buy 1 for 11","start_date":"2024-09-17T23:00:00Z","end_date":"2024-10-07T23:00:00Z","original_price":12.5,"promo_mechanic_id":"99","is_nectar":true,"promo_type":"SIMPLE_FIXED_PRICE","promo_group":"simple"}],"hfss_restriction":[{"country":"ENG","restricted":false,"hfss_category":"Out of scope or Product not in a legislative category","hfss_score":0,"last_change_date":"2022-09-23T11:46:19.488Z"},{"country":"SCT","restricted":false,"hfss_category":"Out of scope or Product not in a legislative category","hfss_score":0,"last_change_date":"2022-09-23T11:46:19.488Z"},{"country":"WLS","restricted":false,"hfss_category":"Out of scope or Product not in a legislative category","hfss_score":0,"last_change_date":"2022-09-23T11:46:19.488Z"},{"country":"NIR","restricted":false,"hfss_category":"Out of scope or Product not in a legislative category","hfss_score":0,"last_change_date":"2022-09-23T11:46:19.488Z"}],"not_for_eu":true,"associations":[],"is_alcoholic":true,"is_spotlight":false,"is_intolerant":false,"is_mhra":false,"badges":[],"labels":[],"zone":null,"department":null,"reviews":{"is_enabled":true,"product_uid":"7613831","total":215,"average_rating":4.3674},"breadcrumbs":[],"assets":{"plp_image":"https://assets.sainsburys-groceries.co.uk/gol/7613831/image.jpg","images":[],"video":[]},"description":[],"important_information":["The above details have been prepared to help you select suitable products. Products and their ingredients are liable to change.","\u003cstrong\u003eYou should always read the label before consuming or using the product and never rely solely on the information presented here.","If you require specific advice on any Sainsbury's branded product, please contact our Customer Careline on 0800 636262. For all other products, please contact the manufacturer, whose details will appear on the packaging or label. Sainsbury's is therefore unable to accept liability for any incorrect information.","You should also note that the picture / images show only our serving suggestions of how to serve or prepare your food – all accessories and additional items and/or ingredients pictured with the product you are purchasing are not included.","This information is supplied for your personal use only. It may not be reproduced in any way without the prior consent of Sainsbury's Supermarkets Ltd and due acknowledgement"],"attachments":[],"categories":[{"id":"594093","name":"Beer \u0026 cider"},{"id":"578352","name":"Drinks festival"},{"id":"565857","name":"San Miguel, Brooklyn, Poretti, Hobgoblin"},{"id":"610861","name":"Father's Day"},{"id":"610854","name":"Beer, Wine \u0026 Spirits"},{"id":"511357","name":"Summer of sport"},{"id":"12260","name":"World beer"},{"id":"242801","name":"Special offers"},{"id":"278253","name":"All lager"},{"id":"275896","name":"World lager"},{"id":"318428","name":"All beer"},{"id":"410356","name":"Special offers"},{"id":"410363","name":"Special offers"},{"id":"410380","name":"Special offers"},{"id":"431864","name":"Summer is coming"},{"id":"454372","name":"Special offers"},{"id":"461881","name":"No alcohol"},{"id":"462356","name":"Special offers"},{"id":"462370","name":"Special offers"}],"header":{"text":"Nectar price","type":"NECTAR"},"attributes":{"brand":["San Miguel"]},"is_supply_chain_orderable":false,"display_icons":["10PacksMax"],"pdp_deep_link":"/shop/ProductDisplay?storeId=10151\u0026langId=44\u0026productId=108288"},{"product_uid":"7455480","favourite_uid":null,"eans":["4002103019107","4002103260837","4002103248118"],"product_type":"BASIC","name":"Erdinger Alkoholfrei Alcohol Free Wheat Beer 500ml","image":"https://www.sainsburys.co.uk/wcsstore/ExtendedSitesCatalogAssetStore/images/catalog/productImages/18/4002103248118/4002103248118_L.jpeg","image_zoom":null,"image_thumbnail":"https://www.sainsburys.co.uk/wcsstore/ExtendedSitesCatalogAssetStore/images/catalog/productImages/18/4002103248118/4002103248118_M.jpeg","image_thumbnail_small":"https://www.sainsburys.co.uk/wcsstore/ExtendedSitesCatalogAssetStore/images/catalog/productImages/18/4002103248118/4002103248118_S.jpeg","full_url":"https://www.sainsburys.co.uk/shop/gb/groceries/product/details/erdinger-low-alc-500ml","unit_price":{"price":3.5,"measure":"ltr","measure_amount":1},"retail_price":{"price":1.75,"measure":"unit"},"is_available":true,"promotions":[],"hfss_restriction":[{"country":"ENG","restricted":false,"hfss_category":"Out of scope or Product not in a legislative category","hfss_score":0,"last_change_date":"2022-09-23T11:46:23.257Z"},{"country":"SCT","restricted":false,"hfss_category":"Out of scope or Product not in a legislative category","hfss_score":0,"last_change_date":"2022-09-23T11:46:23.257Z"},{"country":"WLS","restricted":false,"hfss_category":"Out of scope or Product not in a legislative category","hfss_score":0,"last_change_date":"2022-09-23T11:46:23.257Z"},{"country":"NIR","restricted":false,"hfss_category":"Out of scope or Product not in a legislative category","hfss_score":0,"last_change_date":"2022-09-23T11:46:23.257Z"}],"not_for_eu":true,"associations":[],"is_alcoholic":true,"is_spotlight":false,"is_intolerant":false,"is_mhra":false,"badges":[],"labels":[],"zone":null,"department":null,"reviews":{"is_enabled":true,"product_uid":"7455480","total":19,"average_rating":4.2105},"breadcrumbs":[],"assets":{"plp_image":"https://assets.sainsburys-groceries.co.uk/gol/7455480/image.jpg","images":[],"video":[]},"description":[],"important_information":["The above details have been prepared to help you select suitable products. Products and their ingredients are liable to change.","\u003cstrong\u003eYou should always read the label before consuming or using the product and never rely solely on the information presented here.","If you require specific advice on any Sainsbury's branded product, please contact our Customer Careline on 0800 636262. For all other products, please contact the manufacturer, whose details will appear on the packaging or label. Sainsbury's is therefore unable to accept liability for any incorrect information.","You should also note that the picture / images show only our serving suggestions of how to serve or prepare your food – all accessories and additional items and/or ingredients pictured with the product you are purchasing are not included.","This information is supplied for your personal use only. It may not be reproduced in any way without the prior consent of Sainsbury's Supermarkets Ltd and due acknowledgement"],"attachments":[],"categories":[{"id":"603852","name":"January refresh"},{"id":"500353","name":"All low and no alcohol"},{"id":"12267","name":"Low \u0026 no alcohol beer \u0026 cider"},{"id":"318428","name":"All beer"},{"id":"428991","name":"Top rated"},{"id":"458391","name":"Low alcohol"},{"id":"461880","name":"Low alcohol"},{"id":"463855","name":"All low \u0026 no alcohol"}],"attributes":{"brand":["Erdinger"]},"is_supply_chain_orderable":false,"display_icons":[],"pdp_deep_link":"/shop/ProductDisplay?storeId=10151\u0026langId=44\u0026productId=1359266"},{"product_uid":"3168936","favourite_uid":null,"eans":["5031283000017"],"product_type":"BASIC","name":"Timothy Taylor's Landlord Ale 500ml","image":"https://www.sainsburys.co.uk/wcsstore/ExtendedSitesCatalogAssetStore/images/catalog/productImages/17/5031283000017/5031283000017_L.jpeg","image_zoom":null,"image_thumbnail":"https://www.sainsburys.co.uk/wcsstore/ExtendedSitesCatalogAssetStore/images/catalog/productImages/17/5031283000017/5031283000017_M.jpeg","image_thumbnail_small":"https://www.sainsburys.co.uk/wcsstore/ExtendedSitesCatalogAssetStore/images/catalog/productImages/17/5031283000017/5031283000017_S.jpeg","full_url":"https://www.sainsburys.co.uk/shop/gb/groceries/product/details/timothy-taylor-landlord-ale-500ml","unit_price":{"price":4.5,"measure":"ltr","measure_amount":1},"retail_price":{"price":2.25,"measure":"unit"},"is_available":true,"promotions":[{"promotion_uid":"10650144","icon":"https://www.sainsburys.co.uk/wcsstore/Sainsburys/Promotion assets/Promotion icons/Buy_X_For_Y_Amt_S_Icon.gif","link":"/shop/PromotionDisplayView?promotionId=10650144\u0026productId=82638\u0026langId=44\u0026storeId=10151","strap_line":"Buy any 4 for £7.00 with Nectar","start_date":"2024-09-17T23:00:00Z","end_date":"2024-11-15T00:00:00Z","original_price":0,"promo_mechanic_id":"14","is_nectar":true,"promo_type":"MULTIBUY_BUY_X_OF_VARIABLE_PRICE_FOR_Y","promo_group":"multi_buy"}],"hfss_restriction":[{"country":"ENG","restricted":false,"hfss_category":"Out of scope or Product not in a legislative category","hfss_score":0,"last_change_date":"2022-09-23T11:46:34.578Z"},{"country":"SCT","restricted":false,"hfss_category":"Out of scope or Product not in a legislative category","hfss_score":0,"last_change_date":"2022-09-23T11:46:34.578Z"},{"country":"WLS","restricted":false,"hfss_category":"Out of scope or Product not in a legislative category","hfss_score":0,"last_change_date":"2022-09-23T11:46:34.578Z"},{"country":"NIR","restricted":false,"hfss_category":"Out of scope or Product not in a legislative category","hfss_score":0,"last_change_date":"2022-09-23T11:46:34.578Z"}],"not_for_eu":true,"associations":[],"is_alcoholic":true,"is_spotlight":false,"is_intolerant":false,"is_mhra":false,"badges":[],"labels":[],"zone":null,"department":null,"reviews":{"is_enabled":true,"product_uid":"3168936","total":12,"average_rating":4.9167},"breadcrumbs":[],"assets":{"plp_image":"https://assets.sainsburys-groceries.co.uk/gol/3168936/image.jpg","images":[],"video":[]},"description":[],"important_information":["The above details have been prepared to help you select suitable products. Products and their ingredients are liable to change.","\u003cstrong\u003eYou should always read the label before consuming or using the product and never rely solely on the information presented here.","If you require specific advice on any Sainsbury's branded product, please contact our Customer Careline on 0800 636262. For all other products, please contact the manufacturer, whose details will appear on the packaging or label. Sainsbury's is therefore unable to accept liability for any incorrect information.","You should also note that the picture / images show only our serving suggestions of how to serve or prepare your food – all accessories and additional items and/or ingredients pictured with the product you are purchasing are not included.","This information is supplied for your personal use only. It may not be reproduced in any way without the prior consent of Sainsbury's Supermarkets Ltd and due acknowledgement"],"attachments":[],"categories":[{"id":"506355","name":"Ale \u0026 stout"},{"id":"242801","name":"Special offers"},{"id":"318428","name":"All beer"},{"id":"410356","name":"Special offers"}],"attributes":{"brand":["Timothy Taylor's"]},"is_supply_chain_orderable":false,"display_icons":[],"pdp_deep_link":"/shop/ProductDisplay?storeId=10151\u0026langId=44\u0026productId=82638"},{"product_uid":"7796813","favourite_uid":null,"eans":["8006890024982","5035766062578"],"product_type":"BASIC","name":"Birra Moretti Lager Beer Bottles 12x330ml","image":"https://www.sainsburys.co.uk/wcsstore/ExtendedSitesCatalogAssetStore/images/catalog/productImages/78/5035766062578/5035766062578_L.jpeg","image_zoom":null,"image_thumbnail":"https://www.sainsburys.co.uk/wcsstore/ExtendedSitesCatalogAssetStore/images/catalog/productImages/78/5035766062578/5035766062578_M.jpeg","image_thumbnail_small":"https://www.sainsburys.co.uk/wcsstore/ExtendedSitesCatalogAssetStore/images/catalog/productImages/78/5035766062578/5035766062578_S.jpeg","full_url":"https://www.sainsburys.co.uk/shop/gb/groceries/product/details/birra-moretti-12x330ml","unit_price":{"price":4.29,"measure":"ltr","measure_amount":1},"retail_price":{"price":17,"measure":"unit"},"is_available":true,"promotions":[],"hfss_restriction":[{"country":"ENG","restricted":false,"hfss_category":"Out of scope or Product not in a legislative category","hfss_score":0,"last_change_date":"2022-09-23T11:46:36.316Z"},{"country":"SCT","restricted":false,"hfss_category":"Out of scope or Product not in a legislative category","hfss_score":0,"last_change_date":"2022-09-23T11:46:36.316Z"},{"country":"WLS","restricted":false,"hfss_category":"Out of scope or Product not in a legislative category","hfss_score":0,"last_change_date":"2022-09-23T11:46:36.316Z"},{"country":"NIR","restricted":false,"hfss_category":"Out of scope or Product not in a legislative category","hfss_score":0,"last_change_date":"2022-09-23T11:46:36.316Z"}],"sponsored_locations":["Homepage","ZoneLanding Espot","Checkout upsell"],"not_for_eu":true,"associations":[],"is_alcoholic":true,"is_spotlight":false,"is_intolerant":false,"is_mhra":false,"badges":[],"labels":[],"zone":null,"department":null,"reviews":{"is_enabled":true,"product_uid":"7796813","total":73,"average_rating":4.1096},"breadcrumbs":[],"assets":{"plp_image":"https://assets.sainsburys-groceries.co.uk/gol/7796813/image.jpg","images":[],"video":[]},"description":[],"important_information":["The above details have been prepared to help you select suitable products. Products and their ingredients are liable to change.","\u003cstrong\u003eYou should always read the label before consuming or using the product and never rely solely on the information presented here.","If you require specific advice on any Sainsbury's branded product, please contact our Customer Careline on 0800 636262. For all other products, please contact the manufacturer, whose details will appear on the packaging or label. Sainsbury's is therefore unable to accept liability for any incorrect information.","You should also note that the picture / images show only our serving suggestions of how to serve or prepare your food – all accessories and additional items and/or ingredients pictured with the product you are purchasing are not included.","This information is supplied for your personal use only. It may not be reproduced in any way without the prior consent of Sainsbury's Supermarkets Ltd and due acknowledgement"],"attachments":[],"categories":[{"id":"607865","name":"Stock up"},{"id":"607876","name":"Stock up"},{"id":"594093","name":"Beer \u0026 cider"},{"id":"591354","name":"Birra Moretti, Foster's, Heineken and more"},{"id":"607915","name":"Drinks"},{"id":"610854","name":"Beer, Wine \u0026 Spirits"},{"id":"607897","name":"Beer \u0026 cider"},{"id":"610860","name":"Offers"},{"id":"511357","name":"Summer of sport"},{"id":"12260","name":"World beer"},{"id":"242801","name":"Special offers"},{"id":"278253","name":"All lager"},{"id":"275896","name":"World lager"},{"id":"318428","name":"All beer"},{"id":"410356","name":"Special offers"},{"id":"410853","name":"Cosy night in"},{"id":"410378","name":"Special offers"},{"id":"410380","name":"Special offers"},{"id":"424861","name":"Special offers"},{"id":"432369","name":"New"},{"id":"431867","name":"Watch the sport"},{"id":"431864","name":"Summer is coming"},{"id":"432368","name":"Special offers"},{"id":"434877","name":"Special offers"},{"id":"462356","name":"Special offers"},{"id":"478380","name":"Bigger packs"},{"id":"478361","name":"Pub food \u0026 drink"}],"attributes":{"brand":["Birra Moretti"]},"is_supply_chain_orderable":false,"display_icons":["10PacksMax"],"pdp_deep_link":"/shop/ProductDisplay?storeId=10151\u0026langId=44\u0026productId=1019430"},{"product_uid":"7707305","favourite_uid":null,"eans":["5028403155146"],"product_type":"BASIC","name":"St Austell Brewery Proper Job Cornish IPA 500ml","image":"https://www.sainsburys.co.uk/wcsstore/ExtendedSitesCatalogAssetStore/images/catalog/productImages/46/5028403155146/5028403155146_L.jpeg","image_zoom":null,"image_thumbnail":"https://www.sainsburys.co.uk/wcsstore/ExtendedSitesCatalogAssetStore/images/catalog/productImages/46/5028403155146/5028403155146_M.jpeg","image_thumbnail_small":"https://www.sainsburys.co.uk/wcsstore/ExtendedSitesCatalogAssetStore/images/catalog/productImages/46/5028403155146/5028403155146_S.jpeg","full_url":"https://www.sainsburys.co.uk/shop/gb/groceries/product/details/st-austell-proper-job-500ml","unit_price":{"price":4.2,"measure":"ltr","measure_amount":1},"retail_price":{"price":2.1,"measure":"unit"},"is_available":true,"promotions":[{"promotion_uid":"10650144","icon":"https://www.sainsburys.co.uk/wcsstore/Sainsburys/Promotion assets/Promotion icons/Buy_X_For_Y_Amt_S_Icon.gif","link":"/shop/PromotionDisplayView?promotionId=10650144\u0026productId=647066\u0026langId=44\u0026storeId=10151","strap_line":"Buy any 4 for £7.00 with Nectar","start_date":"2024-09-17T23:00:00Z","end_date":"2024-11-15T00:00:00Z","original_price":0,"promo_mechanic_id":"14","is_nectar":true,"promo_type":"MULTIBUY_BUY_X_OF_VARIABLE_PRICE_FOR_Y","promo_group":"multi_buy"}],"hfss_restriction":[{"country":"ENG","restricted":false,"hfss_category":"Out of scope or Product not in a legislative category","hfss_score":0,"last_change_date":"2022-09-23T11:46:36.784Z"},{"country":"SCT","restricted":false,"hfss_category":"Out of scope or Product not in a legislative category","hfss_score":0,"last_change_date":"2022-09-23T11:46:36.784Z"},{"country":"WLS","restricted":false,"hfss_category":"Out of scope or Product not in a legislative category","hfss_score":0,"last_change_date":"2022-09-23T11:46:36.784Z"},{"country":"NIR","restricted":false,"hfss_category":"Out of scope or Product not in a legislative category","hfss_score":0,"last_change_date":"2022-09-23T11:46:36.784Z"}],"not_for_eu":true,"associations":[],"is_alcoholic":true,"is_spotlight":false,"is_intolerant":false,"is_mhra":false,"badges":[],"labels":[],"zone":null,"department":null,"reviews":{"is_enabled":true,"product_uid":"7707305","total":16,"average_rating":4.6875},"breadcrumbs":[],"assets":{"plp_image":"https://assets.sainsburys-groceries.co.uk/gol/7707305/image.jpg","images":[],"video":[]},"description":[],"important_information":["The above details have been prepared to help you select suitable products. Products and their ingredients are liable to change.","\u003cstrong\u003eYou should always read the label before consuming or using the product and never rely solely on the information presented here.","If you require specific advice on any Sainsbury's branded product, please contact our Customer Careline on 0800 636262. For all other products, please contact the manufacturer, whose details will appear on the packaging or label. Sainsbury's is therefore unable to accept liability for any incorrect information.","You should also note that the picture / images show only our serving suggestions of how to serve or prepare your food – all accessories and additional items and/or ingredients pictured with the product you are purchasing are not included.","This information is supplied for your personal use only. It may not be reproduced in any way without the prior consent of Sainsbury's Supermarkets Ltd and due acknowledgement"],"attachments":[],"categories":[{"id":"506355","name":"Ale \u0026 stout"},{"id":"242801","name":"Special offers"},{"id":"318428","name":"All beer"},{"id":"410356","name":"Special offers"}],"attributes":{"brand":["St Austell Brewery\n"]},"is_supply_chain_orderable":false,"display_icons":[],"pdp_deep_link":"/shop/ProductDisplay?storeId=10151\u0026langId=44\u0026productId=647066"},{"product_uid":"7746983","favourite_uid":null,"eans":["7501064196539"],"product_type":"BASIC","name":"Corona Extra Premium Lager Beer bottles 18x330ml","image":"https://www.sainsburys.co.uk/wcsstore/ExtendedSitesCatalogAssetStore/images/catalog/productImages/39/7501064196539/7501064196539_L.jpeg","image_zoom":null,"image_thumbnail":"https://www.sainsburys.co.uk/wcsstore/ExtendedSitesCatalogAssetStore/images/catalog/productImages/39/7501064196539/7501064196539_M.jpeg","image_thumbnail_small":"https://www.sainsburys.co.uk/wcsstore/ExtendedSitesCatalogAssetStore/images/catalog/productImages/39/7501064196539/7501064196539_S.jpeg","full_url":"https://www.sainsburys.co.uk/shop/gb/groceries/product/details/corona-18x330ml","unit_price":{"price":3.16,"measure":"ltr","measure_amount":1},"retail_price":{"price":18.75,"measure":"unit"},"is_available":true,"promotions":[],"hfss_restriction":[{"country":"ENG","restricted":false,"hfss_category":"Out of scope or Product not in a legislative category","hfss_score":0,"last_change_date":"2022-09-23T11:46:38.445Z"},{"country":"SCT","restricted":false,"hfss_category":"Out of scope or Product not in a legislative category","hfss_score":0,"last_change_date":"2022-09-23T11:46:38.445Z"},{"country":"WLS","restricted":false,"hfss_category":"Out of scope or Product not in a legislative category","hfss_score":0,"last_change_date":"2022-09-23T11:46:38.445Z"},{"country":"NIR","restricted":false,"hfss_category":"Out of scope or Product not in a legislative category","hfss_score":0,"last_change_date":"2022-09-23T11:46:38.445Z"}],"not_for_eu":true,"associations":[],"is_alcoholic":true,"is_spotlight":false,"is_intolerant":false,"is_mhra":false,"badges":[],"labels":[],"zone":null,"department":null,"reviews":{"is_enabled":true,"product_uid":"7746983","total":27,"average_rating":3.963},"breadcrumbs":[],"assets":{"plp_image":"https://assets.sainsburys-groceries.co.uk/gol/7746983/image.jpg","images":[],"video":[]},"description":[],"important_information":["The above details have been prepared to help you select suitable products. Products and their ingredients are liable to change.","\u003cstrong\u003eYou should always read the label before consuming or using the product and never rely solely on the information presented here.","If you require specific advice on any Sainsbury's branded product, please contact our Customer Careline on 0800 636262. For all other products, please contact the manufacturer, whose details will appear on the packaging or label. Sainsbury's is therefore unable to accept liability for any incorrect information.","You should also note that the picture / images show only our serving suggestions of how to serve or prepare your food – all accessories and additional items and/or ingredients pictured with the product you are purchasing are not included.","This information is supplied for your personal use only. It may not be reproduced in any way without the prior consent of Sainsbury's Supermarkets Ltd and due acknowledgement"],"attachments":[],"categories":[{"id":"480353","name":"Bigger packs"},{"id":"560358","name":"Budweiser, Corona, Camden \u0026 Stella Artois"},{"id":"609358","name":"Win a natural escape"},{"id":"610854","name":"Beer, Wine \u0026 Spirits"},{"id":"610860","name":"Offers"},{"id":"511357","name":"Summer of sport"},{"id":"12260","name":"World beer"},{"id":"242801","name":"Special offers"},{"id":"278253","name":"All lager"},{"id":"275896","name":"World lager"},{"id":"318428","name":"All beer"},{"id":"410356","name":"Special offers"},{"id":"410378","name":"Special offers"},{"id":"424861","name":"Special offers"},{"id":"431864","name":"Summer is coming"},{"id":"432368","name":"Special offers"},{"id":"434877","name":"Special offers"},{"id":"478380","name":"Bigger packs"}],"attributes":{"brand":["Corona"]},"is_supply_chain_orderable":false,"display_icons":["10PacksMax"],"pdp_deep_link":"/shop/ProductDisplay?storeId=10151\u0026langId=44\u0026productId=874296"},{"product_uid":"6546431","favourite_uid":null,"eans":["5035766062523","8006890628180"],"product_type":"BASIC","name":"Birra Moretti Lager Beer Bottle 660ml","image":"https://www.sainsburys.co.uk/wcsstore/ExtendedSitesCatalogAssetStore/images/catalog/productImages/23/5035766062523/5035766062523_L.jpeg","image_zoom":null,"image_thumbnail":"https://www.sainsburys.co.uk/wcsstore/ExtendedSitesCatalogAssetStore/images/catalog/productImages/23/5035766062523/5035766062523_M.jpeg","image_thumbnail_small":"https://www.sainsburys.co.uk/wcsstore/ExtendedSitesCatalogAssetStore/images/catalog/productImages/23/5035766062523/5035766062523_S.jpeg","full_url":"https://www.sainsburys.co.uk/shop/gb/groceries/product/details/birra-moretti-lager-660ml","unit_price":{"price":4.17,"measure":"ltr","measure_amount":1},"retail_price":{"price":2.75,"measure":"unit"},"is_available":true,"promotions":[{"promotion_uid":"10650156","icon":"https://www.sainsburys.co.uk/wcsstore/Sainsburys/Promotion assets/Promotion icons/Buy_X_For_Y_Amt_S_Icon.gif","link":"/shop/PromotionDisplayView?promotionId=10650156\u0026productId=91108\u0026langId=44\u0026storeId=10151","strap_line":"Buy any 3 for £6.00 with Nectar","start_date":"2024-09-17T23:00:00Z","end_date":"2024-11-15T00:00:00Z","original_price":0,"promo_mechanic_id":"14","is_nectar":true,"promo_type":"MULTIBUY_BUY_X_OF_VARIABLE_PRICE_FOR_Y","promo_group":"multi_buy"}],"hfss_restriction":[{"country":"ENG","restricted":false,"hfss_category":"Out of scope or Product not in a legislative category","hfss_score":0,"last_change_date":"2022-09-23T11:46:36.332Z"},{"country":"SCT","restricted":false,"hfss_category":"Out of scope or Product not in a legislative category","hfss_score":0,"last_change_date":"2022-09-23T11:46:36.332Z"},{"country":"WLS","restricted":false,"hfss_category":"Out of scope or Product not in a legislative category","hfss_score":0,"last_change_date":"2022-09-23T11:46:36.332Z"},{"country":"NIR","restricted":false,"hfss_category":"Out of scope or Product not in a legislative category","hfss_score":0,"last_change_date":"2022-09-23T11:46:36.332Z"}],"not_for_eu":true,"associations":[],"is_alcoholic":true,"is_spotlight":false,"is_intolerant":false,"is_mhra":false,"badges":[],"labels":[],"zone":null,"department":null,"reviews":{"is_enabled":true,"product_uid":"6546431","total":73,"average_rating":4.1096},"breadcrumbs":[],"assets":{"plp_image":"https://assets.sainsburys-groceries.co.uk/gol/6546431/image.jpg","images":[],"video":[]},"description":[],"important_information":["The above details have been prepared to help you select suitable products. Products and their ingredients are liable to change.","\u003cstrong\u003eYou should always read the label before consuming or using the product and never rely solely on the information presented here.","If you require specific advice on any Sainsbury's branded product, please contact our Customer Careline on 0800 636262. For all other products, please contact the manufacturer, whose details will appear on the packaging or label. Sainsbury's is therefore unable to accept liability for any incorrect information.","You should also note that the picture / images show only our serving suggestions of how to serve or prepare your food – all accessories and additional items and/or ingredients pictured with the product you are purchasing are not included.","This information is supplied for your personal use only. It may not be reproduced in any way without the prior consent of Sainsbury's Supermarkets Ltd and due acknowledgement"],"attachments":[],"categories":[{"id":"591354","name":"Birra Moretti, Foster's, Heineken and more"},{"id":"12260","name":"World beer"},{"id":"242801","name":"Special offers"},{"id":"278253","name":"All lager"},{"id":"275896","name":"World lager"},{"id":"275897","name":"Single bottles"},{"id":"318428","name":"All beer"},{"id":"410356","name":"Special offers"},{"id":"410363","name":"Special offers"}],"attributes":{"brand":["Birra Moretti"]},"is_supply_chain_orderable":false,"display_icons":[],"pdp_deep_link":"/shop/ProductDisplay?storeId=10151\u0026langId=44\u0026productId=91108"},{"product_uid":"2798509","favourite_uid":null,"eans":["5010153872244","5031323001103","5031323001004","5023625004487"],"product_type":"BASIC","name":"Hobgoblin Ruby Ale Beer Bottle 500ml","image":"https://www.sainsburys.co.uk/wcsstore/ExtendedSitesCatalogAssetStore/images/catalog/productImages/44/5010153872244/5010153872244_L.jpeg","image_zoom":null,"image_thumbnail":"https://www.sainsburys.co.uk/wcsstore/ExtendedSitesCatalogAssetStore/images/catalog/productImages/44/5010153872244/5010153872244_M.jpeg","image_thumbnail_small":"https://www.sainsburys.co.uk/wcsstore/ExtendedSitesCatalogAssetStore/images/catalog/productImages/44/5010153872244/5010153872244_S.jpeg","full_url":"https://www.sainsburys.co.uk/shop/gb/groceries/product/details/wychwood-hobgoblin-extra-strong-ale-500ml","unit_price":{"price":3.2,"measure":"ltr","measure_amount":1},"retail_price":{"price":1.6,"measure":"unit"},"is_available":true,"promotions":[],"hfss_restriction":[{"country":"ENG","restricted":false,"hfss_category":"Out of scope or Product not in a legislative category","hfss_score":0,"last_change_date":"2022-09-23T11:46:23.262Z"},{"country":"SCT","restricted":false,"hfss_category":"Out of scope or Product not in a legislative category","hfss_score":0,"last_change_date":"2022-09-23T11:46:23.262Z"},{"country":"WLS","restricted":false,"hfss_category":"Out of scope or Product not in a legislative category","hfss_score":0,"last_change_date":"2022-09-23T11:46:23.262Z"},{"country":"NIR","restricted":false,"hfss_category":"Out of scope or Product not in a legislative category","hfss_score":0,"last_change_date":"2022-09-23T11:46:23.262Z"}],"not_for_eu":true,"associations":[],"is_alcoholic":true,"is_spotlight":false,"is_intolerant":false,"is_mhra":false,"badges":[],"labels":[{"label_uid":"LOW EVERYDAY PRICE","text":"LOW EVERYDAY PRICE","alt_text":"LOW EVERYDAY PRICE","color":"#D70000","link_opens_in_new_window":false}],"zone":null,"department":null,"reviews":{"is_enabled":true,"product_uid":"2798509","total":26,"average_rating":4.6538},"breadcrumbs":[],"assets":{"plp_image":"https://assets.sainsburys-groceries.co.uk/gol/2798509/image.jpg","images":[],"video":[]},"description":[],"important_information":["The above details have been prepared to help you select suitable products. Products and their ingredients are liable to change.","\u003cstrong\u003eYou should always read the label before consuming or using the product and never rely solely on the information presented here.","If you require specific advice on any Sainsbury's branded product, please contact our Customer Careline on 0800 636262. For all other products, please contact the manufacturer, whose details will appear on the packaging or label. Sainsbury's is therefore unable to accept liability for any incorrect information.","You should also note that the picture / images show only our serving suggestions of how to serve or prepare your food – all accessories and additional items and/or ingredients pictured with the product you are purchasing are not included.","This information is supplied for your personal use only. It may not be reproduced in any way without the prior consent of Sainsbury's Supermarkets Ltd and due acknowledgement"],"attachments":[],"categories":[{"id":"607853","name":"Low everyday prices"},{"id":"594857","name":"Drinks \u0026 cocktails"},{"id":"506355","name":"Ale \u0026 stout"},{"id":"489872","name":"Low everyday prices"},{"id":"565857","name":"San Miguel, Brooklyn, Poretti, Hobgoblin"},{"id":"537364","name":"Drinks \u0026 cocktails"},{"id":"318428","name":"All beer"},{"id":"337357","name":"All Halloween"},{"id":"337378","name":"Halloween Party"},{"id":"417391","name":"Price lockdown"},{"id":"454358","name":"Special offers"}],"attributes":{"brand":["Wychwood"]},"is_supply_chain_orderable":false,"display_icons":["LOW EVERYDAY PRICE"],"pdp_deep_link":"/shop/ProductDisplay?storeId=10151\u0026langId=44\u0026productId=81830"},{"product_uid":"7961376","favourite_uid":null,"eans":["5035766382195","5010153873005"],"product_type":"BASIC","name":"Kronenbourg 1664 Lager Beer Cans 15 x 440ml","image":"https://www.sainsburys.co.uk/wcsstore/ExtendedSitesCatalogAssetStore/images/catalog/productImages/05/5010153873005/5010153873005_L.jpeg","image_zoom":null,"image_thumbnail":"https://www.sainsburys.co.uk/wcsstore/ExtendedSitesCatalogAssetStore/images/catalog/productImages/05/5010153873005/5010153873005_M.jpeg","image_thumbnail_small":"https://www.sainsburys.co.uk/wcsstore/ExtendedSitesCatalogAssetStore/images/catalog/productImages/05/5010153873005/5010153873005_S.jpeg","full_url":"https://www.sainsburys.co.uk/shop/gb/groceries/product/details/kronenbourg-1664-premium-beer-15-x-440ml-7961376-p","unit_price":{"price":2.58,"measure":"ltr","measure_amount":1},"retail_price":{"price":12,"measure":"unit"},"nectar_price":{"retail_price":12,"unit_price":1.82,"measure":"unit","url":"https://www.sainsburys.co.uk/shop/gb/groceries/new---trending/nectar-prices","category_seo_url":"gb/groceries/new---trending/nectar-prices"},"is_available":true,"promotions":[{"promotion_uid":"10643172","icon":"https://www.sainsburys.co.uk/wcsstore/Sainsburys/Promotion assets/Promotion icons/Buy_X_For_Y_Amt_S_Icon.gif","link":"/shop/PromotionDisplayView?promotionId=10643172\u0026productId=1276362\u0026langId=44\u0026storeId=10151","strap_line":"Buy 1 for 12","start_date":"2024-09-17T23:00:00Z","end_date":"2024-10-07T23:00:00Z","original_price":17,"promo_mechanic_id":"99","is_nectar":true,"promo_type":"SIMPLE_FIXED_PRICE","promo_group":"simple"}],"hfss_restriction":[{"country":"ENG","restricted":false,"hfss_category":"Out of scope or Product not in a legislative category","hfss_score":0,"last_change_date":"2022-09-23T11:46:35.866Z"},{"country":"SCT","restricted":false,"hfss_category":"Out of scope or Product not in a legislative category","hfss_score":0,"last_change_date":"2022-09-23T11:46:35.866Z"},{"country":"WLS","restricted":false,"hfss_category":"Out of scope or Product not in a legislative category","hfss_score":0,"last_change_date":"2022-09-23T11:46:35.866Z"},{"country":"NIR","restricted":false,"hfss_category":"Out of scope or Product not in a legislative category","hfss_score":0,"last_change_date":"2022-09-23T11:46:35.866Z"}],"not_for_eu":true,"associations":[],"is_alcoholic":true,"is_spotlight":false,"is_intolerant":false,"is_mhra":false,"badges":[],"labels":[],"zone":null,"department":null,"reviews":{"is_enabled":true,"product_uid":"7961376","total":166,"average_rating":3.5},"breadcrumbs":[],"assets":{"plp_image":"https://assets.sainsburys-groceries.co.uk/gol/7961376/image.jpg","images":[],"video":[]},"description":[],"important_information":["The above details have been prepared to help you select suitable products. Products and their ingredients are liable to change.","\u003cstrong\u003eYou should always read the label before consuming or using the product and never rely solely on the information presented here.","If you require specific advice on any Sainsbury's branded product, please contact our Customer Careline on 0800 636262. For all other products, please contact the manufacturer, whose details will appear on the packaging or label. Sainsbury's is therefore unable to accept liability for any incorrect information.","You should also note that the picture / images show only our serving suggestions of how to serve or prepare your food – all accessories and additional items and/or ingredients pictured with the product you are purchasing are not included.","This information is supplied for your personal use only. It may not be reproduced in any way without the prior consent of Sainsbury's Supermarkets Ltd and due acknowledgement"],"attachments":[],"categories":[{"id":"594093","name":"Beer \u0026 cider"},{"id":"594094","name":"Bigger packs"},{"id":"480353","name":"Bigger packs"},{"id":"610861","name":"Father's Day"},{"id":"242801","name":"Special offers"},{"id":"278253","name":"All lager"},{"id":"275894","name":"Multipack lager"},{"id":"318428","name":"All beer"},{"id":"410356","name":"Special offers"},{"id":"410380","name":"Special offers"},{"id":"424861","name":"Special offers"},{"id":"431864","name":"Summer is coming"},{"id":"434877","name":"Special offers"},{"id":"462356","name":"Special offers"},{"id":"478380","name":"Bigger packs"}],"header":{"text":"Nectar price","type":"NECTAR"},"attributes":{"brand":["Kronenbourg"]},"is_supply_chain_orderable":false,"display_icons":[],"pdp_deep_link":"/shop/ProductDisplay?storeId=10151\u0026langId=44\u0026productId=1276362"},{"product_uid":"7093148","favourite_uid":null,"eans":["5011166018896","5011166081326"],"product_type":"BASIC","name":"Crabbies Original Alcoholic Ginger Beer 500ml","image":"https://www.sainsburys.co.uk/wcsstore/ExtendedSitesCatalogAssetStore/images/catalog/productImages/26/5011166081326/5011166081326_L.jpeg","image_zoom":null,"image_thumbnail":"https://www.sainsburys.co.uk/wcsstore/ExtendedSitesCatalogAssetStore/images/catalog/productImages/26/5011166081326/5011166081326_M.jpeg","image_thumbnail_small":"https://www.sainsburys.co.uk/wcsstore/ExtendedSitesCatalogAssetStore/images/catalog/productImages/26/5011166081326/5011166081326_S.jpeg","full_url":"https://www.sainsburys.co.uk/shop/gb/groceries/product/details/crabbies-original-ginger-beer-500ml","unit_price":{"price":3.6,"measure":"ltr","measure_amount":1},"retail_price":{"price":1.8,"measure":"unit"},"is_available":true,"promotions":[],"hfss_restriction":[{"country":"ENG","restricted":false,"hfss_category":"Out of scope or Product not in a legislative category","hfss_score":0,"last_change_date":"2022-09-23T11:46:27.389Z"},{"country":"SCT","restricted":false,"hfss_category":"Out of scope or Product not in a legislative category","hfss_score":0,"last_change_date":"2022-09-23T11:46:27.389Z"},{"country":"WLS","restricted":false,"hfss_category":"Out of scope or Product not in a legislative category","hfss_score":0,"last_change_date":"2022-09-23T11:46:27.389Z"},{"country":"NIR","restricted":false,"hfss_category":"Out of scope or Product not in a legislative category","hfss_score":0,"last_change_date":"2022-09-23T11:46:27.389Z"}],"not_for_eu":true,"associations":[],"is_alcoholic":true,"is_spotlight":false,"is_intolerant":false,"is_mhra":false,"badges":[],"labels":[],"zone":null,"department":null,"reviews":{"is_enabled":true,"product_uid":"7093148","total":14,"average_rating":4.7857},"breadcrumbs":[],"assets":{"plp_image":"https://assets.sainsburys-groceries.co.uk/gol/7093148/image.jpg","images":[],"video":[]},"description":[],"important_information":["The above details have been prepared to help you select suitable products. Products and their ingredients are liable to change.","\u003cstrong\u003eYou should always read the label before consuming or using the product and never rely solely on the information presented here.","If you require specific advice on any Sainsbury's branded product, please contact our Customer Careline on 0800 636262. For all other products, please contact the manufacturer, whose details will appear on the packaging or label. Sainsbury's is therefore unable to accept liability for any incorrect information.","You should also note that the picture / images show only our serving suggestions of how to serve or prepare your food – all accessories and additional items and/or ingredients pictured with the product you are purchasing are not included.","This information is supplied for your personal use only. It may not be reproduced in any way without the prior consent of Sainsbury's Supermarkets Ltd and due acknowledgement"],"attachments":[],"categories":[{"id":"506356","name":"Craft beer"},{"id":"318428","name":"All beer"}],"attributes":{"brand":["Crabbie's"]},"is_supply_chain_orderable":false,"display_icons":[],"pdp_deep_link":"/shop/ProductDisplay?storeId=10151\u0026langId=44\u0026productId=95196"},{"product_uid":"7643851","favourite_uid":null,"eans":["8008440112033","5023837000697"],"product_type":"BASIC","name":"Peroni Nastro Azzurro Beer Lager Bottles 18x330ml","image":"https://www.sainsburys.co.uk/wcsstore/ExtendedSitesCatalogAssetStore/images/catalog/productImages/33/8008440112033/8008440112033_L.jpeg","image_zoom":null,"image_thumbnail":"https://www.sainsburys.co.uk/wcsstore/ExtendedSitesCatalogAssetStore/images/catalog/productImages/33/8008440112033/8008440112033_M.jpeg","image_thumbnail_small":"https://www.sainsburys.co.uk/wcsstore/ExtendedSitesCatalogAssetStore/images/catalog/productImages/33/8008440112033/8008440112033_S.jpeg","full_url":"https://www.sainsburys.co.uk/shop/gb/groceries/product/details/peroni-18x330ml","unit_price":{"price":4.21,"measure":"ltr","measure_amount":1},"retail_price":{"price":25,"measure":"unit"},"is_available":true,"promotions":[],"hfss_restriction":[{"country":"ENG","restricted":false,"hfss_category":"Out of scope or Product not in a legislative category","hfss_score":0,"last_change_date":"2022-09-23T11:46:25.488Z"},{"country":"SCT","restricted":false,"hfss_category":"Out of scope or Product not in a legislative category","hfss_score":0,"last_change_date":"2022-09-23T11:46:25.488Z"},{"country":"WLS","restricted":false,"hfss_category":"Out of scope or Product not in a legislative category","hfss_score":0,"last_change_date":"2022-09-23T11:46:25.488Z"},{"country":"NIR","restricted":false,"hfss_category":"Out of scope or Product not in a legislative category","hfss_score":0,"last_change_date":"2022-09-23T11:46:25.488Z"}],"not_for_eu":true,"associations":[],"is_alcoholic":true,"is_spotlight":false,"is_intolerant":false,"is_mhra":false,"badges":[],"labels":[],"zone":null,"department":null,"reviews":{"is_enabled":true,"product_uid":"7643851","total":186,"average_rating":4.7366},"breadcrumbs":[],"assets":{"plp_image":"https://assets.sainsburys-groceries.co.uk/gol/7643851/image.jpg","images":[],"video":[]},"description":[],"important_information":["The above details have been prepared to help you select suitable products. Products and their ingredients are liable to change.","\u003cstrong\u003eYou should always read the label before consuming or using the product and never rely solely on the information presented here.","If you require specific advice on any Sainsbury's branded product, please contact our Customer Careline on 0800 636262. For all other products, please contact the manufacturer, whose details will appear on the packaging or label. Sainsbury's is therefore unable to accept liability for any incorrect information.","You should also note that the picture / images show only our serving suggestions of how to serve or prepare your food – all accessories and additional items and/or ingredients pictured with the product you are purchasing are not included.","This information is supplied for your personal use only. It may not be reproduced in any way without the prior consent of Sainsbury's Supermarkets Ltd and due acknowledgement"],"attachments":[],"categories":[{"id":"594093","name":"Beer \u0026 cider"},{"id":"594094","name":"Bigger packs"},{"id":"480353","name":"Bigger packs"},{"id":"610854","name":"Beer, Wine \u0026 Spirits"},{"id":"610860","name":"Offers"},{"id":"12260","name":"World beer"},{"id":"242801","name":"Special offers"},{"id":"278253","name":"All lager"},{"id":"275896","name":"World lager"},{"id":"318428","name":"All beer"},{"id":"410356","name":"Special offers"},{"id":"410363","name":"Special offers"},{"id":"410380","name":"Special offers"},{"id":"424861","name":"Special offers"},{"id":"431864","name":"Summer is coming"},{"id":"432368","name":"Special offers"},{"id":"434877","name":"Special offers"},{"id":"462356","name":"Special offers"},{"id":"478380","name":"Bigger packs"}],"attributes":{"brand":["Peroni"]},"is_supply_chain_orderable":false,"display_icons":["10PacksMax"],"pdp_deep_link":"/shop/ProductDisplay?storeId=10151\u0026langId=44\u0026productId=434624"},{"product_uid":"7754544","favourite_uid":null,"eans":["8008440212481","8008440212214"],"product_type":"BASIC","name":"Peroni Nastro Azzurro Beer Lager Bottle 620ml","image":"https://www.sainsburys.co.uk/wcsstore/ExtendedSitesCatalogAssetStore/images/catalog/productImages/81/8008440212481/8008440212481_L.jpeg","image_zoom":null,"image_thumbnail":"https://www.sainsburys.co.uk/wcsstore/ExtendedSitesCatalogAssetStore/images/catalog/productImages/81/8008440212481/8008440212481_M.jpeg","image_thumbnail_small":"https://www.sainsburys.co.uk/wcsstore/ExtendedSitesCatalogAssetStore/images/catalog/productImages/81/8008440212481/8008440212481_S.jpeg","full_url":"https://www.sainsburys.co.uk/shop/gb/groceries/product/details/peroni-nastro-azzurro-620ml","unit_price":{"price":4.44,"measure":"ltr","measure_amount":1},"retail_price":{"price":2.75,"measure":"unit"},"is_available":true,"promotions":[{"promotion_uid":"10650156","icon":"https://www.sainsburys.co.uk/wcsstore/Sainsburys/Promotion assets/Promotion icons/Buy_X_For_Y_Amt_S_Icon.gif","link":"/shop/PromotionDisplayView?promotionId=10650156\u0026productId=901820\u0026langId=44\u0026storeId=10151","strap_line":"Buy any 3 for £6.00 with Nectar","start_date":"2024-09-17T23:00:00Z","end_date":"2024-11-15T00:00:00Z","original_price":0,"promo_mechanic_id":"14","is_nectar":true,"promo_type":"MULTIBUY_BUY_X_OF_VARIABLE_PRICE_FOR_Y","promo_group":"multi_buy"}],"hfss_restriction":[{"country":"ENG","restricted":false,"hfss_category":"Out of scope or Product not in a legislative category","hfss_score":0,"last_change_date":"2022-09-23T11:46:25.342Z"},{"country":"SCT","restricted":false,"hfss_category":"Out of scope or Product not in a legislative category","hfss_score":0,"last_change_date":"2022-09-23T11:46:25.342Z"},{"country":"WLS","restricted":false,"hfss_category":"Out of scope or Product not in a legislative category","hfss_score":0,"last_change_date":"2022-09-23T11:46:25.342Z"},{"country":"NIR","restricted":false,"hfss_category":"Out of scope or Product not in a legislative category","hfss_score":0,"last_change_date":"2022-09-23T11:46:25.342Z"}],"not_for_eu":true,"associations":[],"is_alcoholic":true,"is_spotlight":false,"is_intolerant":false,"is_mhra":false,"badges":[],"labels":[],"zone":null,"department":null,"reviews":{"is_enabled":true,"product_uid":"7754544","total":186,"average_rating":4.7366},"breadcrumbs":[],"assets":{"plp_image":"https://assets.sainsburys-groceries.co.uk/gol/7754544/image.jpg","images":[],"video":[]},"description":[],"important_information":["The above details have been prepared to help you select suitable products. Products and their ingredients are liable to change.","\u003cstrong\u003eYou should always read the label before consuming or using the product and never rely solely on the information presented here.","If you require specific advice on any Sainsbury's branded product, please contact our Customer Careline on 0800 636262. For all other products, please contact the manufacturer, whose details will appear on the packaging or label. Sainsbury's is therefore unable to accept liability for any incorrect information.","You should also note that the picture / images show only our serving suggestions of how to serve or prepare your food – all accessories and additional items and/or ingredients pictured with the product you are purchasing are not included.","This information is supplied for your personal use only. It may not be reproduced in any way without the prior consent of Sainsbury's Supermarkets Ltd and due acknowledgement"],"attachments":[],"categories":[{"id":"12260","name":"World beer"},{"id":"242801","name":"Special offers"},{"id":"278253","name":"All lager"},{"id":"275896","name":"World lager"},{"id":"275897","name":"Single bottles"},{"id":"318428","name":"All beer"},{"id":"410356","name":"Special offers"},{"id":"410363","name":"Special offers"}],"attributes":{"brand":["Peroni"]},"is_supply_chain_orderable":false,"display_icons":[],"pdp_deep_link":"/shop/ProductDisplay?storeId=10151\u0026langId=44\u0026productId=901820"},{"product_uid":"6500558","favourite_uid":null,"eans":["4002103248248","4002103000013"],"product_type":"BASIC","name":"Erdinger Weissbier Wheat Beer Bottle 500ml","image":"https://www.sainsburys.co.uk/wcsstore/ExtendedSitesCatalogAssetStore/images/catalog/productImages/48/4002103248248/4002103248248_L.jpeg","image_zoom":null,"image_thumbnail":"https://www.sainsburys.co.uk/wcsstore/ExtendedSitesCatalogAssetStore/images/catalog/productImages/48/4002103248248/4002103248248_M.jpeg","image_thumbnail_small":"https://www.sainsburys.co.uk/wcsstore/ExtendedSitesCatalogAssetStore/images/catalog/productImages/48/4002103248248/4002103248248_S.jpeg","full_url":"https://www.sainsburys.co.uk/shop/gb/groceries/product/details/erdinger-weissbier-wheat-beer-bottle-500ml","unit_price":{"price":4,"measure":"ltr","measure_amount":1},"retail_price":{"price":2,"measure":"unit"},"is_available":true,"promotions":[],"hfss_restriction":[{"country":"ENG","restricted":false,"hfss_category":"Out of scope or Product not in a legislative category","hfss_score":0,"last_change_date":"2022-09-26T13:40:29.169Z"},{"country":"SCT","restricted":false,"hfss_category":"Out of scope or Product not in a legislative category","hfss_score":0,"last_change_date":"2022-09-26T13:40:29.169Z"},{"country":"WLS","restricted":false,"hfss_category":"Out of scope or Product not in a legislative category","hfss_score":0,"last_change_date":"2022-09-26T13:40:29.169Z"},{"country":"NIR","restricted":false,"hfss_category":"Out of scope or Product not in a legislative category","hfss_score":0,"last_change_date":"2022-09-26T13:40:29.169Z"}],"not_for_eu":true,"associations":[],"is_alcoholic":true,"is_spotlight":false,"is_intolerant":false,"is_mhra":false,"badges":[],"labels":[],"zone":null,"department":null,"reviews":{"is_enabled":true,"product_uid":"6500558","total":62,"average_rating":4.4355},"breadcrumbs":[],"assets":{"plp_image":"https://assets.sainsburys-groceries.co.uk/gol/6500558/image.jpg","images":[],"video":[]},"description":[],"important_information":["The above details have been prepared to help you select suitable products. Products and their ingredients are liable to change.","\u003cstrong\u003eYou should always read the label before consuming or using the product and never rely solely on the information presented here.","If you require specific advice on any Sainsbury's branded product, please contact our Customer Careline on 0800 636262. For all other products, please contact the manufacturer, whose details will appear on the packaging or label. Sainsbury's is therefore unable to accept liability for any incorrect information.","You should also note that the picture / images show only our serving suggestions of how to serve or prepare your food – all accessories and additional items and/or ingredients pictured with the product you are purchasing are not included.","This information is supplied for your personal use only. It may not be reproduced in any way without the prior consent of Sainsbury's Supermarkets Ltd and due acknowledgement"],"attachments":[],"categories":[{"id":"506356","name":"Craft beer"},{"id":"506357","name":"Speciality beer"},{"id":"318428","name":"All beer"},{"id":"438356","name":"Craft beer \u0026 snacks"}],"attributes":{"brand":["Erdinger Weissbrau"]},"is_supply_chain_orderable":false,"display_icons":[],"pdp_deep_link":"/shop/ProductDisplay?storeId=10151\u0026langId=44\u0026productId=90410"},{"product_uid":"7356578","favourite_uid":null,"eans":["0000001751055"],"product_type":"BASIC","name":"Sainsbury's India Pale Ale (IPA), Taste the Difference 500ml","image":"https://www.sainsburys.co.uk/wcsstore/ExtendedSitesCatalogAssetStore/images/catalog/productImages/55/0000001751055/0000001751055_L.jpeg","image_zoom":null,"image_thumbnail":"https://www.sainsburys.co.uk/wcsstore/ExtendedSitesCatalogAssetStore/images/catalog/productImages/55/0000001751055/0000001751055_M.jpeg","image_thumbnail_small":"https://www.sainsburys.co.uk/wcsstore/ExtendedSitesCatalogAssetStore/images/catalog/productImages/55/0000001751055/0000001751055_S.jpeg","full_url":"https://www.sainsburys.co.uk/shop/gb/groceries/product/details/sainsburys-india-pale-ale--taste-the-difference-500ml","unit_price":{"price":4.2,"measure":"ltr","measure_amount":1},"retail_price":{"price":2.1,"measure":"unit"},"is_available":true,"promotions":[{"promotion_uid":"10650144","icon":"https://www.sainsburys.co.uk/wcsstore/Sainsburys/Promotion assets/Promotion icons/Buy_X_For_Y_Amt_S_Icon.gif","link":"/shop/PromotionDisplayView?promotionId=10650144\u0026productId=98254\u0026langId=44\u0026storeId=10151","strap_line":"Buy any 4 for £7.00 with Nectar","start_date":"2024-09-17T23:00:00Z","end_date":"2024-11-15T00:00:00Z","original_price":0,"promo_mechanic_id":"14","is_nectar":true,"promo_type":"MULTIBUY_BUY_X_OF_VARIABLE_PRICE_FOR_Y","promo_group":"multi_buy"}],"hfss_restriction":[{"country":"ENG","restricted":false,"hfss_category":"Out of scope or Product not in a legislative category","hfss_score":0,"last_change_date":"2022-09-23T11:46:23.794Z"},{"country":"SCT","restricted":false,"hfss_category":"Out of scope or Product not in a legislative category","hfss_score":0,"last_change_date":"2022-09-23T11:46:23.794Z"},{"country":"WLS","restricted":false,"hfss_category":"Out of scope or Product not in a legislative category","hfss_score":0,"last_change_date":"2022-09-23T11:46:23.794Z"},{"country":"NIR","restricted":false,"hfss_category":"Out of scope or Product not in a legislative category","hfss_score":0,"last_change_date":"2022-09-23T11:46:23.794Z"}],"not_for_eu":true,"associations":[],"is_alcoholic":true,"is_spotlight":false,"is_intolerant":false,"is_mhra":false,"badges":[],"labels":[],"zone":null,"department":null,"reviews":{"is_enabled":true,"product_uid":"7356578","total":20,"average_rating":4.6},"breadcrumbs":[],"assets":{"plp_image":"https://assets.sainsburys-groceries.co.uk/gol/7356578/image.jpg","images":[],"video":[]},"description":[],"important_information":["The above details have been prepared to help you select suitable products. Products and their ingredients are liable to change.","\u003cstrong\u003eYou should always read the label before consuming or using the product and never rely solely on the information presented here.","If you require specific advice on any Sainsbury's branded product, please contact our Customer Careline on 0800 636262. For all other products, please contact the manufacturer, whose details will appear on the packaging or label. Sainsbury's is therefore unable to accept liability for any incorrect information.","You should also note that the picture / images show only our serving suggestions of how to serve or prepare your food – all accessories and additional items and/or ingredients pictured with the product you are purchasing are not included.","This information is supplied for your personal use only. It may not be reproduced in any way without the prior consent of Sainsbury's Supermarkets Ltd and due acknowledgement"],"attachments":[],"categories":[{"id":"506355","name":"Ale \u0026 stout"},{"id":"489872","name":"Low everyday prices"},{"id":"506368","name":"Taste the difference"},{"id":"242801","name":"Special offers"},{"id":"318428","name":"All beer"},{"id":"356375","name":"Lunar New Year"},{"id":"410356","name":"Special offers"}],"attributes":{"brand":["Taste the Difference","Sainsbury's"]},"is_supply_chain_orderable":false,"display_icons":[],"pdp_deep_link":"/shop/ProductDisplay?storeId=10151\u0026langId=44\u0026productId=98254"},{"product_uid":"2250786","favourite_uid":null,"eans":["5000213000076","5000213002926","5000213003589","5000213004630","5000213006061","0000050213085","5000196000575","0502130000085"],"product_type":"BASIC","name":"Guinness Draught Stout Beer Cans 4x440ml","image":"https://www.sainsburys.co.uk/wcsstore/ExtendedSitesCatalogAssetStore/images/catalog/productImages/85/0502130000085/0502130000085_L.jpeg","image_zoom":null,"image_thumbnail":"https://www.sainsburys.co.uk/wcsstore/ExtendedSitesCatalogAssetStore/images/catalog/productImages/85/0502130000085/0502130000085_M.jpeg","image_thumbnail_small":"https://www.sainsburys.co.uk/wcsstore/ExtendedSitesCatalogAssetStore/images/catalog/productImages/85/0502130000085/0502130000085_S.jpeg","full_url":"https://www.sainsburys.co.uk/shop/gb/groceries/product/details/guinness-draught-stout-4x440ml","unit_price":{"price":3.27,"measure":"ltr","measure_amount":1},"retail_price":{"price":5.75,"measure":"unit"},"is_available":true,"promotions":[],"hfss_restriction":[{"country":"ENG","restricted":false,"hfss_category":"Out of scope or Product not in a legislative category","hfss_score":0,"last_change_date":"2022-09-23T11:46:29.275Z"},{"country":"SCT","restricted":false,"hfss_category":"Out of scope or Product not in a legislative category","hfss_score":0,"last_change_date":"2022-09-23T11:46:29.275Z"},{"country":"WLS","restricted":false,"hfss_category":"Out of scope or Product not in a legislative category","hfss_score":0,"last_change_date":"2022-09-23T11:46:29.275Z"},{"country":"NIR","restricted":false,"hfss_category":"Out of scope or Product not in a legislative category","hfss_score":0,"last_change_date":"2022-09-23T11:46:29.275Z"}],"associations":[],"is_alcoholic":true,"is_spotlight":false,"is_intolerant":false,"is_mhra":false,"badges":[],"labels":[],"zone":null,"department":null,"reviews":{"is_enabled":true,"product_uid":"2250786","total":30,"average_rating":4.6333},"breadcrumbs":[],"assets":{"plp_image":"https://assets.sainsburys-groceries.co.uk/gol/2250786/image.jpg","images":[],"video":[]},"description":[],"important_information":["The above details have been prepared to help you select suitable products. Products and their ingredients are liable to change.","\u003cstrong\u003eYou should always read the label before consuming or using the product and never rely solely on the information presented here.","If you require specific advice on any Sainsbury's branded product, please contact our Customer Careline on 0800 636262. For all other products, please contact the manufacturer, whose details will appear on the packaging or label. Sainsbury's is therefore unable to accept liability for any incorrect information.","You should also note that the picture / images show only our serving suggestions of how to serve or prepare your food – all accessories and additional items and/or ingredients pictured with the product you are purchasing are not included.","This information is supplied for your personal use only. It may not be reproduced in any way without the prior consent of Sainsbury's Supermarkets Ltd and due acknowledgement"],"attachments":[],"categories":[{"id":"601380","name":"Win with Guinness"},{"id":"549865","name":"Irish"},{"id":"506355","name":"Ale \u0026 stout"},{"id":"610854","name":"Beer, Wine \u0026 Spirits"},{"id":"208330","name":"Irish"},{"id":"318428","name":"All beer"},{"id":"417428","name":"Six Nations with Guinness"},{"id":"419857","name":"Enjoy the match"}],"attributes":{"brand":["Guinness"]},"is_supply_chain_orderable":false,"display_icons":[],"pdp_deep_link":"/shop/ProductDisplay?storeId=10151\u0026langId=44\u0026productId=80930"},{"product_uid":"3618745","favourite_uid":null,"eans":["5060750580349","5035766720225"],"product_type":"BASIC","name":"Theakston Old Peculier Ale 500ml","image":"https://www.sainsburys.co.uk/wcsstore/ExtendedSitesCatalogAssetStore/images/catalog/productImages/49/5060750580349/5060750580349_L.jpeg","image_zoom":null,"image_thumbnail":"https://www.sainsburys.co.uk/wcsstore/ExtendedSitesCatalogAssetStore/images/catalog/productImages/49/5060750580349/5060750580349_M.jpeg","image_thumbnail_small":"https://www.sainsburys.co.uk/wcsstore/ExtendedSitesCatalogAssetStore/images/catalog/productImages/49/5060750580349/5060750580349_S.jpeg","full_url":"https://www.sainsburys.co.uk/shop/gb/groceries/product/details/theakston-old-peculier-ale-500ml","unit_price":{"price":4.2,"measure":"ltr","measure_amount":1},"retail_price":{"price":2.1,"measure":"unit"},"is_available":true,"promotions":[{"promotion_uid":"10650144","icon":"https://www.sainsburys.co.uk/wcsstore/Sainsburys/Promotion assets/Promotion icons/Buy_X_For_Y_Amt_S_Icon.gif","link":"/shop/PromotionDisplayView?promotionId=10650144\u0026productId=83714\u0026langId=44\u0026storeId=10151","strap_line":"Buy any 4 for £7.00 with Nectar","start_date":"2024-09-17T23:00:00Z","end_date":"2024-11-15T00:00:00Z","original_price":0,"promo_mechanic_id":"14","is_nectar":true,"promo_type":"MULTIBUY_BUY_X_OF_VARIABLE_PRICE_FOR_Y","promo_group":"multi_buy"}],"hfss_restriction":[{"country":"ENG","restricted":false,"hfss_category":"Out of scope or Product not in a legislative category","hfss_score":0,"last_change_date":"2022-09-23T11:46:23.021Z"},{"country":"SCT","restricted":false,"hfss_category":"Out of scope or Product not in a legislative category","hfss_score":0,"last_change_date":"2022-09-23T11:46:23.021Z"},{"country":"WLS","restricted":false,"hfss_category":"Out of scope or Product not in a legislative category","hfss_score":0,"last_change_date":"2022-09-23T11:46:23.021Z"},{"country":"NIR","restricted":false,"hfss_category":"Out of scope or Product not in a legislative category","hfss_score":0,"last_change_date":"2022-09-23T11:46:23.021Z"}],"not_for_eu":true,"associations":[],"is_alcoholic":true,"is_spotlight":false,"is_intolerant":false,"is_mhra":false,"badges":[],"labels":[],"zone":null,"department":null,"reviews":{"is_enabled":true,"product_uid":"3618745","total":11,"average_rating":4.7273},"breadcrumbs":[],"assets":{"plp_image":"https://assets.sainsburys-groceries.co.uk/gol/3618745/image.jpg","images":[],"video":[]},"description":[],"important_information":["The above details have been prepared to help you select suitable products. Products and their ingredients are liable to change.","\u003cstrong\u003eYou should always read the label before consuming or using the product and never rely solely on the information presented here.","If you require specific advice on any Sainsbury's branded product, please contact our Customer Careline on 0800 636262. For all other products, please contact the manufacturer, whose details will appear on the packaging or label. Sainsbury's is therefore unable to accept liability for any incorrect information.","You should also note that the picture / images show only our serving suggestions of how to serve or prepare your food – all accessories and additional items and/or ingredients pictured with the product you are purchasing are not included.","This information is supplied for your personal use only. It may not be reproduced in any way without the prior consent of Sainsbury's Supermarkets Ltd and due acknowledgement"],"attachments":[],"categories":[{"id":"506355","name":"Ale \u0026 stout"},{"id":"242801","name":"Special offers"},{"id":"318428","name":"All beer"},{"id":"410356","name":"Special offers"}],"attributes":{"brand":["Theakston"]},"is_supply_chain_orderable":false,"display_icons":[],"pdp_deep_link":"/shop/ProductDisplay?storeId=10151\u0026langId=44\u0026productId=83714"},{"product_uid":"7727757","favourite_uid":null,"eans":["5010153872220","5011348015194"],"product_type":"BASIC","name":"Hobgoblin Gold Ale Beer Bottle 500ml","image":"https://www.sainsburys.co.uk/wcsstore/ExtendedSitesCatalogAssetStore/images/catalog/productImages/20/5010153872220/5010153872220_L.jpeg","image_zoom":null,"image_thumbnail":"https://www.sainsburys.co.uk/wcsstore/ExtendedSitesCatalogAssetStore/images/catalog/productImages/20/5010153872220/5010153872220_M.jpeg","image_thumbnail_small":"https://www.sainsburys.co.uk/wcsstore/ExtendedSitesCatalogAssetStore/images/catalog/productImages/20/5010153872220/5010153872220_S.jpeg","full_url":"https://www.sainsburys.co.uk/shop/gb/groceries/product/details/wychwood-hobgoblin-gold-500ml","unit_price":{"price":3.2,"measure":"ltr","measure_amount":1},"retail_price":{"price":1.6,"measure":"unit"},"is_available":true,"promotions":[],"hfss_restriction":[{"country":"ENG","restricted":false,"hfss_category":"Out of scope or Product not in a legislative category","hfss_score":0,"last_change_date":"2022-09-23T11:46:23.330Z"},{"country":"SCT","restricted":false,"hfss_category":"Out of scope or Product not in a legislative category","hfss_score":0,"last_change_date":"2022-09-23T11:46:23.330Z"},{"country":"WLS","restricted":false,"hfss_category":"Out of scope or Product not in a legislative category","hfss_score":0,"last_change_date":"2022-09-23T11:46:23.330Z"},{"country":"NIR","restricted":false,"hfss_category":"Out of scope or Product not in a legislative category","hfss_score":0,"last_change_date":"2022-09-23T11:46:23.330Z"}],"not_for_eu":true,"associations":[],"is_alcoholic":true,"is_spotlight":false,"is_intolerant":false,"is_mhra":false,"badges":[],"labels":[{"label_uid":"LOW EVERYDAY PRICE","text":"LOW EVERYDAY PRICE","alt_text":"LOW EVERYDAY PRICE","color":"#D70000","link_opens_in_new_window":false}],"zone":null,"department":null,"reviews":{"is_enabled":true,"product_uid":"7727757","total":14,"average_rating":4.6429},"breadcrumbs":[],"assets":{"plp_image":"https://assets.sainsburys-groceries.co.uk/gol/7727757/image.jpg","images":[],"video":[]},"description":[],"important_information":["The above details have been prepared to help you select suitable products. Products and their ingredients are liable to change.","\u003cstrong\u003eYou should always read the label before consuming or using the product and never rely solely on the information presented here.","If you require specific advice on any Sainsbury's branded product, please contact our Customer Careline on 0800 636262. For all other products, please contact the manufacturer, whose details will appear on the packaging or label. Sainsbury's is therefore unable to accept liability for any incorrect information.","You should also note that the picture / images show only our serving suggestions of how to serve or prepare your food – all accessories and additional items and/or ingredients pictured with the product you are purchasing are not included.","This information is supplied for your personal use only. It may not be reproduced in any way without the prior consent of Sainsbury's Supermarkets Ltd and due acknowledgement"],"attachments":[],"categories":[{"id":"607853","name":"Low everyday prices"},{"id":"594857","name":"Drinks \u0026 cocktails"},{"id":"565857","name":"San Miguel, Brooklyn, Poretti, Hobgoblin"},{"id":"537364","name":"Drinks \u0026 cocktails"},{"id":"506355","name":"Ale \u0026 stout"},{"id":"318428","name":"All beer"},{"id":"337357","name":"All Halloween"},{"id":"337378","name":"Halloween Party"},{"id":"454358","name":"Special offers"}],"attributes":{"brand":["Wychwood"]},"is_supply_chain_orderable":false,"display_icons":["LOW EVERYDAY PRICE"],"pdp_deep_link":"/shop/ProductDisplay?storeId=10151\u0026langId=44\u0026productId=806182"},{"product_uid":"2258348","favourite_uid":null,"eans":["5010118317803","5010118317810","5010118317841"],"product_type":"BASIC","name":"Newcastle Brown Ale Bottle 550ml","image":"https://www.sainsburys.co.uk/wcsstore/ExtendedSitesCatalogAssetStore/images/catalog/productImages/41/5010118317841/5010118317841_L.jpeg","image_zoom":null,"image_thumbnail":"https://www.sainsburys.co.uk/wcsstore/ExtendedSitesCatalogAssetStore/images/catalog/productImages/41/5010118317841/5010118317841_M.jpeg","image_thumbnail_small":"https://www.sainsburys.co.uk/wcsstore/ExtendedSitesCatalogAssetStore/images/catalog/productImages/41/5010118317841/5010118317841_S.jpeg","full_url":"https://www.sainsburys.co.uk/shop/gb/groceries/product/details/newcastle-brown-ale-550ml","unit_price":{"price":4.09,"measure":"ltr","measure_amount":1},"retail_price":{"price":2.25,"measure":"unit"},"is_available":true,"promotions":[{"promotion_uid":"10650144","icon":"https://www.sainsburys.co.uk/wcsstore/Sainsburys/Promotion assets/Promotion icons/Buy_X_For_Y_Amt_S_Icon.gif","link":"/shop/PromotionDisplayView?promotionId=10650144\u0026productId=80944\u0026langId=44\u0026storeId=10151","strap_line":"Buy any 4 for £7.00 with Nectar","start_date":"2024-09-17T23:00:00Z","end_date":"2024-11-15T00:00:00Z","original_price":0,"promo_mechanic_id":"14","is_nectar":true,"promo_type":"MULTIBUY_BUY_X_OF_VARIABLE_PRICE_FOR_Y","promo_group":"multi_buy"}],"hfss_restriction":[{"country":"ENG","restricted":false,"hfss_category":"Out of scope or Product not in a legislative category","hfss_score":0,"last_change_date":"2022-09-23T11:46:35.850Z"},{"country":"SCT","restricted":false,"hfss_category":"Out of scope or Product not in a legislative category","hfss_score":0,"last_change_date":"2022-09-23T11:46:35.850Z"},{"country":"WLS","restricted":false,"hfss_category":"Out of scope or Product not in a legislative category","hfss_score":0,"last_change_date":"2022-09-23T11:46:35.850Z"},{"country":"NIR","restricted":false,"hfss_category":"Out of scope or Product not in a legislative category","hfss_score":0,"last_change_date":"2022-09-23T11:46:35.850Z"}],"not_for_eu":true,"associations":[],"is_alcoholic":true,"is_spotlight":false,"is_intolerant":false,"is_mhra":false,"badges":[],"labels":[],"zone":null,"department":null,"reviews":{"is_enabled":true,"product_uid":"2258348","total":10,"average_rating":4.2},"breadcrumbs":[],"assets":{"plp_image":"https://assets.sainsburys-groceries.co.uk/gol/2258348/image.jpg","images":[],"video":[]},"description":[],"important_information":["The above details have been prepared to help you select suitable products. Products and their ingredients are liable to change.","\u003cstrong\u003eYou should always read the label before consuming or using the product and never rely solely on the information presented here.","If you require specific advice on any Sainsbury's branded product, please contact our Customer Careline on 0800 636262. For all other products, please contact the manufacturer, whose details will appear on the packaging or label. Sainsbury's is therefore unable to accept liability for any incorrect information.","You should also note that the picture / images show only our serving suggestions of how to serve or prepare your food – all accessories and additional items and/or ingredients pictured with the product you are purchasing are not included.","This information is supplied for your personal use only. It may not be reproduced in any way without the prior consent of Sainsbury's Supermarkets Ltd and due acknowledgement"],"attachments":[],"categories":[{"id":"506355","name":"Ale \u0026 stout"},{"id":"242801","name":"Special offers"},{"id":"318428","name":"All beer"},{"id":"410356","name":"Special offers"}],"attributes":{"brand":["Newcastle Brown Ale"]},"is_supply_chain_orderable":false,"display_icons":[],"pdp_deep_link":"/shop/ProductDisplay?storeId=10151\u0026langId=44\u0026productId=80944"},{"product_uid":"2525136","favourite_uid":null,"eans":["5024583012019","5024583000016"],"product_type":"BASIC","name":"Black Sheep Ale 500ml","image":"https://www.sainsburys.co.uk/wcsstore/ExtendedSitesCatalogAssetStore/images/catalog/productImages/16/5024583000016/5024583000016_L.jpeg","image_zoom":null,"image_thumbnail":"https://www.sainsburys.co.uk/wcsstore/ExtendedSitesCatalogAssetStore/images/catalog/productImages/16/5024583000016/5024583000016_M.jpeg","image_thumbnail_small":"https://www.sainsburys.co.uk/wcsstore/ExtendedSitesCatalogAssetStore/images/catalog/productImages/16/5024583000016/5024583000016_S.jpeg","full_url":"https://www.sainsburys.co.uk/shop/gb/groceries/product/details/black-sheep-ale--bottle-500ml","unit_price":{"price":4,"measure":"ltr","measure_amount":1},"retail_price":{"price":2,"measure":"unit"},"is_available":true,"promotions":[{"promotion_uid":"10650144","icon":"https://www.sainsburys.co.uk/wcsstore/Sainsburys/Promotion assets/Promotion icons/Buy_X_For_Y_Amt_S_Icon.gif","link":"/shop/PromotionDisplayView?promotionId=10650144\u0026productId=81390\u0026langId=44\u0026storeId=10151","strap_line":"Buy any 4 for £7.00 with Nectar","start_date":"2024-09-17T23:00:00Z","end_date":"2024-11-15T00:00:00Z","original_price":0,"promo_mechanic_id":"14","is_nectar":true,"promo_type":"MULTIBUY_BUY_X_OF_VARIABLE_PRICE_FOR_Y","promo_group":"multi_buy"}],"hfss_restriction":[{"country":"ENG","restricted":false,"hfss_category":"Out of scope or Product not in a legislative category","hfss_score":0,"last_change_date":"2022-09-23T11:46:18.419Z"},{"country":"SCT","restricted":false,"hfss_category":"Out of scope or Product not in a legislative category","hfss_score":0,"last_change_date":"2022-09-23T11:46:18.419Z"},{"country":"WLS","restricted":false,"hfss_category":"Out of scope or Product not in a legislative category","hfss_score":0,"last_change_date":"2022-09-23T11:46:18.419Z"},{"country":"NIR","restricted":false,"hfss_category":"Out of scope or Product not in a legislative category","hfss_score":0,"last_change_date":"2022-09-23T11:46:18.419Z"}],"associations":[],"is_alcoholic":true,"is_spotlight":false,"is_intolerant":false,"is_mhra":false,"badges":[],"labels":[],"zone":null,"department":null,"reviews":{"is_enabled":true,"product_uid":"2525136","total":4,"average_rating":3.75},"breadcrumbs":[],"assets":{"plp_image":"https://assets.sainsburys-groceries.co.uk/gol/2525136/image.jpg","images":[],"video":[]},"description":[],"important_information":["The above details have been prepared to help you select suitable products. Products and their ingredients are liable to change.","\u003cstrong\u003eYou should always read the label before consuming or using the product and never rely solely on the information presented here.","If you require specific advice on any Sainsbury's branded product, please contact our Customer Careline on 0800 636262. For all other products, please contact the manufacturer, whose details will appear on the packaging or label. Sainsbury's is therefore unable to accept liability for any incorrect information.","You should also note that the picture / images show only our serving suggestions of how to serve or prepare your food – all accessories and additional items and/or ingredients pictured with the product you are purchasing are not included.","This information is supplied for your personal use only. It may not be reproduced in any way without the prior consent of Sainsbury's Supermarkets Ltd and due acknowledgement"],"attachments":[],"categories":[{"id":"506355","name":"Ale \u0026 stout"},{"id":"242801","name":"Special offers"},{"id":"318428","name":"All beer"},{"id":"410356","name":"Special offers"}],"attributes":{"brand":["Black Sheep Brewery"]},"is_supply_chain_orderable":false,"display_icons":[],"pdp_deep_link":"/shop/ProductDisplay?storeId=10151\u0026langId=44\u0026productId=81390"},{"product_uid":"7855845","favourite_uid":null,"eans":["8410793285737","8410793283931"],"product_type":"BASIC","name":"Estrella Damm Lager Beer Bottles 12x330ml","image":"https://www.sainsburys.co.uk/wcsstore/ExtendedSitesCatalogAssetStore/images/catalog/productImages/31/8410793283931/8410793283931_L.jpeg","image_zoom":null,"image_thumbnail":"https://www.sainsburys.co.uk/wcsstore/ExtendedSitesCatalogAssetStore/images/catalog/productImages/31/8410793283931/8410793283931_M.jpeg","image_thumbnail_small":"https://www.sainsburys.co.uk/wcsstore/ExtendedSitesCatalogAssetStore/images/catalog/productImages/31/8410793283931/8410793283931_S.jpeg","full_url":"https://www.sainsburys.co.uk/shop/gb/groceries/product/details/estrella-damm-12x330ml","unit_price":{"price":4.17,"measure":"ltr","measure_amount":1},"retail_price":{"price":13.5,"measure":"unit"},"nectar_price":{"retail_price":13.5,"unit_price":3.41,"measure":"unit","url":"https://www.sainsburys.co.uk/shop/gb/groceries/new---trending/nectar-prices","category_seo_url":"gb/groceries/new---trending/nectar-prices"},"is_available":true,"promotions":[{"promotion_uid":"10643135","icon":"https://www.sainsburys.co.uk/wcsstore/Sainsburys/Promotion assets/Promotion icons/Buy_X_For_Y_Amt_S_Icon.gif","link":"/shop/PromotionDisplayView?promotionId=10643135\u0026productId=1125686\u0026langId=44\u0026storeId=10151","strap_line":"Buy 1 for 13.5","start_date":"2024-09-17T23:00:00Z","end_date":"2024-10-07T23:00:00Z","original_price":16.5,"promo_mechanic_id":"99","is_nectar":true,"promo_type":"SIMPLE_FIXED_PRICE","promo_group":"simple"}],"hfss_restriction":[{"country":"ENG","restricted":false,"hfss_category":"Out of scope or Product not in a legislative category","hfss_score":0,"last_change_date":"2023-05-24T11:56:10Z"},{"country":"SCT","restricted":false,"hfss_category":"Out of scope or Product not in a legislative category","hfss_score":0,"last_change_date":"2023-05-24T11:56:10Z"},{"country":"WLS","restricted":false,"hfss_category":"Out of scope or Product not in a legislative category","hfss_score":0,"last_change_date":"2023-05-24T11:56:10Z"},{"country":"NIR","restricted":false,"hfss_category":"Out of scope or Product not in a legislative category","hfss_score":0,"last_change_date":"2023-05-24T11:56:10Z"}],"not_for_eu":true,"associations":[],"is_alcoholic":true,"is_spotlight":false,"is_intolerant":false,"is_mhra":false,"badges":[],"labels":[],"zone":null,"department":null,"reviews":{"is_enabled":true,"product_uid":"7855845","total":18,"average_rating":4.4444},"breadcrumbs":[],"assets":{"plp_image":"https://assets.sainsburys-groceries.co.uk/gol/7855845/image.jpg","images":[],"video":[]},"description":[],"important_information":["The above details have been prepared to help you select suitable products. Products and their ingredients are liable to change.","\u003cstrong\u003eYou should always read the label before consuming or using the product and never rely solely on the information presented here.","If you require specific advice on any Sainsbury's branded product, please contact our Customer Careline on 0800 636262. For all other products, please contact the manufacturer, whose details will appear on the packaging or label. Sainsbury's is therefore unable to accept liability for any incorrect information.","You should also note that the picture / images show only our serving suggestions of how to serve or prepare your food – all accessories and additional items and/or ingredients pictured with the product you are purchasing are not included.","This information is supplied for your personal use only. It may not be reproduced in any way without the prior consent of Sainsbury's Supermarkets Ltd and due acknowledgement"],"attachments":[],"categories":[{"id":"610861","name":"Father's Day"},{"id":"511357","name":"Summer of sport"},{"id":"12260","name":"World beer"},{"id":"242801","name":"Special offers"},{"id":"278253","name":"All lager"},{"id":"275894","name":"Multipack lager"},{"id":"275896","name":"World lager"},{"id":"318428","name":"All beer"},{"id":"410356","name":"Special offers"},{"id":"410363","name":"Special offers"},{"id":"410378","name":"Special offers"},{"id":"424861","name":"Special offers"},{"id":"431864","name":"Summer is coming"},{"id":"432368","name":"Special offers"},{"id":"434877","name":"Special offers"},{"id":"478380","name":"Bigger packs"}],"header":{"text":"Nectar price","type":"NECTAR"},"attributes":{"brand":["Estrella Damm"]},"is_supply_chain_orderable":false,"display_icons":["10PacksMax"],"pdp_deep_link":"/shop/ProductDisplay?storeId=10151\u0026langId=44\u0026productId=1125686"},{"product_uid":"3944790","favourite_uid":null,"eans":["5010549303673","5010549204611","0501054914614","5010549104614"],"product_type":"BASIC","name":"Greene King Abbot Ale Beer Cans 4x500ml","image":"https://www.sainsburys.co.uk/wcsstore/ExtendedSitesCatalogAssetStore/images/catalog/productImages/14/5010549104614/5010549104614_L.jpeg","image_zoom":null,"image_thumbnail":"https://www.sainsburys.co.uk/wcsstore/ExtendedSitesCatalogAssetStore/images/catalog/productImages/14/5010549104614/5010549104614_M.jpeg","image_thumbnail_small":"https://www.sainsburys.co.uk/wcsstore/ExtendedSitesCatalogAssetStore/images/catalog/productImages/14/5010549104614/5010549104614_S.jpeg","full_url":"https://www.sainsburys.co.uk/shop/gb/groceries/product/details/greene-king-abbot-ale-4x500ml","unit_price":{"price":2.88,"measure":"ltr","measure_amount":1},"retail_price":{"price":5.25,"measure":"unit"},"nectar_price":{"retail_price":5.25,"unit_price":2.63,"measure":"unit","url":"https://www.sainsburys.co.uk/shop/gb/groceries/new---trending/nectar-prices","category_seo_url":"gb/groceries/new---trending/nectar-prices"},"is_available":true,"promotions":[{"promotion_uid":"10649337","icon":"https://www.sainsburys.co.uk/wcsstore/Sainsburys/Promotion assets/Promotion icons/Buy_X_For_Y_Amt_S_Icon.gif","link":"/shop/PromotionDisplayView?promotionId=10649337\u0026productId=84640\u0026langId=44\u0026storeId=10151","strap_line":"Buy 1 for 5.25","start_date":"2024-09-17T23:00:00Z","end_date":"2024-10-07T23:00:00Z","original_price":5.75,"promo_mechanic_id":"99","is_nectar":true,"promo_type":"SIMPLE_FIXED_PRICE","promo_group":"simple"}],"hfss_restriction":[{"country":"ENG","restricted":false,"hfss_category":"Out of scope or Product not in a legislative category","hfss_score":0,"last_change_date":"2022-09-23T11:46:26.359Z"},{"country":"SCT","restricted":false,"hfss_category":"Out of scope or Product not in a legislative category","hfss_score":0,"last_change_date":"2022-09-23T11:46:26.359Z"},{"country":"WLS","restricted":false,"hfss_category":"Out of scope or Product not in a legislative category","hfss_score":0,"last_change_date":"2022-09-23T11:46:26.359Z"},{"country":"NIR","restricted":false,"hfss_category":"Out of scope or Product not in a legislative category","hfss_score":0,"last_change_date":"2022-09-23T11:46:26.359Z"}],"not_for_eu":true,"associations":[],"is_alcoholic":true,"is_spotlight":false,"is_intolerant":false,"is_mhra":false,"badges":[],"labels":[],"zone":null,"department":null,"reviews":{"is_enabled":true,"product_uid":"3944790","total":10,"average_rating":5},"breadcrumbs":[],"assets":{"plp_image":"https://assets.sainsburys-groceries.co.uk/gol/3944790/image.jpg","images":[],"video":[]},"description":[],"important_information":["The above details have been prepared to help you select suitable products. Products and their ingredients are liable to change.","\u003cstrong\u003eYou should always read the label before consuming or using the product and never rely solely on the information presented here.","If you require specific advice on any Sainsbury's branded product, please contact our Customer Careline on 0800 636262. For all other products, please contact the manufacturer, whose details will appear on the packaging or label. Sainsbury's is therefore unable to accept liability for any incorrect information.","You should also note that the picture / images show only our serving suggestions of how to serve or prepare your food – all accessories and additional items and/or ingredients pictured with the product you are purchasing are not included.","This information is supplied for your personal use only. It may not be reproduced in any way without the prior consent of Sainsbury's Supermarkets Ltd and due acknowledgement"],"attachments":[],"categories":[{"id":"506355","name":"Ale \u0026 stout"},{"id":"242801","name":"Special offers"},{"id":"318428","name":"All beer"},{"id":"410356","name":"Special offers"},{"id":"410363","name":"Special offers"}],"header":{"text":"Nectar price","type":"NECTAR"},"attributes":{"brand":["Greene King"]},"is_supply_chain_orderable":false,"display_icons":[],"pdp_deep_link":"/shop/ProductDisplay?storeId=10151\u0026langId=44\u0026productId=84640"},{"product_uid":"7057184","favourite_uid":null,"eans":["5010144001363","5010144001349"],"product_type":"BASIC","name":"Wainwright Golden Ale Beer Bottle 500ml","image":"https://www.sainsburys.co.uk/wcsstore/ExtendedSitesCatalogAssetStore/images/catalog/productImages/49/5010144001349/5010144001349_L.jpeg","image_zoom":null,"image_thumbnail":"https://www.sainsburys.co.uk/wcsstore/ExtendedSitesCatalogAssetStore/images/catalog/productImages/49/5010144001349/5010144001349_M.jpeg","image_thumbnail_small":"https://www.sainsburys.co.uk/wcsstore/ExtendedSitesCatalogAssetStore/images/catalog/productImages/49/5010144001349/5010144001349_S.jpeg","full_url":"https://www.sainsburys.co.uk/shop/gb/groceries/product/details/thwaites-wainwright-golden-ale-500ml","unit_price":{"price":4.2,"measure":"ltr","measure_amount":1},"retail_price":{"price":2.1,"measure":"unit"},"is_available":true,"promotions":[{"promotion_uid":"10650144","icon":"https://www.sainsburys.co.uk/wcsstore/Sainsburys/Promotion assets/Promotion icons/Buy_X_For_Y_Amt_S_Icon.gif","link":"/shop/PromotionDisplayView?promotionId=10650144\u0026productId=94870\u0026langId=44\u0026storeId=10151","strap_line":"Buy any 4 for £7.00 with Nectar","start_date":"2024-09-17T23:00:00Z","end_date":"2024-11-15T00:00:00Z","original_price":0,"promo_mechanic_id":"14","is_nectar":true,"promo_type":"MULTIBUY_BUY_X_OF_VARIABLE_PRICE_FOR_Y","promo_group":"multi_buy"}],"hfss_restriction":[{"country":"ENG","restricted":false,"hfss_category":"Out of scope or Product not in a legislative category","hfss_score":0,"last_change_date":"2022-09-23T11:46:23.316Z"},{"country":"SCT","restricted":false,"hfss_category":"Out of scope or Product not in a legislative category","hfss_score":0,"last_change_date":"2022-09-23T11:46:23.316Z"},{"country":"WLS","restricted":false,"hfss_category":"Out of scope or Product not in a legislative category","hfss_score":0,"last_change_date":"2022-09-23T11:46:23.316Z"},{"country":"NIR","restricted":false,"hfss_category":"Out of scope or Product not in a legislative category","hfss_score":0,"last_change_date":"2022-09-23T11:46:23.316Z"}],"not_for_eu":true,"associations":[],"is_alcoholic":true,"is_spotlight":false,"is_intolerant":false,"is_mhra":false,"badges":[],"labels":[],"zone":null,"department":null,"reviews":{"is_enabled":true,"product_uid":"7057184","total":4,"average_rating":4},"breadcrumbs":[],"assets":{"plp_image":"https://assets.sainsburys-groceries.co.uk/gol/7057184/image.jpg","images":[],"video":[]},"description":[],"important_information":["The above details have been prepared to help you select suitable products. Products and their ingredients are liable to change.","\u003cstrong\u003eYou should always read the label before consuming or using the product and never rely solely on the information presented here.","If you require specific advice on any Sainsbury's branded product, please contact our Customer Careline on 0800 636262. For all other products, please contact the manufacturer, whose details will appear on the packaging or label. Sainsbury's is therefore unable to accept liability for any incorrect information.","You should also note that the picture / images show only our serving suggestions of how to serve or prepare your food – all accessories and additional items and/or ingredients pictured with the product you are purchasing are not included.","This information is supplied for your personal use only. It may not be reproduced in any way without the prior consent of Sainsbury's Supermarkets Ltd and due acknowledgement"],"attachments":[],"categories":[{"id":"506355","name":"Ale \u0026 stout"},{"id":"242801","name":"Special offers"},{"id":"318428","name":"All beer"},{"id":"410356","name":"Special offers"}],"attributes":{"brand":["Wainwright"]},"is_supply_chain_orderable":false,"display_icons":[],"pdp_deep_link":"/shop/ProductDisplay?storeId=10151\u0026langId=44\u0026productId=94870"},{"product_uid":"7911803","favourite_uid":null,"eans":["5010153870349"],"product_type":"BASIC","name":"San Miguel Premium Lager Beer 10x440ml","image":"https://www.sainsburys.co.uk/wcsstore/ExtendedSitesCatalogAssetStore/images/catalog/productImages/49/5010153870349/5010153870349_L.jpeg","image_zoom":null,"image_thumbnail":"https://www.sainsburys.co.uk/wcsstore/ExtendedSitesCatalogAssetStore/images/catalog/productImages/49/5010153870349/5010153870349_M.jpeg","image_thumbnail_small":"https://www.sainsburys.co.uk/wcsstore/ExtendedSitesCatalogAssetStore/images/catalog/productImages/49/5010153870349/5010153870349_S.jpeg","full_url":"https://www.sainsburys.co.uk/shop/gb/groceries/product/details/san-miguel-lager-10x440ml","unit_price":{"price":2.9,"measure":"ltr","measure_amount":1},"retail_price":{"price":12.75,"measure":"unit"},"is_available":true,"promotions":[],"hfss_restriction":[{"country":"ENG","restricted":false,"hfss_category":"Out of scope or Product not in a legislative category","hfss_score":0,"last_change_date":"2022-09-26T13:40:29.999Z"},{"country":"SCT","restricted":false,"hfss_category":"Out of scope or Product not in a legislative category","hfss_score":0,"last_change_date":"2022-09-26T13:40:29.999Z"},{"country":"WLS","restricted":false,"hfss_category":"Out of scope or Product not in a legislative category","hfss_score":0,"last_change_date":"2022-09-26T13:40:29.999Z"},{"country":"NIR","restricted":false,"hfss_category":"Out of scope or Product not in a legislative category","hfss_score":0,"last_change_date":"2022-09-26T13:40:29.999Z"}],"not_for_eu":true,"associations":[],"is_alcoholic":true,"is_spotlight":false,"is_intolerant":false,"is_mhra":false,"badges":[],"labels":[],"zone":null,"department":null,"reviews":{"is_enabled":true,"product_uid":"7911803","total":77,"average_rating":4.6493},"breadcrumbs":[],"assets":{"plp_image":"https://assets.sainsburys-groceries.co.uk/gol/7911803/image.jpg","images":[],"video":[]},"description":[],"important_information":["The above details have been prepared to help you select suitable products. Products and their ingredients are liable to change.","\u003cstrong\u003eYou should always read the label before consuming or using the product and never rely solely on the information presented here.","If you require specific advice on any Sainsbury's branded product, please contact our Customer Careline on 0800 636262. For all other products, please contact the manufacturer, whose details will appear on the packaging or label. Sainsbury's is therefore unable to accept liability for any incorrect information.","You should also note that the picture / images show only our serving suggestions of how to serve or prepare your food – all accessories and additional items and/or ingredients pictured with the product you are purchasing are not included.","This information is supplied for your personal use only. It may not be reproduced in any way without the prior consent of Sainsbury's Supermarkets Ltd and due acknowledgement"],"attachments":[],"categories":[{"id":"565857","name":"San Miguel, Brooklyn, Poretti, Hobgoblin"},{"id":"278253","name":"All lager"},{"id":"275894","name":"Multipack lager"},{"id":"275896","name":"World lager"},{"id":"318428","name":"All beer"},{"id":"431864","name":"Summer is coming"},{"id":"434877","name":"Special offers"}],"attributes":{"brand":["San Miguel"]},"is_supply_chain_orderable":false,"display_icons":[],"pdp_deep_link":"/shop/ProductDisplay?storeId=10151\u0026langId=44\u0026productId=1209366"},{"product_uid":"6551924","favourite_uid":null,"eans":["8006890329797","8006890328295","5035766062530"],"product_type":"BASIC","name":"Birra Moretti Lager Beer Bottles 4 x 330ml","image":"https://www.sainsburys.co.uk/wcsstore/ExtendedSitesCatalogAssetStore/images/catalog/productImages/30/5035766062530/5035766062530_L.jpeg","image_zoom":null,"image_thumbnail":"https://www.sainsburys.co.uk/wcsstore/ExtendedSitesCatalogAssetStore/images/catalog/productImages/30/5035766062530/5035766062530_M.jpeg","image_thumbnail_small":"https://www.sainsburys.co.uk/wcsstore/ExtendedSitesCatalogAssetStore/images/catalog/productImages/30/5035766062530/5035766062530_S.jpeg","full_url":"https://www.sainsburys.co.uk/shop/gb/groceries/product/details/birra-moretti-lager-4x330ml","unit_price":{"price":4.55,"measure":"ltr","measure_amount":1},"retail_price":{"price":5,"measure":"unit"},"nectar_price":{"retail_price":5,"unit_price":3.79,"measure":"unit","url":"https://www.sainsburys.co.uk/shop/gb/groceries/new---trending/nectar-prices","category_seo_url":"gb/groceries/new---trending/nectar-prices"},"is_available":true,"promotions":[{"promotion_uid":"10643692","icon":"https://www.sainsburys.co.uk/wcsstore/Sainsburys/Promotion assets/Promotion icons/Buy_X_For_Y_Amt_S_Icon.gif","link":"/shop/PromotionDisplayView?promotionId=10643692\u0026productId=91144\u0026langId=44\u0026storeId=10151","strap_line":"Buy 1 for 5","start_date":"2024-09-17T23:00:00Z","end_date":"2024-10-02T23:00:00Z","original_price":6,"promo_mechanic_id":"99","is_nectar":true,"promo_type":"SIMPLE_FIXED_PRICE","promo_group":"simple"}],"hfss_restriction":[{"country":"ENG","restricted":false,"hfss_category":"Out of scope or Product not in a legislative category","hfss_score":0,"last_change_date":"2022-09-23T11:46:35.881Z"},{"country":"SCT","restricted":false,"hfss_category":"Out of scope or Product not in a legislative category","hfss_score":0,"last_change_date":"2022-09-23T11:46:35.881Z"},{"country":"WLS","restricted":false,"hfss_category":"Out of scope or Product not in a legislative category","hfss_score":0,"last_change_date":"2022-09-23T11:46:35.881Z"},{"country":"NIR","restricted":false,"hfss_category":"Out of scope or Product not in a legislative category","hfss_score":0,"last_change_date":"2022-09-23T11:46:35.881Z"}],"not_for_eu":true,"associations":[],"is_alcoholic":true,"is_spotlight":false,"is_intolerant":false,"is_mhra":false,"badges":[],"labels":[],"zone":null,"department":null,"reviews":{"is_enabled":true,"product_uid":"6551924","total":73,"average_rating":4.1096},"breadcrumbs":[],"assets":{"plp_image":"https://assets.sainsburys-groceries.co.uk/gol/6551924/image.jpg","images":[],"video":[]},"description":[],"important_information":["The above details have been prepared to help you select suitable products. Products and their ingredients are liable to change.","\u003cstrong\u003eYou should always read the label before consuming or using the product and never rely solely on the information presented here.","If you require specific advice on any Sainsbury's branded product, please contact our Customer Careline on 0800 636262. For all other products, please contact the manufacturer, whose details will appear on the packaging or label. Sainsbury's is therefore unable to accept liability for any incorrect information.","You should also note that the picture / images show only our serving suggestions of how to serve or prepare your food – all accessories and additional items and/or ingredients pictured with the product you are purchasing are not included.","This information is supplied for your personal use only. It may not be reproduced in any way without the prior consent of Sainsbury's Supermarkets Ltd and due acknowledgement"],"attachments":[],"categories":[{"id":"591354","name":"Birra Moretti, Foster's, Heineken and more"},{"id":"12260","name":"World beer"},{"id":"242801","name":"Special offers"},{"id":"278253","name":"All lager"},{"id":"275896","name":"World lager"},{"id":"318428","name":"All beer"},{"id":"410356","name":"Special offers"},{"id":"428374","name":"Special offers"}],"header":{"text":"Nectar price","type":"NECTAR"},"attributes":{"brand":["Birra Moretti"]},"is_supply_chain_orderable":false,"display_icons":[],"pdp_deep_link":"/shop/ProductDisplay?storeId=10151\u0026langId=44\u0026productId=91144"},{"product_uid":"4187059","favourite_uid":null,"eans":["5011348002910"],"product_type":"BASIC","name":"Marston's Old Empire Ale India Pale Ale (IPA) 500ml","image":"https://www.sainsburys.co.uk/wcsstore/ExtendedSitesCatalogAssetStore/images/catalog/productImages/10/5011348002910/5011348002910_L.jpeg","image_zoom":null,"image_thumbnail":"https://www.sainsburys.co.uk/wcsstore/ExtendedSitesCatalogAssetStore/images/catalog/productImages/10/5011348002910/5011348002910_M.jpeg","image_thumbnail_small":"https://www.sainsburys.co.uk/wcsstore/ExtendedSitesCatalogAssetStore/images/catalog/productImages/10/5011348002910/5011348002910_S.jpeg","full_url":"https://www.sainsburys.co.uk/shop/gb/groceries/product/details/marstons-old-empire-ale-ipa-500ml","unit_price":{"price":3.7,"measure":"ltr","measure_amount":1},"retail_price":{"price":1.85,"measure":"unit"},"is_available":true,"promotions":[],"hfss_restriction":[{"country":"ENG","restricted":false,"hfss_category":"Out of scope or Product not in a legislative category","hfss_score":0,"last_change_date":"2022-09-23T11:46:23.312Z"},{"country":"SCT","restricted":false,"hfss_category":"Out of scope or Product not in a legislative category","hfss_score":0,"last_change_date":"2022-09-23T11:46:23.312Z"},{"country":"WLS","restricted":false,"hfss_category":"Out of scope or Product not in a legislative category","hfss_score":0,"last_change_date":"2022-09-23T11:46:23.312Z"},{"country":"NIR","restricted":false,"hfss_category":"Out of scope or Product not in a legislative category","hfss_score":0,"last_change_date":"2022-09-23T11:46:23.312Z"}],"not_for_eu":true,"associations":[],"is_alcoholic":true,"is_spotlight":false,"is_intolerant":false,"is_mhra":false,"badges":[],"labels":[],"zone":null,"department":null,"reviews":{"is_enabled":true,"product_uid":"4187059","total":12,"average_rating":4.25},"breadcrumbs":[],"assets":{"plp_image":"https://assets.sainsburys-groceries.co.uk/gol/4187059/image.jpg","images":[],"video":[]},"description":[],"important_information":["The above details have been prepared to help you select suitable products. Products and their ingredients are liable to change.","\u003cstrong\u003eYou should always read the label before consuming or using the product and never rely solely on the information presented here.","If you require specific advice on any Sainsbury's branded product, please contact our Customer Careline on 0800 636262. For all other products, please contact the manufacturer, whose details will appear on the packaging or label. Sainsbury's is therefore unable to accept liability for any incorrect information.","You should also note that the picture / images show only our serving suggestions of how to serve or prepare your food – all accessories and additional items and/or ingredients pictured with the product you are purchasing are not included.","This information is supplied for your personal use only. It may not be reproduced in any way without the prior consent of Sainsbury's Supermarkets Ltd and due acknowledgement"],"attachments":[],"categories":[{"id":"506355","name":"Ale \u0026 stout"},{"id":"489872","name":"Low everyday prices"},{"id":"318428","name":"All beer"},{"id":"417391","name":"Price lockdown"}],"attributes":{"brand":["Old Empire"]},"is_supply_chain_orderable":false,"display_icons":[],"pdp_deep_link":"/shop/ProductDisplay?storeId=10151\u0026langId=44\u0026productId=85636"},{"product_uid":"7178166","favourite_uid":null,"eans":["5035766063292","8712000022655"],"product_type":"BASIC","name":"Heineken Premium Lager Beer Bottles 12x330ml","image":"https://www.sainsburys.co.uk/wcsstore/ExtendedSitesCatalogAssetStore/images/catalog/productImages/92/5035766063292/5035766063292_L.jpeg","image_zoom":null,"image_thumbnail":"https://www.sainsburys.co.uk/wcsstore/ExtendedSitesCatalogAssetStore/images/catalog/productImages/92/5035766063292/5035766063292_M.jpeg","image_thumbnail_small":"https://www.sainsburys.co.uk/wcsstore/ExtendedSitesCatalogAssetStore/images/catalog/productImages/92/5035766063292/5035766063292_S.jpeg","full_url":"https://www.sainsburys.co.uk/shop/gb/groceries/product/details/heineken-12x330ml","unit_price":{"price":3.03,"measure":"ltr","measure_amount":1},"retail_price":{"price":12,"measure":"unit"},"is_available":true,"promotions":[],"hfss_restriction":[{"country":"ENG","restricted":false,"hfss_category":"Out of scope or Product not in a legislative category","hfss_score":0,"last_change_date":"2022-09-23T11:46:35.858Z"},{"country":"SCT","restricted":false,"hfss_category":"Out of scope or Product not in a legislative category","hfss_score":0,"last_change_date":"2022-09-23T11:46:35.858Z"},{"country":"WLS","restricted":false,"hfss_category":"Out of scope or Product not in a legislative category","hfss_score":0,"last_change_date":"2022-09-23T11:46:35.858Z"},{"country":"NIR","restricted":false,"hfss_category":"Out of scope or Product not in a legislative category","hfss_score":0,"last_change_date":"2022-09-23T11:46:35.858Z"}],"sponsored_locations":["Homepage"],"associations":[],"is_alcoholic":true,"is_spotlight":false,"is_intolerant":false,"is_mhra":false,"badges":[],"labels":[],"zone":null,"department":null,"reviews":{"is_enabled":true,"product_uid":"7178166","total":129,"average_rating":4.3721},"breadcrumbs":[],"assets":{"plp_image":"https://assets.sainsburys-groceries.co.uk/gol/7178166/image.jpg","images":[],"video":[]},"description":[],"important_information":["The above details have been prepared to help you select suitable products. Products and their ingredients are liable to change.","\u003cstrong\u003eYou should always read the label before consuming or using the product and never rely solely on the information presented here.","If you require specific advice on any Sainsbury's branded product, please contact our Customer Careline on 0800 636262. For all other products, please contact the manufacturer, whose details will appear on the packaging or label. Sainsbury's is therefore unable to accept liability for any incorrect information.","You should also note that the picture / images show only our serving suggestions of how to serve or prepare your food – all accessories and additional items and/or ingredients pictured with the product you are purchasing are not included.","This information is supplied for your personal use only. It may not be reproduced in any way without the prior consent of Sainsbury's Supermarkets Ltd and due acknowledgement"],"attachments":[],"categories":[{"id":"594093","name":"Beer \u0026 cider"},{"id":"591354","name":"Birra Moretti, Foster's, Heineken and more"},{"id":"614355","name":"Win with Heineken \u0026 Heineken 0.0"},{"id":"608358","name":"Heineken, Doritos and Pepsi Football snacks and drinks"},{"id":"610854","name":"Beer, Wine \u0026 Spirits"},{"id":"12260","name":"World beer"},{"id":"278253","name":"All lager"},{"id":"275896","name":"World lager"},{"id":"318428","name":"All beer"},{"id":"410363","name":"Special offers"},{"id":"410380","name":"Special offers"},{"id":"461871","name":"Vegetarian \u0026 plant based"},{"id":"462356","name":"Special offers"},{"id":"478380","name":"Bigger packs"}],"attributes":{"brand":["Heineken"]},"is_supply_chain_orderable":false,"display_icons":["10PacksMax"],"pdp_deep_link":"/shop/ProductDisplay?storeId=10151\u0026langId=44\u0026productId=95822"},{"product_uid":"3618677","favourite_uid":null,"eans":["5035766440499","5000264004184"],"product_type":"BASIC","name":"McEwan's Champion Ale 500ml","image":"https://www.sainsburys.co.uk/wcsstore/ExtendedSitesCatalogAssetStore/images/catalog/productImages/84/5000264004184/5000264004184_L.jpeg","image_zoom":null,"image_thumbnail":"https://www.sainsburys.co.uk/wcsstore/ExtendedSitesCatalogAssetStore/images/catalog/productImages/84/5000264004184/5000264004184_M.jpeg","image_thumbnail_small":"https://www.sainsburys.co.uk/wcsstore/ExtendedSitesCatalogAssetStore/images/catalog/productImages/84/5000264004184/5000264004184_S.jpeg","full_url":"https://www.sainsburys.co.uk/shop/gb/groceries/product/details/mcewans-champion-ale-500ml","unit_price":{"price":4.2,"measure":"ltr","measure_amount":1},"retail_price":{"price":2.1,"measure":"unit"},"is_available":true,"promotions":[{"promotion_uid":"10650144","icon":"https://www.sainsburys.co.uk/wcsstore/Sainsburys/Promotion assets/Promotion icons/Buy_X_For_Y_Amt_S_Icon.gif","link":"/shop/PromotionDisplayView?promotionId=10650144\u0026productId=83712\u0026langId=44\u0026storeId=10151","strap_line":"Buy any 4 for £7.00 with Nectar","start_date":"2024-09-17T23:00:00Z","end_date":"2024-11-15T00:00:00Z","original_price":0,"promo_mechanic_id":"14","is_nectar":true,"promo_type":"MULTIBUY_BUY_X_OF_VARIABLE_PRICE_FOR_Y","promo_group":"multi_buy"}],"hfss_restriction":[{"country":"ENG","restricted":false,"hfss_category":"Out of scope or Product not in a legislative category","hfss_score":0,"last_change_date":"2022-09-23T11:46:23.308Z"},{"country":"SCT","restricted":false,"hfss_category":"Out of scope or Product not in a legislative category","hfss_score":0,"last_change_date":"2022-09-23T11:46:23.308Z"},{"country":"WLS","restricted":false,"hfss_category":"Out of scope or Product not in a legislative category","hfss_score":0,"last_change_date":"2022-09-23T11:46:23.308Z"},{"country":"NIR","restricted":false,"hfss_category":"Out of scope or Product not in a legislative category","hfss_score":0,"last_change_date":"2022-09-23T11:46:23.308Z"}],"not_for_eu":true,"associations":[],"is_alcoholic":true,"is_spotlight":false,"is_intolerant":false,"is_mhra":false,"badges":[],"labels":[],"zone":null,"department":null,"reviews":{"is_enabled":true,"product_uid":"3618677","total":10,"average_rating":5},"breadcrumbs":[],"assets":{"plp_image":"https://assets.sainsburys-groceries.co.uk/gol/3618677/image.jpg","images":[],"video":[]},"description":[],"important_information":["The above details have been prepared to help you select suitable products. Products and their ingredients are liable to change.","\u003cstrong\u003eYou should always read the label before consuming or using the product and never rely solely on the information presented here.","If you require specific advice on any Sainsbury's branded product, please contact our Customer Careline on 0800 636262. For all other products, please contact the manufacturer, whose details will appear on the packaging or label. Sainsbury's is therefore unable to accept liability for any incorrect information.","You should also note that the picture / images show only our serving suggestions of how to serve or prepare your food – all accessories and additional items and/or ingredients pictured with the product you are purchasing are not included.","This information is supplied for your personal use only. It may not be reproduced in any way without the prior consent of Sainsbury's Supermarkets Ltd and due acknowledgement"],"attachments":[],"categories":[{"id":"506355","name":"Ale \u0026 stout"},{"id":"242801","name":"Special offers"},{"id":"318428","name":"All beer"},{"id":"410356","name":"Special offers"}],"attributes":{"brand":["McEwan's"]},"is_supply_chain_orderable":false,"display_icons":[],"pdp_deep_link":"/shop/ProductDisplay?storeId=10151\u0026langId=44\u0026productId=83712"},{"product_uid":"6007779","favourite_uid":null,"eans":["5028403154743","5028403154750"],"product_type":"BASIC","name":"St Austell Brewery Tribute Ale 500ml","image":"https://www.sainsburys.co.uk/wcsstore/ExtendedSitesCatalogAssetStore/images/catalog/productImages/43/5028403154743/5028403154743_L.jpeg","image_zoom":null,"image_thumbnail":"https://www.sainsburys.co.uk/wcsstore/ExtendedSitesCatalogAssetStore/images/catalog/productImages/43/5028403154743/5028403154743_M.jpeg","image_thumbnail_small":"https://www.sainsburys.co.uk/wcsstore/ExtendedSitesCatalogAssetStore/images/catalog/productImages/43/5028403154743/5028403154743_S.jpeg","full_url":"https://www.sainsburys.co.uk/shop/gb/groceries/product/details/st-austell-tribute-ale-500ml","unit_price":{"price":4.2,"measure":"ltr","measure_amount":1},"retail_price":{"price":2.1,"measure":"unit"},"is_available":true,"promotions":[{"promotion_uid":"10650144","icon":"https://www.sainsburys.co.uk/wcsstore/Sainsburys/Promotion assets/Promotion icons/Buy_X_For_Y_Amt_S_Icon.gif","link":"/shop/PromotionDisplayView?promotionId=10650144\u0026productId=86218\u0026langId=44\u0026storeId=10151","strap_line":"Buy any 4 for £7.00 with Nectar","start_date":"2024-09-17T23:00:00Z","end_date":"2024-11-15T00:00:00Z","original_price":0,"promo_mechanic_id":"14","is_nectar":true,"promo_type":"MULTIBUY_BUY_X_OF_VARIABLE_PRICE_FOR_Y","promo_group":"multi_buy"}],"hfss_restriction":[{"country":"ENG","restricted":false,"hfss_category":"Out of scope or Product not in a legislative category","hfss_score":0,"last_change_date":"2022-09-23T11:46:36.885Z"},{"country":"SCT","restricted":false,"hfss_category":"Out of scope or Product not in a legislative category","hfss_score":0,"last_change_date":"2022-09-23T11:46:36.885Z"},{"country":"WLS","restricted":false,"hfss_category":"Out of scope or Product not in a legislative category","hfss_score":0,"last_change_date":"2022-09-23T11:46:36.885Z"},{"country":"NIR","restricted":false,"hfss_category":"Out of scope or Product not in a legislative category","hfss_score":0,"last_change_date":"2022-09-23T11:46:36.885Z"}],"not_for_eu":true,"associations":[],"is_alcoholic":true,"is_spotlight":false,"is_intolerant":false,"is_mhra":false,"badges":[],"labels":[],"zone":null,"department":null,"reviews":{"is_enabled":true,"product_uid":"6007779","total":12,"average_rating":4.6667},"breadcrumbs":[],"assets":{"plp_image":"https://assets.sainsburys-groceries.co.uk/gol/6007779/image.jpg","images":[],"video":[]},"description":[],"important_information":["The above details have been prepared to help you select suitable products. Products and their ingredients are liable to change.","\u003cstrong\u003eYou should always read the label before consuming or using the product and never rely solely on the information presented here.","If you require specific advice on any Sainsbury's branded product, please contact our Customer Careline on 0800 636262. For all other products, please contact the manufacturer, whose details will appear on the packaging or label. Sainsbury's is therefore unable to accept liability for any incorrect information.","You should also note that the picture / images show only our serving suggestions of how to serve or prepare your food – all accessories and additional items and/or ingredients pictured with the product you are purchasing are not included.","This information is supplied for your personal use only. It may not be reproduced in any way without the prior consent of Sainsbury's Supermarkets Ltd and due acknowledgement"],"attachments":[],"categories":[{"id":"506355","name":"Ale \u0026 stout"},{"id":"242801","name":"Special offers"},{"id":"318428","name":"All beer"},{"id":"410356","name":"Special offers"}],"attributes":{"brand":["St Austell Brewery\n"]},"is_supply_chain_orderable":false,"display_icons":[],"pdp_deep_link":"/shop/ProductDisplay?storeId=10151\u0026langId=44\u0026productId=86218"},{"product_uid":"7982258","favourite_uid":null,"eans":["5014379004786"],"product_type":"BASIC","name":"Budweiser Lager Beer Bottles 20x300ml","image":"https://www.sainsburys.co.uk/wcsstore/ExtendedSitesCatalogAssetStore/images/catalog/productImages/86/5014379004786/5014379004786_L.jpeg","image_zoom":null,"image_thumbnail":"https://www.sainsburys.co.uk/wcsstore/ExtendedSitesCatalogAssetStore/images/catalog/productImages/86/5014379004786/5014379004786_M.jpeg","image_thumbnail_small":"https://www.sainsburys.co.uk/wcsstore/ExtendedSitesCatalogAssetStore/images/catalog/productImages/86/5014379004786/5014379004786_S.jpeg","full_url":"https://www.sainsburys.co.uk/shop/gb/groceries/product/details/budweiser-lager-beer-bottles-20x300ml","unit_price":{"price":2.83,"measure":"ltr","measure_amount":1},"retail_price":{"price":12,"measure":"unit"},"nectar_price":{"retail_price":12,"unit_price":2,"measure":"unit","url":"https://www.sainsburys.co.uk/shop/gb/groceries/new---trending/nectar-prices","category_seo_url":"gb/groceries/new---trending/nectar-prices"},"is_available":true,"promotions":[{"promotion_uid":"10642626","icon":"https://www.sainsburys.co.uk/wcsstore/Sainsburys/Promotion assets/Promotion icons/Buy_X_For_Y_Amt_S_Icon.gif","link":"/shop/PromotionDisplayView?promotionId=10642626\u0026productId=1425466\u0026langId=44\u0026storeId=10151","strap_line":"Buy 1 for 12","start_date":"2024-09-17T23:00:00Z","end_date":"2024-10-07T23:00:00Z","original_price":17,"promo_mechanic_id":"99","is_nectar":true,"promo_type":"SIMPLE_FIXED_PRICE","promo_group":"simple"}],"hfss_restriction":[{"country":"ENG","restricted":false,"hfss_category":"Out of scope or Product not in a legislative category","hfss_score":0,"last_change_date":"2022-09-23T11:46:38.695Z"},{"country":"SCT","restricted":false,"hfss_category":"Out of scope or Product not in a legislative category","hfss_score":0,"last_change_date":"2022-09-23T11:46:38.695Z"},{"country":"WLS","restricted":false,"hfss_category":"Out of scope or Product not in a legislative category","hfss_score":0,"last_change_date":"2022-09-23T11:46:38.695Z"},{"country":"NIR","restricted":false,"hfss_category":"Out of scope or Product not in a legislative category","hfss_score":0,"last_change_date":"2022-09-23T11:46:38.695Z"}],"associations":[],"is_alcoholic":true,"is_spotlight":false,"is_intolerant":false,"is_mhra":false,"badges":[],"labels":[],"zone":null,"department":null,"reviews":{"is_enabled":true,"product_uid":"7982258","total":48,"average_rating":4.3958},"breadcrumbs":[],"assets":{"plp_image":"https://assets.sainsburys-groceries.co.uk/gol/7982258/image.jpg","images":[],"video":[]},"description":[],"important_information":["The above details have been prepared to help you select suitable products. Products and their ingredients are liable to change.","\u003cstrong\u003eYou should always read the label before consuming or using the product and never rely solely on the information presented here.","If you require specific advice on any Sainsbury's branded product, please contact our Customer Careline on 0800 636262. For all other products, please contact the manufacturer, whose details will appear on the packaging or label. Sainsbury's is therefore unable to accept liability for any incorrect information.","You should also note that the picture / images show only our serving suggestions of how to serve or prepare your food – all accessories and additional items and/or ingredients pictured with the product you are purchasing are not included.","This information is supplied for your personal use only. It may not be reproduced in any way without the prior consent of Sainsbury's Supermarkets Ltd and due acknowledgement"],"attachments":[],"categories":[{"id":"594093","name":"Beer \u0026 cider"},{"id":"594094","name":"Bigger packs"},{"id":"577867","name":"Multibuy offers (valid for dels until 14th July)"},{"id":"560358","name":"Budweiser, Corona, Camden \u0026 Stella Artois"},{"id":"611362","name":"Win with Budweiser"},{"id":"610854","name":"Beer, Wine \u0026 Spirits"},{"id":"511357","name":"Summer of sport"},{"id":"242801","name":"Special offers"},{"id":"278253","name":"All lager"},{"id":"275894","name":"Multipack lager"},{"id":"318428","name":"All beer"},{"id":"410356","name":"Special offers"},{"id":"410378","name":"Special offers"},{"id":"410380","name":"Special offers"},{"id":"424861","name":"Special offers"},{"id":"431864","name":"Summer is coming"},{"id":"434877","name":"Special offers"},{"id":"462356","name":"Special offers"}],"header":{"text":"Nectar price","type":"NECTAR"},"attributes":{"brand":["Budweiser"]},"is_supply_chain_orderable":false,"display_icons":[],"pdp_deep_link":"/shop/ProductDisplay?storeId=10151\u0026langId=44\u0026productId=1425466"},{"product_uid":"7578750","favourite_uid":null,"eans":["5016325851895","5011348011615"],"product_type":"BASIC","name":"Classic Ales Mixed Pack x6 500ml","image":"https://www.sainsburys.co.uk/wcsstore/ExtendedSitesCatalogAssetStore/images/catalog/productImages/95/5016325851895/5016325851895_L.jpeg","image_zoom":null,"image_thumbnail":"https://www.sainsburys.co.uk/wcsstore/ExtendedSitesCatalogAssetStore/images/catalog/productImages/95/5016325851895/5016325851895_M.jpeg","image_thumbnail_small":"https://www.sainsburys.co.uk/wcsstore/ExtendedSitesCatalogAssetStore/images/catalog/productImages/95/5016325851895/5016325851895_S.jpeg","full_url":"https://www.sainsburys.co.uk/shop/gb/groceries/product/details/classic-ales-mixed-pack-x6-500ml","unit_price":{"price":4,"measure":"ltr","measure_amount":1},"retail_price":{"price":12,"measure":"unit"},"is_available":true,"promotions":[],"hfss_restriction":[{"country":"ENG","restricted":false,"hfss_category":"Out of scope or Product not in a legislative category","hfss_score":0,"last_change_date":"2022-09-23T11:46:19.476Z"},{"country":"SCT","restricted":false,"hfss_category":"Out of scope or Product not in a legislative category","hfss_score":0,"last_change_date":"2022-09-23T11:46:19.476Z"},{"country":"WLS","restricted":false,"hfss_category":"Out of scope or Product not in a legislative category","hfss_score":0,"last_change_date":"2022-09-23T11:46:19.476Z"},{"country":"NIR","restricted":false,"hfss_category":"Out of scope or Product not in a legislative category","hfss_score":0,"last_change_date":"2022-09-23T11:46:19.476Z"}],"not_for_eu":true,"associations":[],"is_alcoholic":true,"is_spotlight":false,"is_intolerant":false,"is_mhra":false,"badges":[],"labels":[],"zone":null,"department":null,"reviews":{"is_enabled":true,"product_uid":"7578750","total":7,"average_rating":4.7143},"breadcrumbs":[],"assets":{"plp_image":"https://assets.sainsburys-groceries.co.uk/gol/7578750/image.jpg","images":[],"video":[]},"description":[],"important_information":["The above details have been prepared to help you select suitable products. Products and their ingredients are liable to change.","\u003cstrong\u003eYou should always read the label before consuming or using the product and never rely solely on the information presented here.","If you require specific advice on any Sainsbury's branded product, please contact our Customer Careline on 0800 636262. For all other products, please contact the manufacturer, whose details will appear on the packaging or label. Sainsbury's is therefore unable to accept liability for any incorrect information.","You should also note that the picture / images show only our serving suggestions of how to serve or prepare your food – all accessories and additional items and/or ingredients pictured with the product you are purchasing are not included.","This information is supplied for your personal use only. It may not be reproduced in any way without the prior consent of Sainsbury's Supermarkets Ltd and due acknowledgement"],"attachments":[],"categories":[{"id":"594093","name":"Beer \u0026 cider"},{"id":"506355","name":"Ale \u0026 stout"},{"id":"506352","name":"Top picks"},{"id":"483854","name":"Special offers"},{"id":"494354","name":"Drinks"},{"id":"480353","name":"Bigger packs"},{"id":"623354","name":"Drinks"},{"id":"533854","name":"Autumn Flavours"},{"id":"242801","name":"Special offers"},{"id":"318428","name":"All beer"},{"id":"410356","name":"Special offers"},{"id":"410380","name":"Special offers"},{"id":"421866","name":"Alcohol gifting"},{"id":"450478","name":"Bonfire night"},{"id":"462356","name":"Special offers"},{"id":"478370","name":"All gifting"}],"attributes":{"brand":["Classic Ales"]},"is_supply_chain_orderable":false,"display_icons":[],"pdp_deep_link":"/shop/ProductDisplay?storeId=10151\u0026langId=44\u0026productId=105902"},{"product_uid":"6515515","favourite_uid":null,"eans":["5010548002171"],"product_type":"BASIC","name":"Badger Fursty Ferret Ale 500ml","image":"https://www.sainsburys.co.uk/wcsstore/ExtendedSitesCatalogAssetStore/images/catalog/productImages/71/5010548002171/5010548002171_L.jpeg","image_zoom":null,"image_thumbnail":"https://www.sainsburys.co.uk/wcsstore/ExtendedSitesCatalogAssetStore/images/catalog/productImages/71/5010548002171/5010548002171_M.jpeg","image_thumbnail_small":"https://www.sainsburys.co.uk/wcsstore/ExtendedSitesCatalogAssetStore/images/catalog/productImages/71/5010548002171/5010548002171_S.jpeg","full_url":"https://www.sainsburys.co.uk/shop/gb/groceries/product/details/badger-fursty-ferret-ale-500ml","unit_price":{"price":4,"measure":"ltr","measure_amount":1},"retail_price":{"price":2,"measure":"unit"},"is_available":true,"promotions":[{"promotion_uid":"10650144","icon":"https://www.sainsburys.co.uk/wcsstore/Sainsburys/Promotion assets/Promotion icons/Buy_X_For_Y_Amt_S_Icon.gif","link":"/shop/PromotionDisplayView?promotionId=10650144\u0026productId=90588\u0026langId=44\u0026storeId=10151","strap_line":"Buy any 4 for £7.00 with Nectar","start_date":"2024-09-17T23:00:00Z","end_date":"2024-11-15T00:00:00Z","original_price":0,"promo_mechanic_id":"14","is_nectar":true,"promo_type":"MULTIBUY_BUY_X_OF_VARIABLE_PRICE_FOR_Y","promo_group":"multi_buy"}],"hfss_restriction":[{"country":"ENG","restricted":false,"hfss_category":"Out of scope or Product not in a legislative category","hfss_score":0,"last_change_date":"2022-09-23T11:46:34.218Z"},{"country":"SCT","restricted":false,"hfss_category":"Out of scope or Product not in a legislative category","hfss_score":0,"last_change_date":"2022-09-23T11:46:34.218Z"},{"country":"WLS","restricted":false,"hfss_category":"Out of scope or Product not in a legislative category","hfss_score":0,"last_change_date":"2022-09-23T11:46:34.218Z"},{"country":"NIR","restricted":false,"hfss_category":"Out of scope or Product not in a legislative category","hfss_score":0,"last_change_date":"2022-09-23T11:46:34.218Z"}],"not_for_eu":true,"associations":[],"is_alcoholic":true,"is_spotlight":false,"is_intolerant":false,"is_mhra":false,"badges":[],"labels":[],"zone":null,"department":null,"reviews":{"is_enabled":true,"product_uid":"6515515","total":4,"average_rating":4.25},"breadcrumbs":[],"assets":{"plp_image":"https://assets.sainsburys-groceries.co.uk/gol/6515515/image.jpg","images":[],"video":[]},"description":[],"important_information":["The above details have been prepared to help you select suitable products. Products and their ingredients are liable to change.","\u003cstrong\u003eYou should always read the label before consuming or using the product and never rely solely on the information presented here.","If you require specific advice on any Sainsbury's branded product, please contact our Customer Careline on 0800 636262. For all other products, please contact the manufacturer, whose details will appear on the packaging or label. Sainsbury's is therefore unable to accept liability for any incorrect information.","You should also note that the picture / images show only our serving suggestions of how to serve or prepare your food – all accessories and additional items and/or ingredients pictured with the product you are purchasing are not included.","This information is supplied for your personal use only. It may not be reproduced in any way without the prior consent of Sainsbury's Supermarkets Ltd and due acknowledgement"],"attachments":[],"categories":[{"id":"506355","name":"Ale \u0026 stout"},{"id":"489872","name":"Low everyday prices"},{"id":"242801","name":"Special offers"},{"id":"318428","name":"All beer"},{"id":"410356","name":"Special offers"},{"id":"417391","name":"Price lockdown"}],"attributes":{"brand":["Badger"]},"is_supply_chain_orderable":false,"display_icons":[],"pdp_deep_link":"/shop/ProductDisplay?storeId=10151\u0026langId=44\u0026productId=90588"},{"product_uid":"7852527","favourite_uid":null,"eans":["5060154919929","5056025440456"],"product_type":"BASIC","name":"BrewDog Punk IPA 12x330ml","image":"https://www.sainsburys.co.uk/wcsstore/ExtendedSitesCatalogAssetStore/images/catalog/productImages/56/5056025440456/5056025440456_L.jpeg","image_zoom":null,"image_thumbnail":"https://www.sainsburys.co.uk/wcsstore/ExtendedSitesCatalogAssetStore/images/catalog/productImages/56/5056025440456/5056025440456_M.jpeg","image_thumbnail_small":"https://www.sainsburys.co.uk/wcsstore/ExtendedSitesCatalogAssetStore/images/catalog/productImages/56/5056025440456/5056025440456_S.jpeg","full_url":"https://www.sainsburys.co.uk/shop/gb/groceries/product/details/brewdog-punk-ipa-12x330ml","unit_price":{"price":4.17,"measure":"ltr","measure_amount":1},"retail_price":{"price":16.5,"measure":"unit"},"is_available":true,"promotions":[],"hfss_restriction":[{"country":"ENG","restricted":false,"hfss_category":"Out of scope or Product not in a legislative category","hfss_score":0,"last_change_date":"2022-09-23T11:46:20.365Z"},{"country":"SCT","restricted":false,"hfss_category":"Out of scope or Product not in a legislative category","hfss_score":0,"last_change_date":"2022-09-23T11:46:20.365Z"},{"country":"WLS","restricted":false,"hfss_category":"Out of scope or Product not in a legislative category","hfss_score":0,"last_change_date":"2022-09-23T11:46:20.365Z"},{"country":"NIR","restricted":false,"hfss_category":"Out of scope or Product not in a legislative category","hfss_score":0,"last_change_date":"2022-09-23T11:46:20.365Z"}],"sponsored_locations":["ZoneLanding Espot"],"not_for_eu":true,"associations":[],"is_alcoholic":true,"is_spotlight":false,"is_intolerant":false,"is_mhra":false,"badges":[],"labels":[],"zone":null,"department":null,"reviews":{"is_enabled":true,"product_uid":"7852527","total":14,"average_rating":4.5},"breadcrumbs":[],"assets":{"plp_image":"https://assets.sainsburys-groceries.co.uk/gol/7852527/image.jpg","images":[],"video":[]},"description":[],"important_information":["The above details have been prepared to help you select suitable products. Products and their ingredients are liable to change.","\u003cstrong\u003eYou should always read the label before consuming or using the product and never rely solely on the information presented here.","If you require specific advice on any Sainsbury's branded product, please contact our Customer Careline on 0800 636262. For all other products, please contact the manufacturer, whose details will appear on the packaging or label. Sainsbury's is therefore unable to accept liability for any incorrect information.","You should also note that the picture / images show only our serving suggestions of how to serve or prepare your food – all accessories and additional items and/or ingredients pictured with the product you are purchasing are not included.","This information is supplied for your personal use only. It may not be reproduced in any way without the prior consent of Sainsbury's Supermarkets Ltd and due acknowledgement"],"attachments":[],"categories":[{"id":"603866","name":"Special offers"},{"id":"594093","name":"Beer \u0026 cider"},{"id":"594094","name":"Bigger packs"},{"id":"502852","name":"Valentines Day"},{"id":"480353","name":"Bigger packs"},{"id":"610861","name":"Father's Day"},{"id":"533854","name":"Autumn Flavours"},{"id":"506356","name":"Craft beer"},{"id":"242801","name":"Special offers"},{"id":"318428","name":"All beer"},{"id":"410356","name":"Special offers"},{"id":"410369","name":"Special offers"},{"id":"410378","name":"Special offers"},{"id":"410380","name":"Special offers"},{"id":"419393","name":"New"},{"id":"434877","name":"Special offers"},{"id":"438356","name":"Craft beer \u0026 snacks"},{"id":"448450","name":"Halloween is coming"},{"id":"450352","name":"Christmas is coming"},{"id":"450478","name":"Bonfire night"},{"id":"462356","name":"Special offers"},{"id":"478380","name":"Bigger packs"}],"attributes":{"brand":["BrewDog"]},"is_supply_chain_orderable":false,"display_icons":["10PacksMax"],"pdp_deep_link":"/shop/ProductDisplay?storeId=10151\u0026langId=44\u0026productId=1121686"},{"product_uid":"7855843","favourite_uid":null,"eans":["5010038462409","5010038455517","5010038462386"],"product_type":"BASIC","name":"Cobra Premium Beer 620ml","image":"https://www.sainsburys.co.uk/wcsstore/ExtendedSitesCatalogAssetStore/images/catalog/productImages/09/5010038462409/5010038462409_L.jpeg","image_zoom":null,"image_thumbnail":"https://www.sainsburys.co.uk/wcsstore/ExtendedSitesCatalogAssetStore/images/catalog/productImages/09/5010038462409/5010038462409_M.jpeg","image_thumbnail_small":"https://www.sainsburys.co.uk/wcsstore/ExtendedSitesCatalogAssetStore/images/catalog/productImages/09/5010038462409/5010038462409_S.jpeg","full_url":"https://www.sainsburys.co.uk/shop/gb/groceries/product/details/cobra-620ml","unit_price":{"price":4.03,"measure":"ltr","measure_amount":1},"retail_price":{"price":2.5,"measure":"unit"},"is_available":true,"promotions":[{"promotion_uid":"10650156","icon":"https://www.sainsburys.co.uk/wcsstore/Sainsburys/Promotion assets/Promotion icons/Buy_X_For_Y_Amt_S_Icon.gif","link":"/shop/PromotionDisplayView?promotionId=10650156\u0026productId=1125684\u0026langId=44\u0026storeId=10151","strap_line":"Buy any 3 for £6.00 with Nectar","start_date":"2024-09-17T23:00:00Z","end_date":"2024-11-15T00:00:00Z","original_price":0,"promo_mechanic_id":"14","is_nectar":true,"promo_type":"MULTIBUY_BUY_X_OF_VARIABLE_PRICE_FOR_Y","promo_group":"multi_buy"}],"hfss_restriction":[{"country":"ENG","restricted":false,"hfss_category":"Out of scope or Product not in a legislative category","hfss_score":0,"last_change_date":"2022-09-23T11:46:20.600Z"},{"country":"SCT","restricted":false,"hfss_category":"Out of scope or Product not in a legislative category","hfss_score":0,"last_change_date":"2022-09-23T11:46:20.600Z"},{"country":"WLS","restricted":false,"hfss_category":"Out of scope or Product not in a legislative category","hfss_score":0,"last_change_date":"2022-09-23T11:46:20.600Z"},{"country":"NIR","restricted":false,"hfss_category":"Out of scope or Product not in a legislative category","hfss_score":0,"last_change_date":"2022-09-23T11:46:20.600Z"}],"not_for_eu":true,"associations":[],"is_alcoholic":true,"is_spotlight":false,"is_intolerant":false,"is_mhra":false,"badges":[],"labels":[],"zone":null,"department":null,"reviews":{"is_enabled":true,"product_uid":"7855843","total":8,"average_rating":4.375},"breadcrumbs":[],"assets":{"plp_image":"https://assets.sainsburys-groceries.co.uk/gol/7855843/image.jpg","images":[],"video":[]},"description":[],"important_information":["The above details have been prepared to help you select suitable products. Products and their ingredients are liable to change.","\u003cstrong\u003eYou should always read the label before consuming or using the product and never rely solely on the information presented here.","If you require specific advice on any Sainsbury's branded product, please contact our Customer Careline on 0800 636262. For all other products, please contact the manufacturer, whose details will appear on the packaging or label. Sainsbury's is therefore unable to accept liability for any incorrect information.","You should also note that the picture / images show only our serving suggestions of how to serve or prepare your food – all accessories and additional items and/or ingredients pictured with the product you are purchasing are not included.","This information is supplied for your personal use only. It may not be reproduced in any way without the prior consent of Sainsbury's Supermarkets Ltd and due acknowledgement"],"attachments":[],"categories":[{"id":"611360","name":"Win with Cobra"},{"id":"12260","name":"World beer"},{"id":"242801","name":"Special offers"},{"id":"278253","name":"All lager"},{"id":"275896","name":"World lager"},{"id":"275897","name":"Single bottles"},{"id":"318428","name":"All beer"},{"id":"410356","name":"Special offers"},{"id":"410363","name":"Special offers"},{"id":"450503","name":"Curry night"},{"id":"454372","name":"Special offers"},{"id":"461863","name":"Vegan drinks"},{"id":"462852","name":"All vegan"},{"id":"462352","name":"Special offers"}],"attributes":{"brand":["Cobra"]},"is_supply_chain_orderable":false,"display_icons":[],"pdp_deep_link":"/shop/ProductDisplay?storeId=10151\u0026langId=44\u0026productId=1125684"},{"product_uid":"3969908","favourite_uid":null,"eans":["5011885008666"],"product_type":"BASIC","name":"Fuller's London Pride 4.7% Amber Ale Beer Bottles 4x500ml","image":"https://www.sainsburys.co.uk/wcsstore/ExtendedSitesCatalogAssetStore/images/catalog/productImages/66/5011885008666/5011885008666_L.jpeg","image_zoom":null,"image_thumbnail":"https://www.sainsburys.co.uk/wcsstore/ExtendedSitesCatalogAssetStore/images/catalog/productImages/66/5011885008666/5011885008666_M.jpeg","image_thumbnail_small":"https://www.sainsburys.co.uk/wcsstore/ExtendedSitesCatalogAssetStore/images/catalog/productImages/66/5011885008666/5011885008666_S.jpeg","full_url":"https://www.sainsburys.co.uk/shop/gb/groceries/product/details/london-pride-bitter-bottle-x4-500ml","unit_price":{"price":3.38,"measure":"ltr","measure_amount":1},"retail_price":{"price":6.75,"measure":"unit"},"is_available":true,"promotions":[],"hfss_restriction":[{"country":"ENG","restricted":false,"hfss_category":"Out of scope or Product not in a legislative category","hfss_score":0,"last_change_date":"2022-09-23T11:46:25.331Z"},{"country":"SCT","restricted":false,"hfss_category":"Out of scope or Product not in a legislative category","hfss_score":0,"last_change_date":"2022-09-23T11:46:25.331Z"},{"country":"WLS","restricted":false,"hfss_category":"Out of scope or Product not in a legislative category","hfss_score":0,"last_change_date":"2022-09-23T11:46:25.331Z"},{"country":"NIR","restricted":false,"hfss_category":"Out of scope or Product not in a legislative category","hfss_score":0,"last_change_date":"2022-09-23T11:46:25.331Z"}],"associations":[],"is_alcoholic":true,"is_spotlight":false,"is_intolerant":false,"is_mhra":false,"badges":[],"labels":[],"zone":null,"department":null,"reviews":{"is_enabled":true,"product_uid":"3969908","total":13,"average_rating":4.5385},"breadcrumbs":[],"assets":{"plp_image":"https://assets.sainsburys-groceries.co.uk/gol/3969908/image.jpg","images":[],"video":[]},"description":[],"important_information":["The above details have been prepared to help you select suitable products. Products and their ingredients are liable to change.","\u003cstrong\u003eYou should always read the label before consuming or using the product and never rely solely on the information presented here.","If you require specific advice on any Sainsbury's branded product, please contact our Customer Careline on 0800 636262. For all other products, please contact the manufacturer, whose details will appear on the packaging or label. Sainsbury's is therefore unable to accept liability for any incorrect information.","You should also note that the picture / images show only our serving suggestions of how to serve or prepare your food – all accessories and additional items and/or ingredients pictured with the product you are purchasing are not included.","This information is supplied for your personal use only. It may not be reproduced in any way without the prior consent of Sainsbury's Supermarkets Ltd and due acknowledgement"],"attachments":[],"categories":[{"id":"606856","name":"Win with London Pride"},{"id":"575352","name":"London Pride"},{"id":"506355","name":"Ale \u0026 stout"},{"id":"561860","name":"London Pride"},{"id":"533854","name":"Autumn Flavours"},{"id":"318428","name":"All beer"}],"attributes":{"brand":["Fuller's"]},"is_supply_chain_orderable":false,"display_icons":[],"pdp_deep_link":"/shop/ProductDisplay?storeId=10151\u0026langId=44\u0026productId=84716"},{"product_uid":"6797964","favourite_uid":null,"eans":["5010153773671","5035766040675"],"product_type":"BASIC","name":"San Miguel Premium Lager Beer Bottle 660ml","image":"https://www.sainsburys.co.uk/wcsstore/ExtendedSitesCatalogAssetStore/images/catalog/productImages/71/5010153773671/5010153773671_L.jpeg","image_zoom":null,"image_thumbnail":"https://www.sainsburys.co.uk/wcsstore/ExtendedSitesCatalogAssetStore/images/catalog/productImages/71/5010153773671/5010153773671_M.jpeg","image_thumbnail_small":"https://www.sainsburys.co.uk/wcsstore/ExtendedSitesCatalogAssetStore/images/catalog/productImages/71/5010153773671/5010153773671_S.jpeg","full_url":"https://www.sainsburys.co.uk/shop/gb/groceries/product/details/san-miguel-lager-660ml","unit_price":{"price":3.02,"measure":"ltr","measure_amount":1},"retail_price":{"price":1.99,"measure":"unit"},"is_available":true,"promotions":[],"hfss_restriction":[{"country":"ENG","restricted":false,"hfss_category":"Out of scope or Product not in a legislative category","hfss_score":0,"last_change_date":"2022-09-23T11:47:07.186Z"},{"country":"SCT","restricted":false,"hfss_category":"Out of scope or Product not in a legislative category","hfss_score":0,"last_change_date":"2022-09-23T11:47:07.186Z"},{"country":"WLS","restricted":false,"hfss_category":"Out of scope or Product not in a legislative category","hfss_score":0,"last_change_date":"2022-09-23T11:47:07.186Z"},{"country":"NIR","restricted":false,"hfss_category":"Out of scope or Product not in a legislative category","hfss_score":0,"last_change_date":"2022-09-23T11:47:07.186Z"}],"not_for_eu":true,"associations":[],"is_alcoholic":true,"is_spotlight":false,"is_intolerant":false,"is_mhra":false,"badges":[],"labels":[{"label_uid":"LOW EVERYDAY PRICE","text":"LOW EVERYDAY PRICE","alt_text":"LOW EVERYDAY PRICE","color":"#D70000","link_opens_in_new_window":false}],"zone":null,"department":null,"reviews":{"is_enabled":true,"product_uid":"6797964","total":215,"average_rating":4.3674},"breadcrumbs":[],"assets":{"plp_image":"https://assets.sainsburys-groceries.co.uk/gol/6797964/image.jpg","images":[],"video":[]},"description":[],"important_information":["The above details have been prepared to help you select suitable products. Products and their ingredients are liable to change.","\u003cstrong\u003eYou should always read the label before consuming or using the product and never rely solely on the information presented here.","If you require specific advice on any Sainsbury's branded product, please contact our Customer Careline on 0800 636262. For all other products, please contact the manufacturer, whose details will appear on the packaging or label. Sainsbury's is therefore unable to accept liability for any incorrect information.","You should also note that the picture / images show only our serving suggestions of how to serve or prepare your food – all accessories and additional items and/or ingredients pictured with the product you are purchasing are not included.","This information is supplied for your personal use only. It may not be reproduced in any way without the prior consent of Sainsbury's Supermarkets Ltd and due acknowledgement"],"attachments":[],"categories":[{"id":"607853","name":"Low everyday prices"},{"id":"565857","name":"San Miguel, Brooklyn, Poretti, Hobgoblin"},{"id":"12260","name":"World beer"},{"id":"278253","name":"All lager"},{"id":"275896","name":"World lager"},{"id":"275897","name":"Single bottles"},{"id":"318428","name":"All beer"},{"id":"410363","name":"Special offers"},{"id":"450503","name":"Curry night"}],"attributes":{"brand":["San Miguel"]},"is_supply_chain_orderable":false,"display_icons":["LOW EVERYDAY PRICE"],"pdp_deep_link":"/shop/ProductDisplay?storeId=10151\u0026langId=44\u0026productId=93230"},{"product_uid":"7777551","favourite_uid":null,"eans":["5056025412866","5056025412873","5056025440487","5060154911183"],"product_type":"BASIC","name":"BrewDog Punk India Pale Ale (IPA) 4x330ml","image":"https://www.sainsburys.co.uk/wcsstore/ExtendedSitesCatalogAssetStore/images/catalog/productImages/87/5056025440487/5056025440487_L.jpeg","image_zoom":null,"image_thumbnail":"https://www.sainsburys.co.uk/wcsstore/ExtendedSitesCatalogAssetStore/images/catalog/productImages/87/5056025440487/5056025440487_M.jpeg","image_thumbnail_small":"https://www.sainsburys.co.uk/wcsstore/ExtendedSitesCatalogAssetStore/images/catalog/productImages/87/5056025440487/5056025440487_S.jpeg","full_url":"https://www.sainsburys.co.uk/shop/gb/groceries/product/details/brewdog-punk-india-pale-ale-ipa-4x330ml","unit_price":{"price":4.73,"measure":"ltr","measure_amount":1},"retail_price":{"price":5.25,"measure":"unit"},"nectar_price":{"retail_price":5.25,"unit_price":3.97,"measure":"unit","url":"https://www.sainsburys.co.uk/shop/gb/groceries/new---trending/nectar-prices","category_seo_url":"gb/groceries/new---trending/nectar-prices"},"is_available":true,"promotions":[{"promotion_uid":"10644084","icon":"https://www.sainsburys.co.uk/wcsstore/Sainsburys/Promotion assets/Promotion icons/Buy_X_For_Y_Amt_S_Icon.gif","link":"/shop/PromotionDisplayView?promotionId=10644084\u0026productId=981848\u0026langId=44\u0026storeId=10151","strap_line":"Buy 1 for 5.25","start_date":"2024-09-17T23:00:00Z","end_date":"2024-10-07T23:00:00Z","original_price":6.25,"promo_mechanic_id":"99","is_nectar":true,"promo_type":"SIMPLE_FIXED_PRICE","promo_group":"simple"}],"hfss_restriction":[{"country":"ENG","restricted":false,"hfss_category":"Out of scope or Product not in a legislative category","hfss_score":0,"last_change_date":"2022-09-23T11:46:20.361Z"},{"country":"SCT","restricted":false,"hfss_category":"Out of scope or Product not in a legislative category","hfss_score":0,"last_change_date":"2022-09-23T11:46:20.361Z"},{"country":"WLS","restricted":false,"hfss_category":"Out of scope or Product not in a legislative category","hfss_score":0,"last_change_date":"2022-09-23T11:46:20.361Z"},{"country":"NIR","restricted":false,"hfss_category":"Out of scope or Product not in a legislative category","hfss_score":0,"last_change_date":"2022-09-23T11:46:20.361Z"}],"not_for_eu":true,"associations":[],"is_alcoholic":true,"is_spotlight":false,"is_intolerant":false,"is_mhra":false,"badges":[],"labels":[],"zone":null,"department":null,"reviews":{"is_enabled":true,"product_uid":"7777551","total":14,"average_rating":4.5},"breadcrumbs":[],"assets":{"plp_image":"https://assets.sainsburys-groceries.co.uk/gol/7777551/image.jpg","images":[],"video":[]},"description":[],"important_information":["The above details have been prepared to help you select suitable products. Products and their ingredients are liable to change.","\u003cstrong\u003eYou should always read the label before consuming or using the product and never rely solely on the information presented here.","If you require specific advice on any Sainsbury's branded product, please contact our Customer Careline on 0800 636262. For all other products, please contact the manufacturer, whose details will appear on the packaging or label. Sainsbury's is therefore unable to accept liability for any incorrect information.","You should also note that the picture / images show only our serving suggestions of how to serve or prepare your food – all accessories and additional items and/or ingredients pictured with the product you are purchasing are not included.","This information is supplied for your personal use only. It may not be reproduced in any way without the prior consent of Sainsbury's Supermarkets Ltd and due acknowledgement"],"attachments":[],"categories":[{"id":"489872","name":"Low everyday prices"},{"id":"610861","name":"Father's Day"},{"id":"533854","name":"Autumn Flavours"},{"id":"506356","name":"Craft beer"},{"id":"242801","name":"Special offers"},{"id":"318428","name":"All beer"},{"id":"410356","name":"Special offers"}],"header":{"text":"Nectar price","type":"NECTAR"},"attributes":{"brand":["BrewDog"]},"is_supply_chain_orderable":false,"display_icons":[],"pdp_deep_link":"/shop/ProductDisplay?storeId=10151\u0026langId=44\u0026productId=981848"},{"product_uid":"3096260","favourite_uid":null,"eans":["8008440512444","8008440522023","8008440512024","8008440512420"],"product_type":"BASIC","name":"Peroni Nastro Azzurro Beer Lager Bottles 4x330ml","image":"https://www.sainsburys.co.uk/wcsstore/ExtendedSitesCatalogAssetStore/images/catalog/productImages/20/8008440512420/8008440512420_L.jpeg","image_zoom":null,"image_thumbnail":"https://www.sainsburys.co.uk/wcsstore/ExtendedSitesCatalogAssetStore/images/catalog/productImages/20/8008440512420/8008440512420_M.jpeg","image_thumbnail_small":"https://www.sainsburys.co.uk/wcsstore/ExtendedSitesCatalogAssetStore/images/catalog/productImages/20/8008440512420/8008440512420_S.jpeg","full_url":"https://www.sainsburys.co.uk/shop/gb/groceries/product/details/peroni-nastro-azzurro-lager-4x330ml","unit_price":{"price":5.11,"measure":"ltr","measure_amount":1},"retail_price":{"price":5.75,"measure":"unit"},"nectar_price":{"retail_price":5.75,"unit_price":4.35,"measure":"unit","url":"https://www.sainsburys.co.uk/shop/gb/groceries/new---trending/nectar-prices","category_seo_url":"gb/groceries/new---trending/nectar-prices"},"is_available":true,"promotions":[{"promotion_uid":"10642564","icon":"https://www.sainsburys.co.uk/wcsstore/Sainsburys/Promotion assets/Promotion icons/Buy_X_For_Y_Amt_S_Icon.gif","link":"/shop/PromotionDisplayView?promotionId=10642564\u0026productId=82472\u0026langId=44\u0026storeId=10151","strap_line":"Buy 1 for 5.75","start_date":"2024-09-17T23:00:00Z","end_date":"2024-10-07T23:00:00Z","original_price":6.75,"promo_mechanic_id":"99","is_nectar":true,"promo_type":"SIMPLE_FIXED_PRICE","promo_group":"simple"}],"hfss_restriction":[{"country":"ENG","restricted":false,"hfss_category":"Out of scope or Product not in a legislative category","hfss_score":0,"last_change_date":"2022-09-23T11:46:24.908Z"},{"country":"SCT","restricted":false,"hfss_category":"Out of scope or Product not in a legislative category","hfss_score":0,"last_change_date":"2022-09-23T11:46:24.908Z"},{"country":"WLS","restricted":false,"hfss_category":"Out of scope or Product not in a legislative category","hfss_score":0,"last_change_date":"2022-09-23T11:46:24.908Z"},{"country":"NIR","restricted":false,"hfss_category":"Out of scope or Product not in a legislative category","hfss_score":0,"last_change_date":"2022-09-23T11:46:24.908Z"}],"not_for_eu":true,"associations":[],"is_alcoholic":true,"is_spotlight":false,"is_intolerant":false,"is_mhra":false,"badges":[],"labels":[],"zone":null,"department":null,"reviews":{"is_enabled":true,"product_uid":"3096260","total":93,"average_rating":4.6452},"breadcrumbs":[],"assets":{"plp_image":"https://assets.sainsburys-groceries.co.uk/gol/3096260/image.jpg","images":[],"video":[]},"description":[],"important_information":["The above details have been prepared to help you select suitable products. Products and their ingredients are liable to change.","\u003cstrong\u003eYou should always read the label before consuming or using the product and never rely solely on the information presented here.","If you require specific advice on any Sainsbury's branded product, please contact our Customer Careline on 0800 636262. For all other products, please contact the manufacturer, whose details will appear on the packaging or label. Sainsbury's is therefore unable to accept liability for any incorrect information.","You should also note that the picture / images show only our serving suggestions of how to serve or prepare your food – all accessories and additional items and/or ingredients pictured with the product you are purchasing are not included.","This information is supplied for your personal use only. It may not be reproduced in any way without the prior consent of Sainsbury's Supermarkets Ltd and due acknowledgement"],"attachments":[],"categories":[{"id":"578352","name":"Drinks festival"},{"id":"12260","name":"World beer"},{"id":"242801","name":"Special offers"},{"id":"278253","name":"All lager"},{"id":"275896","name":"World lager"},{"id":"318428","name":"All beer"},{"id":"410356","name":"Special offers"},{"id":"450503","name":"Curry night"}],"header":{"text":"Nectar price","type":"NECTAR"},"attributes":{"brand":["Peroni"]},"is_supply_chain_orderable":false,"display_icons":[],"pdp_deep_link":"/shop/ProductDisplay?storeId=10151\u0026langId=44\u0026productId=82472"},{"product_uid":"7811132","favourite_uid":null,"eans":["5016878010435"],"product_type":"BASIC","name":"Ghost Ship Pale Ale 500ml","image":"https://www.sainsburys.co.uk/wcsstore/ExtendedSitesCatalogAssetStore/images/catalog/productImages/35/5016878010435/5016878010435_L.jpeg","image_zoom":null,"image_thumbnail":"https://www.sainsburys.co.uk/wcsstore/ExtendedSitesCatalogAssetStore/images/catalog/productImages/35/5016878010435/5016878010435_M.jpeg","image_thumbnail_small":"https://www.sainsburys.co.uk/wcsstore/ExtendedSitesCatalogAssetStore/images/catalog/productImages/35/5016878010435/5016878010435_S.jpeg","full_url":"https://www.sainsburys.co.uk/shop/gb/groceries/product/details/ghost-ship-500ml","unit_price":{"price":4.2,"measure":"ltr","measure_amount":1},"retail_price":{"price":2.1,"measure":"unit"},"is_available":true,"promotions":[{"promotion_uid":"10650144","icon":"https://www.sainsburys.co.uk/wcsstore/Sainsburys/Promotion assets/Promotion icons/Buy_X_For_Y_Amt_S_Icon.gif","link":"/shop/PromotionDisplayView?promotionId=10650144\u0026productId=1049356\u0026langId=44\u0026storeId=10151","strap_line":"Buy any 4 for £7.00 with Nectar","start_date":"2024-09-17T23:00:00Z","end_date":"2024-11-15T00:00:00Z","original_price":0,"promo_mechanic_id":"14","is_nectar":true,"promo_type":"MULTIBUY_BUY_X_OF_VARIABLE_PRICE_FOR_Y","promo_group":"multi_buy"}],"hfss_restriction":[{"country":"ENG","restricted":false,"hfss_category":"Out of scope or Product not in a legislative category","hfss_score":0,"last_change_date":"2022-09-26T13:40:29.766Z"},{"country":"SCT","restricted":false,"hfss_category":"Out of scope or Product not in a legislative category","hfss_score":0,"last_change_date":"2022-09-26T13:40:29.766Z"},{"country":"WLS","restricted":false,"hfss_category":"Out of scope or Product not in a legislative category","hfss_score":0,"last_change_date":"2022-09-26T13:40:29.766Z"},{"country":"NIR","restricted":false,"hfss_category":"Out of scope or Product not in a legislative category","hfss_score":0,"last_change_date":"2022-09-26T13:40:29.766Z"}],"not_for_eu":true,"associations":[],"is_alcoholic":true,"is_spotlight":false,"is_intolerant":false,"is_mhra":false,"badges":[],"labels":[],"zone":null,"department":null,"reviews":{"is_enabled":true,"product_uid":"7811132","total":11,"average_rating":4.2727},"breadcrumbs":[],"assets":{"plp_image":"https://assets.sainsburys-groceries.co.uk/gol/7811132/image.jpg","images":[],"video":[]},"description":[],"important_information":["The above details have been prepared to help you select suitable products. Products and their ingredients are liable to change.","\u003cstrong\u003eYou should always read the label before consuming or using the product and never rely solely on the information presented here.","If you require specific advice on any Sainsbury's branded product, please contact our Customer Careline on 0800 636262. For all other products, please contact the manufacturer, whose details will appear on the packaging or label. Sainsbury's is therefore unable to accept liability for any incorrect information.","You should also note that the picture / images show only our serving suggestions of how to serve or prepare your food – all accessories and additional items and/or ingredients pictured with the product you are purchasing are not included.","This information is supplied for your personal use only. It may not be reproduced in any way without the prior consent of Sainsbury's Supermarkets Ltd and due acknowledgement"],"attachments":[],"categories":[{"id":"506355","name":"Ale \u0026 stout"},{"id":"242801","name":"Special offers"},{"id":"318428","name":"All beer"},{"id":"410356","name":"Special offers"}],"attributes":{"brand":["Adnams"]},"is_supply_chain_orderable":false,"display_icons":[],"pdp_deep_link":"/shop/ProductDisplay?storeId=10151\u0026langId=44\u0026productId=1049356"},{"product_uid":"7452242","favourite_uid":null,"eans":["5010153771615"],"product_type":"BASIC","name":"San Miguel Premium Lager Beer Cans 4x440ml","image":"https://www.sainsburys.co.uk/wcsstore/ExtendedSitesCatalogAssetStore/images/catalog/productImages/15/5010153771615/5010153771615_L.jpeg","image_zoom":null,"image_thumbnail":"https://www.sainsburys.co.uk/wcsstore/ExtendedSitesCatalogAssetStore/images/catalog/productImages/15/5010153771615/5010153771615_M.jpeg","image_thumbnail_small":"https://www.sainsburys.co.uk/wcsstore/ExtendedSitesCatalogAssetStore/images/catalog/productImages/15/5010153771615/5010153771615_S.jpeg","full_url":"https://www.sainsburys.co.uk/shop/gb/groceries/product/details/san-miguel-4x440ml","unit_price":{"price":3.1,"measure":"ltr","measure_amount":1},"retail_price":{"price":5.45,"measure":"unit"},"is_available":true,"promotions":[],"hfss_restriction":[{"country":"ENG","restricted":false,"hfss_category":"Out of scope or Product not in a legislative category","hfss_score":0,"last_change_date":"2022-09-23T11:46:19.492Z"},{"country":"SCT","restricted":false,"hfss_category":"Out of scope or Product not in a legislative category","hfss_score":0,"last_change_date":"2022-09-23T11:46:19.492Z"},{"country":"WLS","restricted":false,"hfss_category":"Out of scope or Product not in a legislative category","hfss_score":0,"last_change_date":"2022-09-23T11:46:19.492Z"},{"country":"NIR","restricted":false,"hfss_category":"Out of scope or Product not in a legislative category","hfss_score":0,"last_change_date":"2022-09-23T11:46:19.492Z"}],"not_for_eu":true,"associations":[],"is_alcoholic":true,"is_spotlight":false,"is_intolerant":false,"is_mhra":false,"badges":[],"labels":[{"label_uid":"LOW EVERYDAY PRICE","text":"LOW EVERYDAY PRICE","alt_text":"LOW EVERYDAY PRICE","color":"#D70000","link_opens_in_new_window":false}],"zone":null,"department":null,"reviews":{"is_enabled":true,"product_uid":"7452242","total":83,"average_rating":4.6145},"breadcrumbs":[],"assets":{"plp_image":"https://assets.sainsburys-groceries.co.uk/gol/7452242/image.jpg","images":[],"video":[]},"description":[],"important_information":["The above details have been prepared to help you select suitable products. Products and their ingredients are liable to change.","\u003cstrong\u003eYou should always read the label before consuming or using the product and never rely solely on the information presented here.","If you require specific advice on any Sainsbury's branded product, please contact our Customer Careline on 0800 636262. For all other products, please contact the manufacturer, whose details will appear on the packaging or label. Sainsbury's is therefore unable to accept liability for any incorrect information.","You should also note that the picture / images show only our serving suggestions of how to serve or prepare your food – all accessories and additional items and/or ingredients pictured with the product you are purchasing are not included.","This information is supplied for your personal use only. It may not be reproduced in any way without the prior consent of Sainsbury's Supermarkets Ltd and due acknowledgement"],"attachments":[],"categories":[{"id":"607853","name":"Low everyday prices"},{"id":"565857","name":"San Miguel, Brooklyn, Poretti, Hobgoblin"},{"id":"12260","name":"World beer"},{"id":"278253","name":"All lager"},{"id":"275896","name":"World lager"},{"id":"318428","name":"All beer"}],"attributes":{"brand":["San Miguel"]},"is_supply_chain_orderable":false,"display_icons":["LOW EVERYDAY PRICE"],"pdp_deep_link":"/shop/ProductDisplay?storeId=10151\u0026langId=44\u0026productId=99420"},{"product_uid":"7819700","favourite_uid":null,"eans":["5035766062950","8001435440012","8006890389005","8006890380385"],"product_type":"BASIC","name":"Birra Moretti Lager Beer Cans 6 x 330ml","image":"https://www.sainsburys.co.uk/wcsstore/ExtendedSitesCatalogAssetStore/images/catalog/productImages/50/5035766062950/5035766062950_L.jpeg","image_zoom":null,"image_thumbnail":"https://www.sainsburys.co.uk/wcsstore/ExtendedSitesCatalogAssetStore/images/catalog/productImages/50/5035766062950/5035766062950_M.jpeg","image_thumbnail_small":"https://www.sainsburys.co.uk/wcsstore/ExtendedSitesCatalogAssetStore/images/catalog/productImages/50/5035766062950/5035766062950_S.jpeg","full_url":"https://www.sainsburys.co.uk/shop/gb/groceries/product/details/birra-moretti-6x330ml","unit_price":{"price":3.74,"measure":"ltr","measure_amount":1},"retail_price":{"price":7.4,"measure":"unit"},"is_available":true,"promotions":[],"hfss_restriction":[{"country":"ENG","restricted":false,"hfss_category":"Out of scope or Product not in a legislative category","hfss_score":0,"last_change_date":"2022-09-23T11:46:36.340Z"},{"country":"SCT","restricted":false,"hfss_category":"Out of scope or Product not in a legislative category","hfss_score":0,"last_change_date":"2022-09-23T11:46:36.340Z"},{"country":"WLS","restricted":false,"hfss_category":"Out of scope or Product not in a legislative category","hfss_score":0,"last_change_date":"2022-09-23T11:46:36.340Z"},{"country":"NIR","restricted":false,"hfss_category":"Out of scope or Product not in a legislative category","hfss_score":0,"last_change_date":"2022-09-23T11:46:36.340Z"}],"not_for_eu":true,"associations":[],"is_alcoholic":true,"is_spotlight":false,"is_intolerant":false,"is_mhra":false,"badges":[],"labels":[],"zone":null,"department":null,"reviews":{"is_enabled":true,"product_uid":"7819700","total":73,"average_rating":4.1096},"breadcrumbs":[],"assets":{"plp_image":"https://assets.sainsburys-groceries.co.uk/gol/7819700/image.jpg","images":[],"video":[]},"description":[],"important_information":["The above details have been prepared to help you select suitable products. Products and their ingredients are liable to change.","\u003cstrong\u003eYou should always read the label before consuming or using the product and never rely solely on the information presented here.","If you require specific advice on any Sainsbury's branded product, please contact our Customer Careline on 0800 636262. For all other products, please contact the manufacturer, whose details will appear on the packaging or label. Sainsbury's is therefore unable to accept liability for any incorrect information.","You should also note that the picture / images show only our serving suggestions of how to serve or prepare your food – all accessories and additional items and/or ingredients pictured with the product you are purchasing are not included.","This information is supplied for your personal use only. It may not be reproduced in any way without the prior consent of Sainsbury's Supermarkets Ltd and due acknowledgement"],"attachments":[],"categories":[{"id":"591354","name":"Birra Moretti, Foster's, Heineken and more"},{"id":"12260","name":"World beer"},{"id":"242801","name":"Special offers"},{"id":"278253","name":"All lager"},{"id":"275896","name":"World lager"},{"id":"318428","name":"All beer"},{"id":"410356","name":"Special offers"}],"attributes":{"brand":["Birra Moretti"]},"is_supply_chain_orderable":false,"display_icons":[],"pdp_deep_link":"/shop/ProductDisplay?storeId=10151\u0026langId=44\u0026productId=1059504"},{"product_uid":"6406398","favourite_uid":null,"eans":["5410228190424","5014379023183"],"product_type":"BASIC","name":"Leffe Blonde Abbey Beer Bottles 4x330ml","image":"https://www.sainsburys.co.uk/wcsstore/ExtendedSitesCatalogAssetStore/images/catalog/productImages/83/5014379023183/5014379023183_L.jpeg","image_zoom":null,"image_thumbnail":"https://www.sainsburys.co.uk/wcsstore/ExtendedSitesCatalogAssetStore/images/catalog/productImages/83/5014379023183/5014379023183_M.jpeg","image_thumbnail_small":"https://www.sainsburys.co.uk/wcsstore/ExtendedSitesCatalogAssetStore/images/catalog/productImages/83/5014379023183/5014379023183_S.jpeg","full_url":"https://www.sainsburys.co.uk/shop/gb/groceries/product/details/leffe-blond-abbey-beer-bottles-4x330ml","unit_price":{"price":4.55,"measure":"ltr","measure_amount":1},"retail_price":{"price":6,"measure":"unit"},"is_available":true,"promotions":[],"hfss_restriction":[{"country":"ENG","restricted":false,"hfss_category":"Out of scope or Product not in a legislative category","hfss_score":0,"last_change_date":"2022-09-23T11:46:38.619Z"},{"country":"SCT","restricted":false,"hfss_category":"Out of scope or Product not in a legislative category","hfss_score":0,"last_change_date":"2022-09-23T11:46:38.619Z"},{"country":"WLS","restricted":false,"hfss_category":"Out of scope or Product not in a legislative category","hfss_score":0,"last_change_date":"2022-09-23T11:46:38.619Z"},{"country":"NIR","restricted":false,"hfss_category":"Out of scope or Product not in a legislative category","hfss_score":0,"last_change_date":"2022-09-23T11:46:38.619Z"}],"not_for_eu":true,"associations":[],"is_alcoholic":true,"is_spotlight":false,"is_intolerant":false,"is_mhra":false,"badges":[],"labels":[],"zone":null,"department":null,"reviews":{"is_enabled":true,"product_uid":"6406398","total":14,"average_rating":4.0714},"breadcrumbs":[],"assets":{"plp_image":"https://assets.sainsburys-groceries.co.uk/gol/6406398/image.jpg","images":[],"video":[]},"description":[],"important_information":["The above details have been prepared to help you select suitable products. Products and their ingredients are liable to change.","\u003cstrong\u003eYou should always read the label before consuming or using the product and never rely solely on the information presented here.","If you require specific advice on any Sainsbury's branded product, please contact our Customer Careline on 0800 636262. For all other products, please contact the manufacturer, whose details will appear on the packaging or label. Sainsbury's is therefore unable to accept liability for any incorrect information.","You should also note that the picture / images show only our serving suggestions of how to serve or prepare your food – all accessories and additional items and/or ingredients pictured with the product you are purchasing are not included.","This information is supplied for your personal use only. It may not be reproduced in any way without the prior consent of Sainsbury's Supermarkets Ltd and due acknowledgement"],"attachments":[],"categories":[{"id":"610861","name":"Father's Day"},{"id":"533854","name":"Autumn Flavours"},{"id":"506356","name":"Craft beer"},{"id":"506357","name":"Speciality beer"},{"id":"318428","name":"All beer"},{"id":"410363","name":"Special offers"},{"id":"438356","name":"Craft beer \u0026 snacks"}],"attributes":{"brand":["Leffe ","Leffe"]},"is_supply_chain_orderable":false,"display_icons":[],"pdp_deep_link":"/shop/ProductDisplay?storeId=10151\u0026langId=44\u0026productId=89578"},{"product_uid":"7914356","favourite_uid":null,"eans":["5035766062783"],"product_type":"BASIC","name":"Heineken Premium Lager Beer Cans 15x440ml","image":"https://www.sainsburys.co.uk/wcsstore/ExtendedSitesCatalogAssetStore/images/catalog/productImages/83/5035766062783/5035766062783_L.jpeg","image_zoom":null,"image_thumbnail":"https://www.sainsburys.co.uk/wcsstore/ExtendedSitesCatalogAssetStore/images/catalog/productImages/83/5035766062783/5035766062783_M.jpeg","image_thumbnail_small":"https://www.sainsburys.co.uk/wcsstore/ExtendedSitesCatalogAssetStore/images/catalog/productImages/83/5035766062783/5035766062783_S.jpeg","full_url":"https://www.sainsburys.co.uk/shop/gb/groceries/product/details/heineken-lager-15x440ml","unit_price":{"price":2.27,"measure":"ltr","measure_amount":1},"retail_price":{"price":12,"measure":"unit"},"nectar_price":{"retail_price":12,"unit_price":1.82,"measure":"unit","url":"https://www.sainsburys.co.uk/shop/gb/groceries/new---trending/nectar-prices","category_seo_url":"gb/groceries/new---trending/nectar-prices"},"is_available":true,"promotions":[{"promotion_uid":"10643139","icon":"https://www.sainsburys.co.uk/wcsstore/Sainsburys/Promotion assets/Promotion icons/Buy_X_For_Y_Amt_S_Icon.gif","link":"/shop/PromotionDisplayView?promotionId=10643139\u0026productId=1215026\u0026langId=44\u0026storeId=10151","strap_line":"Buy 1 for 12","start_date":"2024-09-17T23:00:00Z","end_date":"2024-10-07T23:00:00Z","original_price":15,"promo_mechanic_id":"99","is_nectar":true,"promo_type":"SIMPLE_FIXED_PRICE","promo_group":"simple"}],"hfss_restriction":[{"country":"ENG","restricted":false,"hfss_category":"Out of scope or Product not in a legislative category","hfss_score":0,"last_change_date":"2022-09-23T11:46:35.854Z"},{"country":"SCT","restricted":false,"hfss_category":"Out of scope or Product not in a legislative category","hfss_score":0,"last_change_date":"2022-09-23T11:46:35.854Z"},{"country":"WLS","restricted":false,"hfss_category":"Out of scope or Product not in a legislative category","hfss_score":0,"last_change_date":"2022-09-23T11:46:35.854Z"},{"country":"NIR","restricted":false,"hfss_category":"Out of scope or Product not in a legislative category","hfss_score":0,"last_change_date":"2022-09-23T11:46:35.854Z"}],"sponsored_locations":["ZoneLanding Espot"],"not_for_eu":true,"associations":[],"is_alcoholic":true,"is_spotlight":false,"is_intolerant":false,"is_mhra":false,"badges":[],"labels":[],"zone":null,"department":null,"reviews":{"is_enabled":true,"product_uid":"7914356","total":129,"average_rating":4.3721},"breadcrumbs":[],"assets":{"plp_image":"https://assets.sainsburys-groceries.co.uk/gol/7914356/image.jpg","images":[],"video":[]},"description":[],"important_information":["The above details have been prepared to help you select suitable products. Products and their ingredients are liable to change.","\u003cstrong\u003eYou should always read the label before consuming or using the product and never rely solely on the information presented here.","If you require specific advice on any Sainsbury's branded product, please contact our Customer Careline on 0800 636262. For all other products, please contact the manufacturer, whose details will appear on the packaging or label. Sainsbury's is therefore unable to accept liability for any incorrect information.","You should also note that the picture / images show only our serving suggestions of how to serve or prepare your food – all accessories and additional items and/or ingredients pictured with the product you are purchasing are not included.","This information is supplied for your personal use only. It may not be reproduced in any way without the prior consent of Sainsbury's Supermarkets Ltd and due acknowledgement"],"attachments":[],"categories":[{"id":"594093","name":"Beer \u0026 cider"},{"id":"577867","name":"Multibuy offers (valid for dels until 14th July)"},{"id":"591354","name":"Birra Moretti, Foster's, Heineken and more"},{"id":"480353","name":"Bigger packs"},{"id":"556354","name":"Win with Heineken"},{"id":"610861","name":"Father's Day"},{"id":"614355","name":"Win with Heineken \u0026 Heineken 0.0"},{"id":"608358","name":"Heineken, Doritos and Pepsi Football snacks and drinks"},{"id":"610854","name":"Beer, Wine \u0026 Spirits"},{"id":"511357","name":"Summer of sport"},{"id":"511867","name":"Win UEFA Euro 2020 Semi-Final or Final Match"},{"id":"242801","name":"Special offers"},{"id":"275894","name":"Multipack lager"},{"id":"318428","name":"All beer"},{"id":"410356","name":"Special offers"},{"id":"450478","name":"Bonfire night"},{"id":"478380","name":"Bigger packs"}],"header":{"text":"Nectar price","type":"NECTAR"},"attributes":{"brand":["Heineken"]},"is_supply_chain_orderable":false,"display_icons":["10PacksMax"],"pdp_deep_link":"/shop/ProductDisplay?storeId=10151\u0026langId=44\u0026productId=1215026"},{"product_uid":"7704527","favourite_uid":null,"eans":["5016325851864","5011348013152"],"product_type":"BASIC","name":"Golden Ales Mixed Pack 6x500ml","image":"https://www.sainsburys.co.uk/wcsstore/ExtendedSitesCatalogAssetStore/images/catalog/productImages/64/5016325851864/5016325851864_L.jpeg","image_zoom":null,"image_thumbnail":"https://www.sainsburys.co.uk/wcsstore/ExtendedSitesCatalogAssetStore/images/catalog/productImages/64/5016325851864/5016325851864_M.jpeg","image_thumbnail_small":"https://www.sainsburys.co.uk/wcsstore/ExtendedSitesCatalogAssetStore/images/catalog/productImages/64/5016325851864/5016325851864_S.jpeg","full_url":"https://www.sainsburys.co.uk/shop/gb/groceries/product/details/golden-ales-mixed-pack-6x500ml","unit_price":{"price":4,"measure":"ltr","measure_amount":1},"retail_price":{"price":9,"measure":"unit"},"nectar_price":{"retail_price":9,"unit_price":3,"measure":"unit","url":"https://www.sainsburys.co.uk/shop/gb/groceries/new---trending/nectar-prices","category_seo_url":"gb/groceries/new---trending/nectar-prices"},"is_available":true,"promotions":[{"promotion_uid":"10644986","icon":"https://www.sainsburys.co.uk/wcsstore/Sainsburys/Promotion assets/Promotion icons/Buy_X_For_Y_Amt_S_Icon.gif","link":"/shop/PromotionDisplayView?promotionId=10644986\u0026productId=643086\u0026langId=44\u0026storeId=10151","strap_line":"Buy 1 for 9","start_date":"2024-09-17T23:00:00Z","end_date":"2024-10-07T23:00:00Z","original_price":12,"promo_mechanic_id":"99","is_nectar":true,"promo_type":"SIMPLE_FIXED_PRICE","promo_group":"simple"}],"hfss_restriction":[{"country":"ENG","restricted":false,"hfss_category":"Out of scope or Product not in a legislative category","hfss_score":0,"last_change_date":"2022-09-26T13:40:29.656Z"},{"country":"SCT","restricted":false,"hfss_category":"Out of scope or Product not in a legislative category","hfss_score":0,"last_change_date":"2022-09-26T13:40:29.656Z"},{"country":"WLS","restricted":false,"hfss_category":"Out of scope or Product not in a legislative category","hfss_score":0,"last_change_date":"2022-09-26T13:40:29.656Z"},{"country":"NIR","restricted":false,"hfss_category":"Out of scope or Product not in a legislative category","hfss_score":0,"last_change_date":"2022-09-26T13:40:29.656Z"}],"not_for_eu":true,"associations":[],"is_alcoholic":true,"is_spotlight":false,"is_intolerant":false,"is_mhra":false,"badges":[],"labels":[],"zone":null,"department":null,"reviews":{"is_enabled":true,"product_uid":"7704527","total":7,"average_rating":4.7143},"breadcrumbs":[],"assets":{"plp_image":"https://assets.sainsburys-groceries.co.uk/gol/7704527/image.jpg","images":[],"video":[]},"description":[],"important_information":["The above details have been prepared to help you select suitable products. Products and their ingredients are liable to change.","\u003cstrong\u003eYou should always read the label before consuming or using the product and never rely solely on the information presented here.","If you require specific advice on any Sainsbury's branded product, please contact our Customer Careline on 0800 636262. For all other products, please contact the manufacturer, whose details will appear on the packaging or label. Sainsbury's is therefore unable to accept liability for any incorrect information.","You should also note that the picture / images show only our serving suggestions of how to serve or prepare your food – all accessories and additional items and/or ingredients pictured with the product you are purchasing are not included.","This information is supplied for your personal use only. It may not be reproduced in any way without the prior consent of Sainsbury's Supermarkets Ltd and due acknowledgement"],"attachments":[],"categories":[{"id":"594093","name":"Beer \u0026 cider"},{"id":"502852","name":"Valentines Day"},{"id":"494354","name":"Drinks"},{"id":"480353","name":"Bigger packs"},{"id":"623354","name":"Drinks"},{"id":"533854","name":"Autumn Flavours"},{"id":"506355","name":"Ale \u0026 stout"},{"id":"242801","name":"Special offers"},{"id":"318428","name":"All beer"},{"id":"410356","name":"Special offers"},{"id":"410380","name":"Special offers"},{"id":"419393","name":"New"},{"id":"434877","name":"Special offers"},{"id":"462356","name":"Special offers"}],"header":{"text":"Nectar price","type":"NECTAR"},"attributes":{"brand":["Golden Ales"]},"is_supply_chain_orderable":false,"display_icons":[],"pdp_deep_link":"/shop/ProductDisplay?storeId=10151\u0026langId=44\u0026productId=643086"},{"product_uid":"8001997","favourite_uid":null,"eans":["5056025421370"],"product_type":"BASIC","name":"BrewDog Punk AF Alcohol Free IPA 4x330ml","image":"https://www.sainsburys.co.uk/wcsstore/ExtendedSitesCatalogAssetStore/images/catalog/productImages/70/5056025421370/5056025421370_L.jpeg","image_zoom":null,"image_thumbnail":"https://www.sainsburys.co.uk/wcsstore/ExtendedSitesCatalogAssetStore/images/catalog/productImages/70/5056025421370/5056025421370_M.jpeg","image_thumbnail_small":"https://www.sainsburys.co.uk/wcsstore/ExtendedSitesCatalogAssetStore/images/catalog/productImages/70/5056025421370/5056025421370_S.jpeg","full_url":"https://www.sainsburys.co.uk/shop/gb/groceries/product/details/brewdog-punk-af-alcohol-free-ipa-4x330ml-8001997-p-44","unit_price":{"price":3.79,"measure":"ltr","measure_amount":1},"retail_price":{"price":5,"measure":"unit"},"is_available":true,"promotions":[],"hfss_restriction":[{"country":"ENG","restricted":false,"hfss_category":"Out of scope or Product not in a legislative category","hfss_score":0,"last_change_date":"2022-09-23T11:46:18.772Z"},{"country":"SCT","restricted":false,"hfss_category":"Out of scope or Product not in a legislative category","hfss_score":0,"last_change_date":"2022-09-23T11:46:18.772Z"},{"country":"WLS","restricted":false,"hfss_category":"Out of scope or Product not in a legislative category","hfss_score":0,"last_change_date":"2022-09-23T11:46:18.772Z"},{"country":"NIR","restricted":false,"hfss_category":"Out of scope or Product not in a legislative category","hfss_score":0,"last_change_date":"2022-09-23T11:46:18.772Z"}],"not_for_eu":true,"associations":[],"is_alcoholic":true,"is_spotlight":false,"is_intolerant":false,"is_mhra":false,"badges":[],"labels":[],"zone":null,"department":null,"reviews":{"is_enabled":true,"product_uid":"8001997","total":12,"average_rating":3.3333},"breadcrumbs":[],"assets":{"plp_image":"https://assets.sainsburys-groceries.co.uk/gol/8001997/image.jpg","images":[],"video":[]},"description":[],"important_information":["The above details have been prepared to help you select suitable products. Products and their ingredients are liable to change.","\u003cstrong\u003eYou should always read the label before consuming or using the product and never rely solely on the information presented here.","If you require specific advice on any Sainsbury's branded product, please contact our Customer Careline on 0800 636262. For all other products, please contact the manufacturer, whose details will appear on the packaging or label. Sainsbury's is therefore unable to accept liability for any incorrect information.","You should also note that the picture / images show only our serving suggestions of how to serve or prepare your food – all accessories and additional items and/or ingredients pictured with the product you are purchasing are not included.","This information is supplied for your personal use only. It may not be reproduced in any way without the prior consent of Sainsbury's Supermarkets Ltd and due acknowledgement"],"attachments":[],"categories":[{"id":"603852","name":"January refresh"},{"id":"607860","name":"Drinks"},{"id":"594096","name":"Low \u0026 no alcohol"},{"id":"570358","name":"New Year New You"},{"id":"502852","name":"Valentines Day"},{"id":"500353","name":"All low and no alcohol"},{"id":"489872","name":"Low everyday prices"},{"id":"607898","name":"Low \u0026 no alcohol"},{"id":"12267","name":"Low \u0026 no alcohol beer \u0026 cider"},{"id":"242801","name":"Special offers"},{"id":"318428","name":"All beer"},{"id":"410356","name":"Special offers"},{"id":"410378","name":"Special offers"},{"id":"410380","name":"Special offers"},{"id":"419393","name":"New"},{"id":"431867","name":"Watch the sport"},{"id":"432369","name":"New"},{"id":"432368","name":"Special offers"},{"id":"448450","name":"Halloween is coming"},{"id":"458860","name":"Special offers"},{"id":"458392","name":"No alcohol"},{"id":"454372","name":"Special offers"},{"id":"461881","name":"No alcohol"},{"id":"462356","name":"Special offers"},{"id":"462370","name":"Special offers"},{"id":"463855","name":"All low \u0026 no alcohol"}],"attributes":{"brand":["BrewDog"]},"is_supply_chain_orderable":false,"display_icons":[],"pdp_deep_link":"/shop/ProductDisplay?storeId=10151\u0026langId=44\u0026productId=1359344"},{"product_uid":"7962162","favourite_uid":null,"eans":["8008440512826","8008440514011"],"product_type":"BASIC","name":"Peroni Nastro Azzurro 0.0% Alcohol Free Beer Lager Bottles 4x330ml","image":"https://www.sainsburys.co.uk/wcsstore/ExtendedSitesCatalogAssetStore/images/catalog/productImages/11/8008440514011/8008440514011_L.jpeg","image_zoom":null,"image_thumbnail":"https://www.sainsburys.co.uk/wcsstore/ExtendedSitesCatalogAssetStore/images/catalog/productImages/11/8008440514011/8008440514011_M.jpeg","image_thumbnail_small":"https://www.sainsburys.co.uk/wcsstore/ExtendedSitesCatalogAssetStore/images/catalog/productImages/11/8008440514011/8008440514011_S.jpeg","full_url":"https://www.sainsburys.co.uk/shop/gb/groceries/product/details/peroni-libera-4x330ml","unit_price":{"price":4.17,"measure":"ltr","measure_amount":1},"retail_price":{"price":4.25,"measure":"unit"},"nectar_price":{"retail_price":4.25,"unit_price":3.22,"measure":"unit","url":"https://www.sainsburys.co.uk/shop/gb/groceries/new---trending/nectar-prices","category_seo_url":"gb/groceries/new---trending/nectar-prices"},"is_available":true,"promotions":[{"promotion_uid":"10644158","icon":"https://www.sainsburys.co.uk/wcsstore/Sainsburys/Promotion assets/Promotion icons/Buy_X_For_Y_Amt_S_Icon.gif","link":"/shop/PromotionDisplayView?promotionId=10644158\u0026productId=1359312\u0026langId=44\u0026storeId=10151","strap_line":"Buy 1 for 4.25","start_date":"2024-09-17T23:00:00Z","end_date":"2024-10-07T23:00:00Z","original_price":5.5,"promo_mechanic_id":"99","is_nectar":true,"promo_type":"SIMPLE_FIXED_PRICE","promo_group":"simple"}],"hfss_restriction":[{"country":"ENG","restricted":false,"hfss_category":"Out of scope or Product not in a legislative category","hfss_score":0,"last_change_date":"2022-09-23T11:46:25.311Z"},{"country":"SCT","restricted":false,"hfss_category":"Out of scope or Product not in a legislative category","hfss_score":0,"last_change_date":"2022-09-23T11:46:25.311Z"},{"country":"WLS","restricted":false,"hfss_category":"Out of scope or Product not in a legislative category","hfss_score":0,"last_change_date":"2022-09-23T11:46:25.311Z"},{"country":"NIR","restricted":false,"hfss_category":"Out of scope or Product not in a legislative category","hfss_score":0,"last_change_date":"2022-09-23T11:46:25.311Z"}],"not_for_eu":true,"associations":[],"is_alcoholic":true,"is_spotlight":false,"is_intolerant":false,"is_mhra":false,"badges":[],"labels":[],"zone":null,"department":null,"reviews":{"is_enabled":true,"product_uid":"7962162","total":88,"average_rating":4.8295},"breadcrumbs":[],"assets":{"plp_image":"https://assets.sainsburys-groceries.co.uk/gol/7962162/image.jpg","images":[],"video":[]},"description":[],"important_information":["The above details have been prepared to help you select suitable products. Products and their ingredients are liable to change.","\u003cstrong\u003eYou should always read the label before consuming or using the product and never rely solely on the information presented here.","If you require specific advice on any Sainsbury's branded product, please contact our Customer Careline on 0800 636262. For all other products, please contact the manufacturer, whose details will appear on the packaging or label. Sainsbury's is therefore unable to accept liability for any incorrect information.","You should also note that the picture / images show only our serving suggestions of how to serve or prepare your food – all accessories and additional items and/or ingredients pictured with the product you are purchasing are not included.","This information is supplied for your personal use only. It may not be reproduced in any way without the prior consent of Sainsbury's Supermarkets Ltd and due acknowledgement"],"attachments":[],"categories":[{"id":"594096","name":"Low \u0026 no alcohol"},{"id":"578352","name":"Drinks festival"},{"id":"500353","name":"All low and no alcohol"},{"id":"12267","name":"Low \u0026 no alcohol beer \u0026 cider"},{"id":"242801","name":"Special offers"},{"id":"278253","name":"All lager"},{"id":"318428","name":"All beer"},{"id":"410356","name":"Special offers"},{"id":"410380","name":"Special offers"},{"id":"458860","name":"Special offers"},{"id":"458392","name":"No alcohol"},{"id":"454372","name":"Special offers"},{"id":"461881","name":"No alcohol"},{"id":"462356","name":"Special offers"},{"id":"462370","name":"Special offers"},{"id":"463855","name":"All low \u0026 no alcohol"}],"header":{"text":"Nectar price","type":"NECTAR"},"attributes":{"brand":["Peroni"]},"is_supply_chain_orderable":false,"display_icons":[],"pdp_deep_link":"/shop/ProductDisplay?storeId=10151\u0026langId=44\u0026productId=1359312"},{"product_uid":"6025312","favourite_uid":null,"eans":["7501064193101","7501064113871"],"product_type":"BASIC","name":"Corona Extra Premium Lager Beer bottles 4x330ml","image":"https://www.sainsburys.co.uk/wcsstore/ExtendedSitesCatalogAssetStore/images/catalog/productImages/01/7501064193101/7501064193101_L.jpeg","image_zoom":null,"image_thumbnail":"https://www.sainsburys.co.uk/wcsstore/ExtendedSitesCatalogAssetStore/images/catalog/productImages/01/7501064193101/7501064193101_M.jpeg","image_thumbnail_small":"https://www.sainsburys.co.uk/wcsstore/ExtendedSitesCatalogAssetStore/images/catalog/productImages/01/7501064193101/7501064193101_S.jpeg","full_url":"https://www.sainsburys.co.uk/shop/gb/groceries/product/details/corona-extra-4x330ml","unit_price":{"price":4.36,"measure":"ltr","measure_amount":1},"retail_price":{"price":5.75,"measure":"unit"},"is_available":true,"promotions":[],"hfss_restriction":[{"country":"ENG","restricted":false,"hfss_category":"Out of scope or Product not in a legislative category","hfss_score":0,"last_change_date":"2022-09-23T11:46:39.012Z"},{"country":"SCT","restricted":false,"hfss_category":"Out of scope or Product not in a legislative category","hfss_score":0,"last_change_date":"2022-09-23T11:46:39.012Z"},{"country":"WLS","restricted":false,"hfss_category":"Out of scope or Product not in a legislative category","hfss_score":0,"last_change_date":"2022-09-23T11:46:39.012Z"},{"country":"NIR","restricted":false,"hfss_category":"Out of scope or Product not in a legislative category","hfss_score":0,"last_change_date":"2022-09-23T11:46:39.012Z"}],"not_for_eu":true,"associations":[],"is_alcoholic":true,"is_spotlight":false,"is_intolerant":false,"is_mhra":false,"badges":[],"labels":[],"zone":null,"department":null,"reviews":{"is_enabled":true,"product_uid":"6025312","total":27,"average_rating":3.963},"breadcrumbs":[],"assets":{"plp_image":"https://assets.sainsburys-groceries.co.uk/gol/6025312/image.jpg","images":[],"video":[]},"description":[],"important_information":["The above details have been prepared to help you select suitable products. Products and their ingredients are liable to change.","\u003cstrong\u003eYou should always read the label before consuming or using the product and never rely solely on the information presented here.","If you require specific advice on any Sainsbury's branded product, please contact our Customer Careline on 0800 636262. For all other products, please contact the manufacturer, whose details will appear on the packaging or label. Sainsbury's is therefore unable to accept liability for any incorrect information.","You should also note that the picture / images show only our serving suggestions of how to serve or prepare your food – all accessories and additional items and/or ingredients pictured with the product you are purchasing are not included.","This information is supplied for your personal use only. It may not be reproduced in any way without the prior consent of Sainsbury's Supermarkets Ltd and due acknowledgement"],"attachments":[],"categories":[{"id":"578352","name":"Drinks festival"},{"id":"560358","name":"Budweiser, Corona, Camden \u0026 Stella Artois"},{"id":"12260","name":"World beer"},{"id":"242801","name":"Special offers"},{"id":"278253","name":"All lager"},{"id":"275896","name":"World lager"},{"id":"318428","name":"All beer"},{"id":"410356","name":"Special offers"},{"id":"450503","name":"Curry night"}],"attributes":{"brand":["Corona"]},"is_supply_chain_orderable":false,"display_icons":[],"pdp_deep_link":"/shop/ProductDisplay?storeId=10151\u0026langId=44\u0026productId=86806"},{"product_uid":"6546295","favourite_uid":null,"eans":["5035766185239","5010055100001"],"product_type":"BASIC","name":"Foster's Lager Beer Cans 4 x 440ml","image":"https://www.sainsburys.co.uk/wcsstore/ExtendedSitesCatalogAssetStore/images/catalog/productImages/39/5035766185239/5035766185239_L.jpeg","image_zoom":null,"image_thumbnail":"https://www.sainsburys.co.uk/wcsstore/ExtendedSitesCatalogAssetStore/images/catalog/productImages/39/5035766185239/5035766185239_M.jpeg","image_thumbnail_small":"https://www.sainsburys.co.uk/wcsstore/ExtendedSitesCatalogAssetStore/images/catalog/productImages/39/5035766185239/5035766185239_S.jpeg","full_url":"https://www.sainsburys.co.uk/shop/gb/groceries/product/details/fosters-4x440ml","unit_price":{"price":2.56,"measure":"ltr","measure_amount":1},"retail_price":{"price":4.5,"measure":"unit"},"is_available":true,"promotions":[],"hfss_restriction":[{"country":"ENG","restricted":false,"hfss_category":"Out of scope or Product not in a legislative category","hfss_score":0,"last_change_date":"2022-09-23T11:46:36.285Z"},{"country":"SCT","restricted":false,"hfss_category":"Out of scope or Product not in a legislative category","hfss_score":0,"last_change_date":"2022-09-23T11:46:36.285Z"},{"country":"WLS","restricted":false,"hfss_category":"Out of scope or Product not in a legislative category","hfss_score":0,"last_change_date":"2022-09-23T11:46:36.285Z"},{"country":"NIR","restricted":false,"hfss_category":"Out of scope or Product not in a legislative category","hfss_score":0,"last_change_date":"2022-09-23T11:46:36.285Z"}],"not_for_eu":true,"associations":[],"is_alcoholic":true,"is_spotlight":false,"is_intolerant":false,"is_mhra":false,"badges":[],"labels":[],"zone":null,"department":null,"reviews":{"is_enabled":true,"product_uid":"6546295","total":94,"average_rating":4.234},"breadcrumbs":[],"assets":{"plp_image":"https://assets.sainsburys-groceries.co.uk/gol/6546295/image.jpg","images":[],"video":[]},"description":[],"important_information":["The above details have been prepared to help you select suitable products. Products and their ingredients are liable to change.","\u003cstrong\u003eYou should always read the label before consuming or using the product and never rely solely on the information presented here.","If you require specific advice on any Sainsbury's branded product, please contact our Customer Careline on 0800 636262. For all other products, please contact the manufacturer, whose details will appear on the packaging or label. Sainsbury's is therefore unable to accept liability for any incorrect information.","You should also note that the picture / images show only our serving suggestions of how to serve or prepare your food – all accessories and additional items and/or ingredients pictured with the product you are purchasing are not included.","This information is supplied for your personal use only. It may not be reproduced in any way without the prior consent of Sainsbury's Supermarkets Ltd and due acknowledgement"],"attachments":[],"categories":[{"id":"591354","name":"Birra Moretti, Foster's, Heineken and more"},{"id":"278253","name":"All lager"},{"id":"275894","name":"Multipack lager"},{"id":"318428","name":"All beer"},{"id":"410363","name":"Special offers"}],"attributes":{"brand":["Foster's"]},"is_supply_chain_orderable":false,"display_icons":[],"pdp_deep_link":"/shop/ProductDisplay?storeId=10151\u0026langId=44\u0026productId=91102"},{"product_uid":"2135007","favourite_uid":null,"eans":["5035766260271","5010153738625"],"product_type":"BASIC","name":"Holsten Pils Lager Beer Cans 4x440ml","image":"https://www.sainsburys.co.uk/wcsstore/ExtendedSitesCatalogAssetStore/images/catalog/productImages/25/5010153738625/5010153738625_L.jpeg","image_zoom":null,"image_thumbnail":"https://www.sainsburys.co.uk/wcsstore/ExtendedSitesCatalogAssetStore/images/catalog/productImages/25/5010153738625/5010153738625_M.jpeg","image_thumbnail_small":"https://www.sainsburys.co.uk/wcsstore/ExtendedSitesCatalogAssetStore/images/catalog/productImages/25/5010153738625/5010153738625_S.jpeg","full_url":"https://www.sainsburys.co.uk/shop/gb/groceries/product/details/holsten-pils-lager-4x440ml","unit_price":{"price":2.98,"measure":"ltr","measure_amount":1},"retail_price":{"price":5.25,"measure":"unit"},"is_available":true,"promotions":[],"hfss_restriction":[{"country":"ENG","restricted":false,"hfss_category":"Out of scope or Product not in a legislative category","hfss_score":0,"last_change_date":"2022-09-23T11:47:06.714Z"},{"country":"SCT","restricted":false,"hfss_category":"Out of scope or Product not in a legislative category","hfss_score":0,"last_change_date":"2022-09-23T11:47:06.714Z"},{"country":"WLS","restricted":false,"hfss_category":"Out of scope or Product not in a legislative category","hfss_score":0,"last_change_date":"2022-09-23T11:47:06.714Z"},{"country":"NIR","restricted":false,"hfss_category":"Out of scope or Product not in a legislative category","hfss_score":0,"last_change_date":"2022-09-23T11:47:06.714Z"}],"not_for_eu":true,"associations":[],"is_alcoholic":true,"is_spotlight":false,"is_intolerant":false,"is_mhra":false,"badges":[],"labels":[],"zone":null,"department":null,"reviews":{"is_enabled":true,"product_uid":"2135007","total":64,"average_rating":4.3906},"breadcrumbs":[],"assets":{"plp_image":"https://assets.sainsburys-groceries.co.uk/gol/2135007/image.jpg","images":[],"video":[]},"description":[],"important_information":["The above details have been prepared to help you select suitable products. Products and their ingredients are liable to change.","\u003cstrong\u003eYou should always read the label before consuming or using the product and never rely solely on the information presented here.","If you require specific advice on any Sainsbury's branded product, please contact our Customer Careline on 0800 636262. For all other products, please contact the manufacturer, whose details will appear on the packaging or label. Sainsbury's is therefore unable to accept liability for any incorrect information.","You should also note that the picture / images show only our serving suggestions of how to serve or prepare your food – all accessories and additional items and/or ingredients pictured with the product you are purchasing are not included.","This information is supplied for your personal use only. It may not be reproduced in any way without the prior consent of Sainsbury's Supermarkets Ltd and due acknowledgement"],"attachments":[],"categories":[{"id":"278253","name":"All lager"},{"id":"275894","name":"Multipack lager"},{"id":"318428","name":"All beer"}],"attributes":{"brand":["Holsten"]},"is_supply_chain_orderable":false,"display_icons":[],"pdp_deep_link":"/shop/ProductDisplay?storeId=10151\u0026langId=44\u0026productId=80738"},{"product_uid":"7803280","favourite_uid":null,"eans":["5012686077479"],"product_type":"BASIC","name":"Whitstable Bay Pale Ale 500ml","image":"https://www.sainsburys.co.uk/wcsstore/ExtendedSitesCatalogAssetStore/images/catalog/productImages/79/5012686077479/5012686077479_L.jpeg","image_zoom":null,"image_thumbnail":"https://www.sainsburys.co.uk/wcsstore/ExtendedSitesCatalogAssetStore/images/catalog/productImages/79/5012686077479/5012686077479_M.jpeg","image_thumbnail_small":"https://www.sainsburys.co.uk/wcsstore/ExtendedSitesCatalogAssetStore/images/catalog/productImages/79/5012686077479/5012686077479_S.jpeg","full_url":"https://www.sainsburys.co.uk/shop/gb/groceries/product/details/whitstable-bay-pale-ale-500ml","unit_price":{"price":4.2,"measure":"ltr","measure_amount":1},"retail_price":{"price":2.1,"measure":"unit"},"is_available":true,"promotions":[{"promotion_uid":"10650144","icon":"https://www.sainsburys.co.uk/wcsstore/Sainsburys/Promotion assets/Promotion icons/Buy_X_For_Y_Amt_S_Icon.gif","link":"/shop/PromotionDisplayView?promotionId=10650144\u0026productId=1032686\u0026langId=44\u0026storeId=10151","strap_line":"Buy any 4 for £7.00 with Nectar","start_date":"2024-09-17T23:00:00Z","end_date":"2024-11-15T00:00:00Z","original_price":0,"promo_mechanic_id":"14","is_nectar":true,"promo_type":"MULTIBUY_BUY_X_OF_VARIABLE_PRICE_FOR_Y","promo_group":"multi_buy"}],"hfss_restriction":[{"country":"ENG","restricted":false,"hfss_category":"Out of scope or Product not in a legislative category","hfss_score":0,"last_change_date":"2022-09-23T11:46:35.818Z"},{"country":"SCT","restricted":false,"hfss_category":"Out of scope or Product not in a legislative category","hfss_score":0,"last_change_date":"2022-09-23T11:46:35.818Z"},{"country":"WLS","restricted":false,"hfss_category":"Out of scope or Product not in a legislative category","hfss_score":0,"last_change_date":"2022-09-23T11:46:35.818Z"},{"country":"NIR","restricted":false,"hfss_category":"Out of scope or Product not in a legislative category","hfss_score":0,"last_change_date":"2022-09-23T11:46:35.818Z"}],"not_for_eu":true,"associations":[],"is_alcoholic":true,"is_spotlight":false,"is_intolerant":false,"is_mhra":false,"badges":[],"labels":[],"zone":null,"department":null,"reviews":{"is_enabled":true,"product_uid":"7803280","total":4,"average_rating":4},"breadcrumbs":[],"assets":{"plp_image":"https://assets.sainsburys-groceries.co.uk/gol/7803280/image.jpg","images":[],"video":[]},"description":[],"important_information":["The above details have been prepared to help you select suitable products. Products and their ingredients are liable to change.","\u003cstrong\u003eYou should always read the label before consuming or using the product and never rely solely on the information presented here.","If you require specific advice on any Sainsbury's branded product, please contact our Customer Careline on 0800 636262. For all other products, please contact the manufacturer, whose details will appear on the packaging or label. Sainsbury's is therefore unable to accept liability for any incorrect information.","You should also note that the picture / images show only our serving suggestions of how to serve or prepare your food – all accessories and additional items and/or ingredients pictured with the product you are purchasing are not included.","This information is supplied for your personal use only. It may not be reproduced in any way without the prior consent of Sainsbury's Supermarkets Ltd and due acknowledgement"],"attachments":[],"categories":[{"id":"506355","name":"Ale \u0026 stout"},{"id":"242801","name":"Special offers"},{"id":"318428","name":"All beer"},{"id":"410356","name":"Special offers"}],"attributes":{"brand":["Shepherd Neame"]},"is_supply_chain_orderable":false,"display_icons":[],"pdp_deep_link":"/shop/ProductDisplay?storeId=10151\u0026langId=44\u0026productId=1032686"},{"product_uid":"7825180","favourite_uid":null,"eans":["5011348016238"],"product_type":"BASIC","name":"Shipyard American IPA Ale Beer Bottle 500ml","image":"https://www.sainsburys.co.uk/wcsstore/ExtendedSitesCatalogAssetStore/images/catalog/productImages/38/5011348016238/5011348016238_L.jpeg","image_zoom":null,"image_thumbnail":"https://www.sainsburys.co.uk/wcsstore/ExtendedSitesCatalogAssetStore/images/catalog/productImages/38/5011348016238/5011348016238_M.jpeg","image_thumbnail_small":"https://www.sainsburys.co.uk/wcsstore/ExtendedSitesCatalogAssetStore/images/catalog/productImages/38/5011348016238/5011348016238_S.jpeg","full_url":"https://www.sainsburys.co.uk/shop/gb/groceries/product/details/shipyard-american-ipa-500ml","unit_price":{"price":4.2,"measure":"ltr","measure_amount":1},"retail_price":{"price":2.1,"measure":"unit"},"is_available":true,"promotions":[{"promotion_uid":"10650144","icon":"https://www.sainsburys.co.uk/wcsstore/Sainsburys/Promotion assets/Promotion icons/Buy_X_For_Y_Amt_S_Icon.gif","link":"/shop/PromotionDisplayView?promotionId=10650144\u0026productId=1072956\u0026langId=44\u0026storeId=10151","strap_line":"Buy any 4 for £7.00 with Nectar","start_date":"2024-09-17T23:00:00Z","end_date":"2024-11-15T00:00:00Z","original_price":0,"promo_mechanic_id":"14","is_nectar":true,"promo_type":"MULTIBUY_BUY_X_OF_VARIABLE_PRICE_FOR_Y","promo_group":"multi_buy"}],"hfss_restriction":[{"country":"ENG","restricted":false,"hfss_category":"Out of scope or Product not in a legislative category","hfss_score":0,"last_change_date":"2022-09-26T13:40:29.792Z"},{"country":"SCT","restricted":false,"hfss_category":"Out of scope or Product not in a legislative category","hfss_score":0,"last_change_date":"2022-09-26T13:40:29.792Z"},{"country":"WLS","restricted":false,"hfss_category":"Out of scope or Product not in a legislative category","hfss_score":0,"last_change_date":"2022-09-26T13:40:29.792Z"},{"country":"NIR","restricted":false,"hfss_category":"Out of scope or Product not in a legislative category","hfss_score":0,"last_change_date":"2022-09-26T13:40:29.792Z"}],"not_for_eu":true,"associations":[],"is_alcoholic":true,"is_spotlight":false,"is_intolerant":false,"is_mhra":false,"badges":[],"labels":[],"zone":null,"department":null,"reviews":{"is_enabled":true,"product_uid":"7825180","total":9,"average_rating":4.2222},"breadcrumbs":[],"assets":{"plp_image":"https://assets.sainsburys-groceries.co.uk/gol/7825180/image.jpg","images":[],"video":[]},"description":[],"important_information":["The above details have been prepared to help you select suitable products. Products and their ingredients are liable to change.","\u003cstrong\u003eYou should always read the label before consuming or using the product and never rely solely on the information presented here.","If you require specific advice on any Sainsbury's branded product, please contact our Customer Careline on 0800 636262. For all other products, please contact the manufacturer, whose details will appear on the packaging or label. Sainsbury's is therefore unable to accept liability for any incorrect information.","You should also note that the picture / images show only our serving suggestions of how to serve or prepare your food – all accessories and additional items and/or ingredients pictured with the product you are purchasing are not included.","This information is supplied for your personal use only. It may not be reproduced in any way without the prior consent of Sainsbury's Supermarkets Ltd and due acknowledgement"],"attachments":[],"categories":[{"id":"506355","name":"Ale \u0026 stout"},{"id":"12260","name":"World beer"},{"id":"242801","name":"Special offers"},{"id":"318428","name":"All beer"},{"id":"410356","name":"Special offers"}],"attributes":{"brand":["Shipyard Brewing Co"]},"is_supply_chain_orderable":false,"display_icons":[],"pdp_deep_link":"/shop/ProductDisplay?storeId=10151\u0026langId=44\u0026productId=1072956"},{"product_uid":"3147009","favourite_uid":null,"eans":["5011885008420","5011885004538"],"product_type":"BASIC","name":"Fuller's Organic Honey Dew 5.0% Ale Beer Bottle 500ml","image":"https://www.sainsburys.co.uk/wcsstore/ExtendedSitesCatalogAssetStore/images/catalog/productImages/20/5011885008420/5011885008420_L.jpeg","image_zoom":null,"image_thumbnail":"https://www.sainsburys.co.uk/wcsstore/ExtendedSitesCatalogAssetStore/images/catalog/productImages/20/5011885008420/5011885008420_M.jpeg","image_thumbnail_small":"https://www.sainsburys.co.uk/wcsstore/ExtendedSitesCatalogAssetStore/images/catalog/productImages/20/5011885008420/5011885008420_S.jpeg","full_url":"https://www.sainsburys.co.uk/shop/gb/groceries/product/details/fullers-organic-honey-dew-500ml","unit_price":{"price":4.5,"measure":"ltr","measure_amount":1},"retail_price":{"price":2.25,"measure":"unit"},"is_available":true,"promotions":[{"promotion_uid":"10650144","icon":"https://www.sainsburys.co.uk/wcsstore/Sainsburys/Promotion assets/Promotion icons/Buy_X_For_Y_Amt_S_Icon.gif","link":"/shop/PromotionDisplayView?promotionId=10650144\u0026productId=82594\u0026langId=44\u0026storeId=10151","strap_line":"Buy any 4 for £7.00 with Nectar","start_date":"2024-09-17T23:00:00Z","end_date":"2024-11-15T00:00:00Z","original_price":0,"promo_mechanic_id":"14","is_nectar":true,"promo_type":"MULTIBUY_BUY_X_OF_VARIABLE_PRICE_FOR_Y","promo_group":"multi_buy"}],"hfss_restriction":[{"country":"ENG","restricted":false,"hfss_category":"Out of scope or Product not in a legislative category","hfss_score":0,"last_change_date":"2022-09-26T13:40:28.982Z"},{"country":"SCT","restricted":false,"hfss_category":"Out of scope or Product not in a legislative category","hfss_score":0,"last_change_date":"2022-09-26T13:40:28.982Z"},{"country":"WLS","restricted":false,"hfss_category":"Out of scope or Product not in a legislative category","hfss_score":0,"last_change_date":"2022-09-26T13:40:28.982Z"},{"country":"NIR","restricted":false,"hfss_category":"Out of scope or Product not in a legislative category","hfss_score":0,"last_change_date":"2022-09-26T13:40:28.982Z"}],"not_for_eu":true,"associations":[],"is_alcoholic":true,"is_spotlight":false,"is_intolerant":false,"is_mhra":false,"badges":[],"labels":[{"label_uid":"ORGANIC","text":"ORGANIC","alt_text":"ORGANIC","color":"#218234","link_opens_in_new_window":true}],"zone":null,"department":null,"reviews":{"is_enabled":true,"product_uid":"3147009","total":12,"average_rating":5},"breadcrumbs":[],"assets":{"plp_image":"https://assets.sainsburys-groceries.co.uk/gol/3147009/image.jpg","images":[],"video":[]},"description":[],"important_information":["The above details have been prepared to help you select suitable products. Products and their ingredients are liable to change.","\u003cstrong\u003eYou should always read the label before consuming or using the product and never rely solely on the information presented here.","If you require specific advice on any Sainsbury's branded product, please contact our Customer Careline on 0800 636262. For all other products, please contact the manufacturer, whose details will appear on the packaging or label. Sainsbury's is therefore unable to accept liability for any incorrect information.","You should also note that the picture / images show only our serving suggestions of how to serve or prepare your food – all accessories and additional items and/or ingredients pictured with the product you are purchasing are not included.","This information is supplied for your personal use only. It may not be reproduced in any way without the prior consent of Sainsbury's Supermarkets Ltd and due acknowledgement"],"attachments":[],"categories":[{"id":"506355","name":"Ale \u0026 stout"},{"id":"242801","name":"Special offers"},{"id":"318428","name":"All beer"},{"id":"410356","name":"Special offers"},{"id":"454372","name":"Special offers"},{"id":"461878","name":"Drinks"},{"id":"462368","name":"Special offers"},{"id":"461911","name":"All organic"}],"attributes":{"brand":["Fuller's"]},"is_supply_chain_orderable":false,"display_icons":["ORGANIC"],"pdp_deep_link":"/shop/ProductDisplay?storeId=10151\u0026langId=44\u0026productId=82594"},{"product_uid":"7910000","favourite_uid":null,"eans":["5010038461020"],"product_type":"BASIC","name":"Sharp's Doom Bar Amber Ale 4x500ml","image":"https://www.sainsburys.co.uk/wcsstore/ExtendedSitesCatalogAssetStore/images/catalog/productImages/20/5010038461020/5010038461020_L.jpeg","image_zoom":null,"image_thumbnail":"https://www.sainsburys.co.uk/wcsstore/ExtendedSitesCatalogAssetStore/images/catalog/productImages/20/5010038461020/5010038461020_M.jpeg","image_thumbnail_small":"https://www.sainsburys.co.uk/wcsstore/ExtendedSitesCatalogAssetStore/images/catalog/productImages/20/5010038461020/5010038461020_S.jpeg","full_url":"https://www.sainsburys.co.uk/shop/gb/groceries/product/details/sharps-doom-bar-exceptional-amber-ale-4x500ml","unit_price":{"price":3.25,"measure":"ltr","measure_amount":1},"retail_price":{"price":6.5,"measure":"unit"},"is_available":true,"promotions":[],"hfss_restriction":[{"country":"ENG","restricted":false,"hfss_category":"Out of scope or Product not in a legislative category","hfss_score":0,"last_change_date":"2022-09-23T11:47:07.956Z"},{"country":"SCT","restricted":false,"hfss_category":"Out of scope or Product not in a legislative category","hfss_score":0,"last_change_date":"2022-09-23T11:47:07.956Z"},{"country":"WLS","restricted":false,"hfss_category":"Out of scope or Product not in a legislative category","hfss_score":0,"last_change_date":"2022-09-23T11:47:07.956Z"},{"country":"NIR","restricted":false,"hfss_category":"Out of scope or Product not in a legislative category","hfss_score":0,"last_change_date":"2022-09-23T11:47:07.956Z"}],"not_for_eu":true,"associations":[],"is_alcoholic":true,"is_spotlight":false,"is_intolerant":false,"is_mhra":false,"badges":[],"labels":[],"zone":null,"department":null,"reviews":{"is_enabled":true,"product_uid":"7910000","total":15,"average_rating":4.5333},"breadcrumbs":[],"assets":{"plp_image":"https://assets.sainsburys-groceries.co.uk/gol/7910000/image.jpg","images":[],"video":[]},"description":[],"important_information":["The above details have been prepared to help you select suitable products. Products and their ingredients are liable to change.","\u003cstrong\u003eYou should always read the label before consuming or using the product and never rely solely on the information presented here.","If you require specific advice on any Sainsbury's branded product, please contact our Customer Careline on 0800 636262. For all other products, please contact the manufacturer, whose details will appear on the packaging or label. Sainsbury's is therefore unable to accept liability for any incorrect information.","You should also note that the picture / images show only our serving suggestions of how to serve or prepare your food – all accessories and additional items and/or ingredients pictured with the product you are purchasing are not included.","This information is supplied for your personal use only. It may not be reproduced in any way without the prior consent of Sainsbury's Supermarkets Ltd and due acknowledgement"],"attachments":[],"categories":[{"id":"506355","name":"Ale \u0026 stout"},{"id":"318428","name":"All beer"}],"attributes":{"brand":["Doom Bar"]},"is_supply_chain_orderable":false,"display_icons":[],"pdp_deep_link":"/shop/ProductDisplay?storeId=10151\u0026langId=44\u0026productId=1206544"},{"product_uid":"2501925","favourite_uid":null,"eans":["5011885003678","5011885003661","5011885002244"],"product_type":"BASIC","name":"Fuller's ESB 5.9% Ale Beer Bottle 500ml","image":"https://www.sainsburys.co.uk/wcsstore/ExtendedSitesCatalogAssetStore/images/catalog/productImages/61/5011885003661/5011885003661_L.jpeg","image_zoom":null,"image_thumbnail":"https://www.sainsburys.co.uk/wcsstore/ExtendedSitesCatalogAssetStore/images/catalog/productImages/61/5011885003661/5011885003661_M.jpeg","image_thumbnail_small":"https://www.sainsburys.co.uk/wcsstore/ExtendedSitesCatalogAssetStore/images/catalog/productImages/61/5011885003661/5011885003661_S.jpeg","full_url":"https://www.sainsburys.co.uk/shop/gb/groceries/product/details/fullers-esb-bitter-bottle-500ml","unit_price":{"price":4.5,"measure":"ltr","measure_amount":1},"retail_price":{"price":2.25,"measure":"unit"},"is_available":true,"promotions":[{"promotion_uid":"10650144","icon":"https://www.sainsburys.co.uk/wcsstore/Sainsburys/Promotion assets/Promotion icons/Buy_X_For_Y_Amt_S_Icon.gif","link":"/shop/PromotionDisplayView?promotionId=10650144\u0026productId=81364\u0026langId=44\u0026storeId=10151","strap_line":"Buy any 4 for £7.00 with Nectar","start_date":"2024-09-17T23:00:00Z","end_date":"2024-11-15T00:00:00Z","original_price":0,"promo_mechanic_id":"14","is_nectar":true,"promo_type":"MULTIBUY_BUY_X_OF_VARIABLE_PRICE_FOR_Y","promo_group":"multi_buy"}],"hfss_restriction":[{"country":"ENG","restricted":false,"hfss_category":"Out of scope or Product not in a legislative category","hfss_score":0,"last_change_date":"2022-09-23T11:46:25.315Z"},{"country":"SCT","restricted":false,"hfss_category":"Out of scope or Product not in a legislative category","hfss_score":0,"last_change_date":"2022-09-23T11:46:25.315Z"},{"country":"WLS","restricted":false,"hfss_category":"Out of scope or Product not in a legislative category","hfss_score":0,"last_change_date":"2022-09-23T11:46:25.315Z"},{"country":"NIR","restricted":false,"hfss_category":"Out of scope or Product not in a legislative category","hfss_score":0,"last_change_date":"2022-09-23T11:46:25.315Z"}],"not_for_eu":true,"associations":[],"is_alcoholic":true,"is_spotlight":false,"is_intolerant":false,"is_mhra":false,"badges":[],"labels":[],"zone":null,"department":null,"reviews":{"is_enabled":true,"product_uid":"2501925","total":5,"average_rating":4.6},"breadcrumbs":[],"assets":{"plp_image":"https://assets.sainsburys-groceries.co.uk/gol/2501925/image.jpg","images":[],"video":[]},"description":[],"important_information":["The above details have been prepared to help you select suitable products. Products and their ingredients are liable to change.","\u003cstrong\u003eYou should always read the label before consuming or using the product and never rely solely on the information presented here.","If you require specific advice on any Sainsbury's branded product, please contact our Customer Careline on 0800 636262. For all other products, please contact the manufacturer, whose details will appear on the packaging or label. Sainsbury's is therefore unable to accept liability for any incorrect information.","You should also note that the picture / images show only our serving suggestions of how to serve or prepare your food – all accessories and additional items and/or ingredients pictured with the product you are purchasing are not included.","This information is supplied for your personal use only. It may not be reproduced in any way without the prior consent of Sainsbury's Supermarkets Ltd and due acknowledgement"],"attachments":[],"categories":[{"id":"506355","name":"Ale \u0026 stout"},{"id":"242801","name":"Special offers"},{"id":"318428","name":"All beer"},{"id":"410356","name":"Special offers"}],"attributes":{"brand":["Fuller's"]},"is_supply_chain_orderable":false,"display_icons":[],"pdp_deep_link":"/shop/ProductDisplay?storeId=10151\u0026langId=44\u0026productId=81364"},{"product_uid":"7578739","favourite_uid":null,"eans":["4072700003649"],"product_type":"BASIC","name":"Franziskaner Weissbier German Wheat Beer Bottle 500ml","image":"https://www.sainsburys.co.uk/wcsstore/ExtendedSitesCatalogAssetStore/images/catalog/productImages/49/4072700003649/4072700003649_L.jpeg","image_zoom":null,"image_thumbnail":"https://www.sainsburys.co.uk/wcsstore/ExtendedSitesCatalogAssetStore/images/catalog/productImages/49/4072700003649/4072700003649_M.jpeg","image_thumbnail_small":"https://www.sainsburys.co.uk/wcsstore/ExtendedSitesCatalogAssetStore/images/catalog/productImages/49/4072700003649/4072700003649_S.jpeg","full_url":"https://www.sainsburys.co.uk/shop/gb/groceries/product/details/franziskaner-500ml","unit_price":{"price":4.6,"measure":"ltr","measure_amount":1},"retail_price":{"price":2.3,"measure":"unit"},"is_available":true,"promotions":[],"hfss_restriction":[{"country":"ENG","restricted":false,"hfss_category":"Out of scope or Product not in a legislative category","hfss_score":0,"last_change_date":"2022-09-23T11:46:38.638Z"},{"country":"SCT","restricted":false,"hfss_category":"Out of scope or Product not in a legislative category","hfss_score":0,"last_change_date":"2022-09-23T11:46:38.638Z"},{"country":"WLS","restricted":false,"hfss_category":"Out of scope or Product not in a legislative category","hfss_score":0,"last_change_date":"2022-09-23T11:46:38.638Z"},{"country":"NIR","restricted":false,"hfss_category":"Out of scope or Product not in a legislative category","hfss_score":0,"last_change_date":"2022-09-23T11:46:38.638Z"}],"not_for_eu":true,"associations":[],"is_alcoholic":true,"is_spotlight":false,"is_intolerant":false,"is_mhra":false,"badges":[],"labels":[],"zone":null,"department":null,"reviews":{"is_enabled":true,"product_uid":"7578739","total":5,"average_rating":5},"breadcrumbs":[],"assets":{"plp_image":"https://assets.sainsburys-groceries.co.uk/gol/7578739/image.jpg","images":[],"video":[]},"description":[],"important_information":["The above details have been prepared to help you select suitable products. Products and their ingredients are liable to change.","\u003cstrong\u003eYou should always read the label before consuming or using the product and never rely solely on the information presented here.","If you require specific advice on any Sainsbury's branded product, please contact our Customer Careline on 0800 636262. For all other products, please contact the manufacturer, whose details will appear on the packaging or label. Sainsbury's is therefore unable to accept liability for any incorrect information.","You should also note that the picture / images show only our serving suggestions of how to serve or prepare your food – all accessories and additional items and/or ingredients pictured with the product you are purchasing are not included.","This information is supplied for your personal use only. It may not be reproduced in any way without the prior consent of Sainsbury's Supermarkets Ltd and due acknowledgement"],"attachments":[],"categories":[{"id":"506356","name":"Craft beer"},{"id":"506357","name":"Speciality beer"},{"id":"318428","name":"All beer"},{"id":"478361","name":"Pub food \u0026 drink"}],"attributes":{"brand":["Franziskaner ","Franziskaner Weissbier"]},"is_supply_chain_orderable":false,"display_icons":[],"pdp_deep_link":"/shop/ProductDisplay?storeId=10151\u0026langId=44\u0026productId=105898"},{"product_uid":"3217719","favourite_uid":null,"eans":["5016878000160","5016878001167"],"product_type":"BASIC","name":"Adnams Broadside Ale 500ml","image":"https://www.sainsburys.co.uk/wcsstore/ExtendedSitesCatalogAssetStore/images/catalog/productImages/60/5016878000160/5016878000160_L.jpeg","image_zoom":null,"image_thumbnail":"https://www.sainsburys.co.uk/wcsstore/ExtendedSitesCatalogAssetStore/images/catalog/productImages/60/5016878000160/5016878000160_M.jpeg","image_thumbnail_small":"https://www.sainsburys.co.uk/wcsstore/ExtendedSitesCatalogAssetStore/images/catalog/productImages/60/5016878000160/5016878000160_S.jpeg","full_url":"https://www.sainsburys.co.uk/shop/gb/groceries/product/details/adnams-broadside-ale-500ml","unit_price":{"price":4.2,"measure":"ltr","measure_amount":1},"retail_price":{"price":2.1,"measure":"unit"},"is_available":true,"promotions":[{"promotion_uid":"10650144","icon":"https://www.sainsburys.co.uk/wcsstore/Sainsburys/Promotion assets/Promotion icons/Buy_X_For_Y_Amt_S_Icon.gif","link":"/shop/PromotionDisplayView?promotionId=10650144\u0026productId=82704\u0026langId=44\u0026storeId=10151","strap_line":"Buy any 4 for £7.00 with Nectar","start_date":"2024-09-17T23:00:00Z","end_date":"2024-11-15T00:00:00Z","original_price":0,"promo_mechanic_id":"14","is_nectar":true,"promo_type":"MULTIBUY_BUY_X_OF_VARIABLE_PRICE_FOR_Y","promo_group":"multi_buy"}],"hfss_restriction":[{"country":"ENG","restricted":false,"hfss_category":"Out of scope or Product not in a legislative category","hfss_score":0,"last_change_date":"2022-09-23T11:47:06.919Z"},{"country":"SCT","restricted":false,"hfss_category":"Out of scope or Product not in a legislative category","hfss_score":0,"last_change_date":"2022-09-23T11:47:06.919Z"},{"country":"WLS","restricted":false,"hfss_category":"Out of scope or Product not in a legislative category","hfss_score":0,"last_change_date":"2022-09-23T11:47:06.919Z"},{"country":"NIR","restricted":false,"hfss_category":"Out of scope or Product not in a legislative category","hfss_score":0,"last_change_date":"2022-09-23T11:47:06.919Z"}],"not_for_eu":true,"associations":[],"is_alcoholic":true,"is_spotlight":false,"is_intolerant":false,"is_mhra":false,"badges":[],"labels":[],"zone":null,"department":null,"reviews":{"is_enabled":true,"product_uid":"3217719","total":5,"average_rating":5},"breadcrumbs":[],"assets":{"plp_image":"https://assets.sainsburys-groceries.co.uk/gol/3217719/image.jpg","images":[],"video":[]},"description":[],"important_information":["The above details have been prepared to help you select suitable products. Products and their ingredients are liable to change.","\u003cstrong\u003eYou should always read the label before consuming or using the product and never rely solely on the information presented here.","If you require specific advice on any Sainsbury's branded product, please contact our Customer Careline on 0800 636262. For all other products, please contact the manufacturer, whose details will appear on the packaging or label. Sainsbury's is therefore unable to accept liability for any incorrect information.","You should also note that the picture / images show only our serving suggestions of how to serve or prepare your food – all accessories and additional items and/or ingredients pictured with the product you are purchasing are not included.","This information is supplied for your personal use only. It may not be reproduced in any way without the prior consent of Sainsbury's Supermarkets Ltd and due acknowledgement"],"attachments":[],"categories":[{"id":"506355","name":"Ale \u0026 stout"},{"id":"242801","name":"Special offers"},{"id":"318428","name":"All beer"},{"id":"410356","name":"Special offers"}],"attributes":{"brand":["Adnams"]},"is_supply_chain_orderable":false,"display_icons":[],"pdp_deep_link":"/shop/ProductDisplay?storeId=10151\u0026langId=44\u0026productId=82704"},{"product_uid":"7862207","favourite_uid":null,"eans":["5056025404373"],"product_type":"BASIC","name":"BrewDog Mixed Beer Can Pack 12x330ml","image":"https://www.sainsburys.co.uk/wcsstore/ExtendedSitesCatalogAssetStore/images/catalog/productImages/73/5056025404373/5056025404373_L.jpeg","image_zoom":null,"image_thumbnail":"https://www.sainsburys.co.uk/wcsstore/ExtendedSitesCatalogAssetStore/images/catalog/productImages/73/5056025404373/5056025404373_M.jpeg","image_thumbnail_small":"https://www.sainsburys.co.uk/wcsstore/ExtendedSitesCatalogAssetStore/images/catalog/productImages/73/5056025404373/5056025404373_S.jpeg","full_url":"https://www.sainsburys.co.uk/shop/gb/groceries/product/details/brewdog-mixed-can-pack-12x330ml","unit_price":{"price":4.17,"measure":"ltr","measure_amount":1},"retail_price":{"price":14,"measure":"unit"},"nectar_price":{"retail_price":14,"unit_price":3.54,"measure":"unit","url":"https://www.sainsburys.co.uk/shop/gb/groceries/new---trending/nectar-prices","category_seo_url":"gb/groceries/new---trending/nectar-prices"},"is_available":true,"promotions":[{"promotion_uid":"10649312","icon":"https://www.sainsburys.co.uk/wcsstore/Sainsburys/Promotion assets/Promotion icons/Buy_X_For_Y_Amt_S_Icon.gif","link":"/shop/PromotionDisplayView?promotionId=10649312\u0026productId=1133418\u0026langId=44\u0026storeId=10151","strap_line":"Buy 1 for 14","start_date":"2024-09-17T23:00:00Z","end_date":"2024-10-07T23:00:00Z","original_price":16.5,"promo_mechanic_id":"99","is_nectar":true,"promo_type":"SIMPLE_FIXED_PRICE","promo_group":"simple"}],"hfss_restriction":[{"country":"ENG","restricted":false,"hfss_category":"Out of scope or Product not in a legislative category","hfss_score":0,"last_change_date":"2022-09-23T11:46:18.726Z"},{"country":"SCT","restricted":false,"hfss_category":"Out of scope or Product not in a legislative category","hfss_score":0,"last_change_date":"2022-09-23T11:46:18.726Z"},{"country":"WLS","restricted":false,"hfss_category":"Out of scope or Product not in a legislative category","hfss_score":0,"last_change_date":"2022-09-23T11:46:18.726Z"},{"country":"NIR","restricted":false,"hfss_category":"Out of scope or Product not in a legislative category","hfss_score":0,"last_change_date":"2022-09-23T11:46:18.726Z"}],"not_for_eu":true,"associations":[],"is_alcoholic":true,"is_spotlight":false,"is_intolerant":false,"is_mhra":false,"badges":[],"labels":[],"zone":null,"department":null,"reviews":{"is_enabled":true,"product_uid":"7862207","total":6,"average_rating":3.8333},"breadcrumbs":[],"assets":{"plp_image":"https://assets.sainsburys-groceries.co.uk/gol/7862207/image.jpg","images":[],"video":[]},"description":[],"important_information":["The above details have been prepared to help you select suitable products. Products and their ingredients are liable to change.","\u003cstrong\u003eYou should always read the label before consuming or using the product and never rely solely on the information presented here.","If you require specific advice on any Sainsbury's branded product, please contact our Customer Careline on 0800 636262. For all other products, please contact the manufacturer, whose details will appear on the packaging or label. Sainsbury's is therefore unable to accept liability for any incorrect information.","You should also note that the picture / images show only our serving suggestions of how to serve or prepare your food – all accessories and additional items and/or ingredients pictured with the product you are purchasing are not included.","This information is supplied for your personal use only. It may not be reproduced in any way without the prior consent of Sainsbury's Supermarkets Ltd and due acknowledgement"],"attachments":[],"categories":[{"id":"603866","name":"Special offers"},{"id":"594093","name":"Beer \u0026 cider"},{"id":"594094","name":"Bigger packs"},{"id":"502852","name":"Valentines Day"},{"id":"480353","name":"Bigger packs"},{"id":"610861","name":"Father's Day"},{"id":"533854","name":"Autumn Flavours"},{"id":"506356","name":"Craft beer"},{"id":"242801","name":"Special offers"},{"id":"318428","name":"All beer"},{"id":"410356","name":"Special offers"},{"id":"410369","name":"Special offers"},{"id":"410378","name":"Special offers"},{"id":"410380","name":"Special offers"},{"id":"424861","name":"Special offers"},{"id":"419393","name":"New"},{"id":"434877","name":"Special offers"},{"id":"438356","name":"Craft beer \u0026 snacks"},{"id":"440353","name":"Time for tennis"},{"id":"450352","name":"Christmas is coming"},{"id":"462356","name":"Special offers"}],"header":{"text":"Nectar price","type":"NECTAR"},"attributes":{"brand":["BrewDog"]},"is_supply_chain_orderable":false,"display_icons":["10PacksMax"],"pdp_deep_link":"/shop/ProductDisplay?storeId=10151\u0026langId=44\u0026productId=1133418"},{"product_uid":"7966544","favourite_uid":null,"eans":["5060386621010","5060386621058"],"product_type":"BASIC","name":"Beavertown Neck Oil Session IPA 4x330ml","image":"https://www.sainsburys.co.uk/wcsstore/ExtendedSitesCatalogAssetStore/images/catalog/productImages/58/5060386621058/5060386621058_L.jpeg","image_zoom":null,"image_thumbnail":"https://www.sainsburys.co.uk/wcsstore/ExtendedSitesCatalogAssetStore/images/catalog/productImages/58/5060386621058/5060386621058_M.jpeg","image_thumbnail_small":"https://www.sainsburys.co.uk/wcsstore/ExtendedSitesCatalogAssetStore/images/catalog/productImages/58/5060386621058/5060386621058_S.jpeg","full_url":"https://www.sainsburys.co.uk/shop/gb/groceries/product/details/beavertown-neck-oil-4x330ml","unit_price":{"price":6.06,"measure":"ltr","measure_amount":1},"retail_price":{"price":6.5,"measure":"unit"},"nectar_price":{"retail_price":6.5,"unit_price":4.92,"measure":"unit","url":"https://www.sainsburys.co.uk/shop/gb/groceries/new---trending/nectar-prices","category_seo_url":"gb/groceries/new---trending/nectar-prices"},"is_available":true,"promotions":[{"promotion_uid":"10644083","icon":"https://www.sainsburys.co.uk/wcsstore/Sainsburys/Promotion assets/Promotion icons/Buy_X_For_Y_Amt_S_Icon.gif","link":"/shop/PromotionDisplayView?promotionId=10644083\u0026productId=1284082\u0026langId=44\u0026storeId=10151","strap_line":"Buy 1 for 6.5","start_date":"2024-09-17T23:00:00Z","end_date":"2024-10-07T23:00:00Z","original_price":8,"promo_mechanic_id":"99","is_nectar":true,"promo_type":"SIMPLE_FIXED_PRICE","promo_group":"simple"}],"hfss_restriction":[{"country":"ENG","restricted":false,"hfss_category":"Out of scope or Product not in a legislative category","hfss_score":0,"last_change_date":"2022-09-23T11:47:08.268Z"},{"country":"SCT","restricted":false,"hfss_category":"Out of scope or Product not in a legislative category","hfss_score":0,"last_change_date":"2022-09-23T11:47:08.268Z"},{"country":"WLS","restricted":false,"hfss_category":"Out of scope or Product not in a legislative category","hfss_score":0,"last_change_date":"2022-09-23T11:47:08.268Z"},{"country":"NIR","restricted":false,"hfss_category":"Out of scope or Product not in a legislative category","hfss_score":0,"last_change_date":"2022-09-23T11:47:08.268Z"}],"not_for_eu":true,"associations":[],"is_alcoholic":true,"is_spotlight":false,"is_intolerant":false,"is_mhra":false,"badges":[],"labels":[],"zone":null,"department":null,"reviews":{"is_enabled":true,"product_uid":"7966544","total":15,"average_rating":4.6},"breadcrumbs":[],"assets":{"plp_image":"https://assets.sainsburys-groceries.co.uk/gol/7966544/image.jpg","images":[],"video":[]},"description":[],"important_information":["The above details have been prepared to help you select suitable products. Products and their ingredients are liable to change.","\u003cstrong\u003eYou should always read the label before consuming or using the product and never rely solely on the information presented here.","If you require specific advice on any Sainsbury's branded product, please contact our Customer Careline on 0800 636262. For all other products, please contact the manufacturer, whose details will appear on the packaging or label. Sainsbury's is therefore unable to accept liability for any incorrect information.","You should also note that the picture / images show only our serving suggestions of how to serve or prepare your food – all accessories and additional items and/or ingredients pictured with the product you are purchasing are not included.","This information is supplied for your personal use only. It may not be reproduced in any way without the prior consent of Sainsbury's Supermarkets Ltd and due acknowledgement"],"attachments":[],"categories":[{"id":"594093","name":"Beer \u0026 cider"},{"id":"484860","name":"Beavertown"},{"id":"610861","name":"Father's Day"},{"id":"533854","name":"Autumn Flavours"},{"id":"506356","name":"Craft beer"},{"id":"242801","name":"Special offers"},{"id":"318428","name":"All beer"},{"id":"410356","name":"Special offers"},{"id":"410378","name":"Special offers"},{"id":"410380","name":"Special offers"},{"id":"424861","name":"Special offers"},{"id":"434369","name":"Drinks"},{"id":"438356","name":"Craft beer \u0026 snacks"},{"id":"462356","name":"Special offers"}],"header":{"text":"Nectar price","type":"NECTAR"},"attributes":{"brand":["Beavertown"]},"is_supply_chain_orderable":false,"display_icons":[],"pdp_deep_link":"/shop/ProductDisplay?storeId=10151\u0026langId=44\u0026productId=1284082"},{"product_uid":"6830742","favourite_uid":null,"eans":["5010038048757","5010038454831"],"product_type":"BASIC","name":"Blue Moon Belgian White American Craft Wheat Beer 330ml","image":"https://www.sainsburys.co.uk/wcsstore/ExtendedSitesCatalogAssetStore/images/catalog/productImages/31/5010038454831/5010038454831_L.jpeg","image_zoom":null,"image_thumbnail":"https://www.sainsburys.co.uk/wcsstore/ExtendedSitesCatalogAssetStore/images/catalog/productImages/31/5010038454831/5010038454831_M.jpeg","image_thumbnail_small":"https://www.sainsburys.co.uk/wcsstore/ExtendedSitesCatalogAssetStore/images/catalog/productImages/31/5010038454831/5010038454831_S.jpeg","full_url":"https://www.sainsburys.co.uk/shop/gb/groceries/product/details/blue-moon-belgian-white-american-craft-wheat-beer-330ml","unit_price":{"price":7.12,"measure":"ltr","measure_amount":1},"retail_price":{"price":1.8,"measure":"unit"},"nectar_price":{"retail_price":1.8,"unit_price":5.45,"measure":"unit","url":"https://www.sainsburys.co.uk/shop/gb/groceries/new---trending/nectar-prices","category_seo_url":"gb/groceries/new---trending/nectar-prices"},"is_available":true,"promotions":[{"promotion_uid":"10644560","icon":"https://www.sainsburys.co.uk/wcsstore/Sainsburys/Promotion assets/Promotion icons/Buy_X_For_Y_Amt_S_Icon.gif","link":"/shop/PromotionDisplayView?promotionId=10644560\u0026productId=93656\u0026langId=44\u0026storeId=10151","strap_line":"Buy 1 for 1.8","start_date":"2024-09-17T23:00:00Z","end_date":"2024-10-07T23:00:00Z","original_price":2.35,"promo_mechanic_id":"99","is_nectar":true,"promo_type":"SIMPLE_FIXED_PRICE","promo_group":"simple"}],"hfss_restriction":[{"country":"ENG","restricted":false,"hfss_category":"Out of scope or Product not in a legislative category","hfss_score":0,"last_change_date":"2022-09-23T11:47:07.231Z"},{"country":"SCT","restricted":false,"hfss_category":"Out of scope or Product not in a legislative category","hfss_score":0,"last_change_date":"2022-09-23T11:47:07.231Z"},{"country":"WLS","restricted":false,"hfss_category":"Out of scope or Product not in a legislative category","hfss_score":0,"last_change_date":"2022-09-23T11:47:07.231Z"},{"country":"NIR","restricted":false,"hfss_category":"Out of scope or Product not in a legislative category","hfss_score":0,"last_change_date":"2022-09-23T11:47:07.231Z"}],"not_for_eu":true,"associations":[],"is_alcoholic":true,"is_spotlight":false,"is_intolerant":false,"is_mhra":false,"badges":[],"labels":[],"zone":null,"department":null,"reviews":{"is_enabled":true,"product_uid":"6830742","total":5,"average_rating":4},"breadcrumbs":[],"assets":{"plp_image":"https://assets.sainsburys-groceries.co.uk/gol/6830742/image.jpg","images":[],"video":[]},"description":[],"important_information":["The above details have been prepared to help you select suitable products. Products and their ingredients are liable to change.","\u003cstrong\u003eYou should always read the label before consuming or using the product and never rely solely on the information presented here.","If you require specific advice on any Sainsbury's branded product, please contact our Customer Careline on 0800 636262. For all other products, please contact the manufacturer, whose details will appear on the packaging or label. Sainsbury's is therefore unable to accept liability for any incorrect information.","You should also note that the picture / images show only our serving suggestions of how to serve or prepare your food – all accessories and additional items and/or ingredients pictured with the product you are purchasing are not included.","This information is supplied for your personal use only. It may not be reproduced in any way without the prior consent of Sainsbury's Supermarkets Ltd and due acknowledgement"],"attachments":[],"categories":[{"id":"506356","name":"Craft beer"},{"id":"506357","name":"Speciality beer"},{"id":"242801","name":"Special offers"},{"id":"318428","name":"All beer"},{"id":"410356","name":"Special offers"},{"id":"438356","name":"Craft beer \u0026 snacks"},{"id":"478361","name":"Pub food \u0026 drink"}],"header":{"text":"Nectar price","type":"NECTAR"},"attributes":{"brand":["Blue Moon"]},"is_supply_chain_orderable":false,"display_icons":[],"pdp_deep_link":"/shop/ProductDisplay?storeId=10151\u0026langId=44\u0026productId=93656"},{"product_uid":"6726385","favourite_uid":null,"eans":["5010548004984","5010548002997"],"product_type":"BASIC","name":"Badger The Cranborne Poacher Ale 500ml","image":"https://www.sainsburys.co.uk/wcsstore/ExtendedSitesCatalogAssetStore/images/catalog/productImages/84/5010548004984/5010548004984_L.jpeg","image_zoom":null,"image_thumbnail":"https://www.sainsburys.co.uk/wcsstore/ExtendedSitesCatalogAssetStore/images/catalog/productImages/84/5010548004984/5010548004984_M.jpeg","image_thumbnail_small":"https://www.sainsburys.co.uk/wcsstore/ExtendedSitesCatalogAssetStore/images/catalog/productImages/84/5010548004984/5010548004984_S.jpeg","full_url":"https://www.sainsburys.co.uk/shop/gb/groceries/product/details/badger-poachers-choice-ale-500ml","unit_price":{"price":4.2,"measure":"ltr","measure_amount":1},"retail_price":{"price":2.1,"measure":"unit"},"is_available":true,"promotions":[{"promotion_uid":"10650144","icon":"https://www.sainsburys.co.uk/wcsstore/Sainsburys/Promotion assets/Promotion icons/Buy_X_For_Y_Amt_S_Icon.gif","link":"/shop/PromotionDisplayView?promotionId=10650144\u0026productId=92506\u0026langId=44\u0026storeId=10151","strap_line":"Buy any 4 for £7.00 with Nectar","start_date":"2024-09-17T23:00:00Z","end_date":"2024-11-15T00:00:00Z","original_price":0,"promo_mechanic_id":"14","is_nectar":true,"promo_type":"MULTIBUY_BUY_X_OF_VARIABLE_PRICE_FOR_Y","promo_group":"multi_buy"}],"hfss_restriction":[{"country":"ENG","restricted":false,"hfss_category":"Out of scope or Product not in a legislative category","hfss_score":0,"last_change_date":"2022-09-23T11:46:34.593Z"},{"country":"SCT","restricted":false,"hfss_category":"Out of scope or Product not in a legislative category","hfss_score":0,"last_change_date":"2022-09-23T11:46:34.593Z"},{"country":"WLS","restricted":false,"hfss_category":"Out of scope or Product not in a legislative category","hfss_score":0,"last_change_date":"2022-09-23T11:46:34.593Z"},{"country":"NIR","restricted":false,"hfss_category":"Out of scope or Product not in a legislative category","hfss_score":0,"last_change_date":"2022-09-23T11:46:34.593Z"}],"not_for_eu":true,"associations":[],"is_alcoholic":true,"is_spotlight":false,"is_intolerant":false,"is_mhra":false,"badges":[],"labels":[],"zone":null,"department":null,"reviews":{"is_enabled":true,"product_uid":"6726385","total":10,"average_rating":4},"breadcrumbs":[],"assets":{"plp_image":"https://assets.sainsburys-groceries.co.uk/gol/6726385/image.jpg","images":[],"video":[]},"description":[],"important_information":["The above details have been prepared to help you select suitable products. Products and their ingredients are liable to change.","\u003cstrong\u003eYou should always read the label before consuming or using the product and never rely solely on the information presented here.","If you require specific advice on any Sainsbury's branded product, please contact our Customer Careline on 0800 636262. For all other products, please contact the manufacturer, whose details will appear on the packaging or label. Sainsbury's is therefore unable to accept liability for any incorrect information.","You should also note that the picture / images show only our serving suggestions of how to serve or prepare your food – all accessories and additional items and/or ingredients pictured with the product you are purchasing are not included.","This information is supplied for your personal use only. It may not be reproduced in any way without the prior consent of Sainsbury's Supermarkets Ltd and due acknowledgement"],"attachments":[],"categories":[{"id":"506355","name":"Ale \u0026 stout"},{"id":"489872","name":"Low everyday prices"},{"id":"242801","name":"Special offers"},{"id":"318428","name":"All beer"},{"id":"410356","name":"Special offers"},{"id":"417391","name":"Price lockdown"}],"attributes":{"brand":["Badger"]},"is_supply_chain_orderable":false,"display_icons":[],"pdp_deep_link":"/shop/ProductDisplay?storeId=10151\u0026langId=44\u0026productId=92506"},{"product_uid":"2519180","favourite_uid":null,"eans":["5035766641117","5035766640820","5010015123002","5035766641124","5035766641926","5035766641810"],"product_type":"BASIC","name":"John Smith's Extra Smooth Ale Cans 4x440ml","image":"https://www.sainsburys.co.uk/wcsstore/ExtendedSitesCatalogAssetStore/images/catalog/productImages/10/5035766641810/5035766641810_L.jpeg","image_zoom":null,"image_thumbnail":"https://www.sainsburys.co.uk/wcsstore/ExtendedSitesCatalogAssetStore/images/catalog/productImages/10/5035766641810/5035766641810_M.jpeg","image_thumbnail_small":"https://www.sainsburys.co.uk/wcsstore/ExtendedSitesCatalogAssetStore/images/catalog/productImages/10/5035766641810/5035766641810_S.jpeg","full_url":"https://www.sainsburys.co.uk/shop/gb/groceries/product/details/john-smiths-extra-smooth-bitter-4x440ml","unit_price":{"price":2.7,"measure":"ltr","measure_amount":1},"retail_price":{"price":4.75,"measure":"unit"},"is_available":true,"promotions":[],"hfss_restriction":[{"country":"ENG","restricted":false,"hfss_category":"Out of scope or Product not in a legislative category","hfss_score":0,"last_change_date":"2022-09-23T11:46:36.274Z"},{"country":"SCT","restricted":false,"hfss_category":"Out of scope or Product not in a legislative category","hfss_score":0,"last_change_date":"2022-09-23T11:46:36.274Z"},{"country":"WLS","restricted":false,"hfss_category":"Out of scope or Product not in a legislative category","hfss_score":0,"last_change_date":"2022-09-23T11:46:36.274Z"},{"country":"NIR","restricted":false,"hfss_category":"Out of scope or Product not in a legislative category","hfss_score":0,"last_change_date":"2022-09-23T11:46:36.274Z"}],"not_for_eu":true,"associations":[],"is_alcoholic":true,"is_spotlight":false,"is_intolerant":false,"is_mhra":false,"badges":[],"labels":[],"zone":null,"department":null,"reviews":{"is_enabled":true,"product_uid":"2519180","total":9,"average_rating":4.4444},"breadcrumbs":[],"assets":{"plp_image":"https://assets.sainsburys-groceries.co.uk/gol/2519180/image.jpg","images":[],"video":[]},"description":[],"important_information":["The above details have been prepared to help you select suitable products. Products and their ingredients are liable to change.","\u003cstrong\u003eYou should always read the label before consuming or using the product and never rely solely on the information presented here.","If you require specific advice on any Sainsbury's branded product, please contact our Customer Careline on 0800 636262. For all other products, please contact the manufacturer, whose details will appear on the packaging or label. Sainsbury's is therefore unable to accept liability for any incorrect information.","You should also note that the picture / images show only our serving suggestions of how to serve or prepare your food – all accessories and additional items and/or ingredients pictured with the product you are purchasing are not included.","This information is supplied for your personal use only. It may not be reproduced in any way without the prior consent of Sainsbury's Supermarkets Ltd and due acknowledgement"],"attachments":[],"categories":[{"id":"591354","name":"Birra Moretti, Foster's, Heineken and more"},{"id":"506355","name":"Ale \u0026 stout"},{"id":"489872","name":"Low everyday prices"},{"id":"318428","name":"All beer"},{"id":"417391","name":"Price lockdown"}],"attributes":{"brand":["John Smith's"]},"is_supply_chain_orderable":false,"display_icons":[],"pdp_deep_link":"/shop/ProductDisplay?storeId=10151\u0026langId=44\u0026productId=81384"},{"product_uid":"2502144","favourite_uid":null,"eans":["5011885014308","5011885002190"],"product_type":"BASIC","name":"Fuller's London Pride 4.7% Amber Ale Beer Cans 4x500ml","image":"https://www.sainsburys.co.uk/wcsstore/ExtendedSitesCatalogAssetStore/images/catalog/productImages/90/5011885002190/5011885002190_L.jpeg","image_zoom":null,"image_thumbnail":"https://www.sainsburys.co.uk/wcsstore/ExtendedSitesCatalogAssetStore/images/catalog/productImages/90/5011885002190/5011885002190_M.jpeg","image_thumbnail_small":"https://www.sainsburys.co.uk/wcsstore/ExtendedSitesCatalogAssetStore/images/catalog/productImages/90/5011885002190/5011885002190_S.jpeg","full_url":"https://www.sainsburys.co.uk/shop/gb/groceries/product/details/london-pride-ale-4x500ml","unit_price":{"price":3.25,"measure":"ltr","measure_amount":1},"retail_price":{"price":6.5,"measure":"unit"},"is_available":true,"promotions":[],"hfss_restriction":[{"country":"ENG","restricted":false,"hfss_category":"Out of scope or Product not in a legislative category","hfss_score":0,"last_change_date":"2022-09-23T11:46:25.307Z"},{"country":"SCT","restricted":false,"hfss_category":"Out of scope or Product not in a legislative category","hfss_score":0,"last_change_date":"2022-09-23T11:46:25.307Z"},{"country":"WLS","restricted":false,"hfss_category":"Out of scope or Product not in a legislative category","hfss_score":0,"last_change_date":"2022-09-23T11:46:25.307Z"},{"country":"NIR","restricted":false,"hfss_category":"Out of scope or Product not in a legislative category","hfss_score":0,"last_change_date":"2022-09-23T11:46:25.307Z"}],"associations":[],"is_alcoholic":true,"is_spotlight":false,"is_intolerant":false,"is_mhra":false,"badges":[],"labels":[],"zone":null,"department":null,"reviews":{"is_enabled":true,"product_uid":"2502144","total":13,"average_rating":4.5385},"breadcrumbs":[],"assets":{"plp_image":"https://assets.sainsburys-groceries.co.uk/gol/2502144/image.jpg","images":[],"video":[]},"description":[],"important_information":["The above details have been prepared to help you select suitable products. Products and their ingredients are liable to change.","\u003cstrong\u003eYou should always read the label before consuming or using the product and never rely solely on the information presented here.","If you require specific advice on any Sainsbury's branded product, please contact our Customer Careline on 0800 636262. For all other products, please contact the manufacturer, whose details will appear on the packaging or label. Sainsbury's is therefore unable to accept liability for any incorrect information.","You should also note that the picture / images show only our serving suggestions of how to serve or prepare your food – all accessories and additional items and/or ingredients pictured with the product you are purchasing are not included.","This information is supplied for your personal use only. It may not be reproduced in any way without the prior consent of Sainsbury's Supermarkets Ltd and due acknowledgement"],"attachments":[],"categories":[{"id":"606856","name":"Win with London Pride"},{"id":"575352","name":"London Pride"},{"id":"506355","name":"Ale \u0026 stout"},{"id":"561860","name":"London Pride"},{"id":"242801","name":"Special offers"},{"id":"318428","name":"All beer"},{"id":"410356","name":"Special offers"}],"attributes":{"brand":["Fuller's"]},"is_supply_chain_orderable":false,"display_icons":[],"pdp_deep_link":"/shop/ProductDisplay?storeId=10151\u0026langId=44\u0026productId=81366"},{"product_uid":"6331073","favourite_uid":null,"eans":["0000001211740","0000000131117"],"product_type":"BASIC","name":"Depot No.90 Bitter 4x440ml","image":"https://www.sainsburys.co.uk/wcsstore/ExtendedSitesCatalogAssetStore/images/catalog/productImages/40/0000001211740/0000001211740_L.jpeg","image_zoom":null,"image_thumbnail":"https://www.sainsburys.co.uk/wcsstore/ExtendedSitesCatalogAssetStore/images/catalog/productImages/40/0000001211740/0000001211740_M.jpeg","image_thumbnail_small":"https://www.sainsburys.co.uk/wcsstore/ExtendedSitesCatalogAssetStore/images/catalog/productImages/40/0000001211740/0000001211740_S.jpeg","full_url":"https://www.sainsburys.co.uk/shop/gb/groceries/product/details/sainsburys-bitter--basics-4x440ml","unit_price":{"price":0.82,"measure":"ltr","measure_amount":1},"retail_price":{"price":1.45,"measure":"unit"},"is_available":true,"promotions":[],"hfss_restriction":[{"country":"ENG","restricted":false,"hfss_category":"Out of scope or Product not in a legislative category","hfss_score":0,"last_change_date":"2022-09-23T11:46:47.599Z"},{"country":"SCT","restricted":false,"hfss_category":"Out of scope or Product not in a legislative category","hfss_score":0,"last_change_date":"2022-09-23T11:46:47.599Z"},{"country":"WLS","restricted":false,"hfss_category":"Out of scope or Product not in a legislative category","hfss_score":0,"last_change_date":"2022-09-23T11:46:47.599Z"},{"country":"NIR","restricted":false,"hfss_category":"Out of scope or Product not in a legislative category","hfss_score":0,"last_change_date":"2022-09-23T11:46:47.599Z"}],"not_for_eu":true,"associations":[],"is_alcoholic":true,"is_spotlight":false,"is_intolerant":false,"is_mhra":false,"badges":[],"labels":[],"zone":null,"department":null,"reviews":{"is_enabled":true,"product_uid":"6331073","total":26,"average_rating":4.1538},"breadcrumbs":[],"assets":{"plp_image":"https://assets.sainsburys-groceries.co.uk/gol/6331073/image.jpg","images":[],"video":[]},"description":[],"important_information":["The above details have been prepared to help you select suitable products. Products and their ingredients are liable to change.","\u003cstrong\u003eYou should always read the label before consuming or using the product and never rely solely on the information presented here.","If you require specific advice on any Sainsbury's branded product, please contact our Customer Careline on 0800 636262. For all other products, please contact the manufacturer, whose details will appear on the packaging or label. Sainsbury's is therefore unable to accept liability for any incorrect information.","You should also note that the picture / images show only our serving suggestions of how to serve or prepare your food – all accessories and additional items and/or ingredients pictured with the product you are purchasing are not included.","This information is supplied for your personal use only. It may not be reproduced in any way without the prior consent of Sainsbury's Supermarkets Ltd and due acknowledgement"],"attachments":[],"categories":[{"id":"570356","name":"Our best value own brands"},{"id":"506355","name":"Ale \u0026 stout"},{"id":"318428","name":"All beer"}],"attributes":{"brand":["Sainsbury's"]},"is_supply_chain_orderable":false,"display_icons":["Vegan"],"pdp_deep_link":"/shop/ProductDisplay?storeId=10151\u0026langId=44\u0026productId=88412"},{"product_uid":"3373125","favourite_uid":null,"eans":["5010017109714","5010017040000","5010017083779","5014379083774","5014379012958"],"product_type":"BASIC","name":"Stella Artois Premium Lager Beer Bottle 660ml","image":"https://www.sainsburys.co.uk/wcsstore/ExtendedSitesCatalogAssetStore/images/catalog/productImages/58/5014379012958/5014379012958_L.jpeg","image_zoom":null,"image_thumbnail":"https://www.sainsburys.co.uk/wcsstore/ExtendedSitesCatalogAssetStore/images/catalog/productImages/58/5014379012958/5014379012958_M.jpeg","image_thumbnail_small":"https://www.sainsburys.co.uk/wcsstore/ExtendedSitesCatalogAssetStore/images/catalog/productImages/58/5014379012958/5014379012958_S.jpeg","full_url":"https://www.sainsburys.co.uk/shop/gb/groceries/product/details/stella-artois-premium-lager-bottle-660ml","unit_price":{"price":3.56,"measure":"ltr","measure_amount":1},"retail_price":{"price":2.35,"measure":"unit"},"is_available":true,"promotions":[{"promotion_uid":"10650156","icon":"https://www.sainsburys.co.uk/wcsstore/Sainsburys/Promotion assets/Promotion icons/Buy_X_For_Y_Amt_S_Icon.gif","link":"/shop/PromotionDisplayView?promotionId=10650156\u0026productId=83076\u0026langId=44\u0026storeId=10151","strap_line":"Buy any 3 for £6.00 with Nectar","start_date":"2024-09-17T23:00:00Z","end_date":"2024-11-15T00:00:00Z","original_price":0,"promo_mechanic_id":"14","is_nectar":true,"promo_type":"MULTIBUY_BUY_X_OF_VARIABLE_PRICE_FOR_Y","promo_group":"multi_buy"}],"hfss_restriction":[{"country":"ENG","restricted":false,"hfss_category":"Out of scope or Product not in a legislative category","hfss_score":0,"last_change_date":"2022-09-23T11:46:38.992Z"},{"country":"SCT","restricted":false,"hfss_category":"Out of scope or Product not in a legislative category","hfss_score":0,"last_change_date":"2022-09-23T11:46:38.992Z"},{"country":"WLS","restricted":false,"hfss_category":"Out of scope or Product not in a legislative category","hfss_score":0,"last_change_date":"2022-09-23T11:46:38.992Z"},{"country":"NIR","restricted":false,"hfss_category":"Out of scope or Product not in a legislative category","hfss_score":0,"last_change_date":"2022-09-23T11:46:38.992Z"}],"not_for_eu":true,"associations":[],"is_alcoholic":true,"is_spotlight":false,"is_intolerant":false,"is_mhra":false,"badges":[],"labels":[],"zone":null,"department":null,"reviews":{"is_enabled":true,"product_uid":"3373125","total":96,"average_rating":3.1875},"breadcrumbs":[],"assets":{"plp_image":"https://assets.sainsburys-groceries.co.uk/gol/3373125/image.jpg","images":[],"video":[]},"description":[],"important_information":["The above details have been prepared to help you select suitable products. Products and their ingredients are liable to change.","\u003cstrong\u003eYou should always read the label before consuming or using the product and never rely solely on the information presented here.","If you require specific advice on any Sainsbury's branded product, please contact our Customer Careline on 0800 636262. For all other products, please contact the manufacturer, whose details will appear on the packaging or label. Sainsbury's is therefore unable to accept liability for any incorrect information.","You should also note that the picture / images show only our serving suggestions of how to serve or prepare your food – all accessories and additional items and/or ingredients pictured with the product you are purchasing are not included.","This information is supplied for your personal use only. It may not be reproduced in any way without the prior consent of Sainsbury's Supermarkets Ltd and due acknowledgement"],"attachments":[],"categories":[{"id":"560358","name":"Budweiser, Corona, Camden \u0026 Stella Artois"},{"id":"12260","name":"World beer"},{"id":"242801","name":"Special offers"},{"id":"278253","name":"All lager"},{"id":"275896","name":"World lager"},{"id":"275897","name":"Single bottles"},{"id":"318428","name":"All beer"},{"id":"410356","name":"Special offers"},{"id":"410363","name":"Special offers"}],"attributes":{"brand":["Stella Artois"]},"is_supply_chain_orderable":false,"display_icons":[],"pdp_deep_link":"/shop/ProductDisplay?storeId=10151\u0026langId=44\u0026productId=83076"},{"product_uid":"7855970","favourite_uid":null,"eans":["5016878010664","5016878011029"],"product_type":"BASIC","name":"Ghost Ship Pale Ale 4x440ml","image":"https://www.sainsburys.co.uk/wcsstore/ExtendedSitesCatalogAssetStore/images/catalog/productImages/64/5016878010664/5016878010664_L.jpeg","image_zoom":null,"image_thumbnail":"https://www.sainsburys.co.uk/wcsstore/ExtendedSitesCatalogAssetStore/images/catalog/productImages/64/5016878010664/5016878010664_M.jpeg","image_thumbnail_small":"https://www.sainsburys.co.uk/wcsstore/ExtendedSitesCatalogAssetStore/images/catalog/productImages/64/5016878010664/5016878010664_S.jpeg","full_url":"https://www.sainsburys.co.uk/shop/gb/groceries/product/details/ghost-ship-4x440ml","unit_price":{"price":3.41,"measure":"ltr","measure_amount":1},"retail_price":{"price":6,"measure":"unit"},"is_available":true,"promotions":[],"hfss_restriction":[{"country":"ENG","restricted":false,"hfss_category":"Out of scope or Product not in a legislative category","hfss_score":0,"last_change_date":"2022-09-23T11:46:19.679Z"},{"country":"SCT","restricted":false,"hfss_category":"Out of scope or Product not in a legislative category","hfss_score":0,"last_change_date":"2022-09-23T11:46:19.679Z"},{"country":"WLS","restricted":false,"hfss_category":"Out of scope or Product not in a legislative category","hfss_score":0,"last_change_date":"2022-09-23T11:46:19.679Z"},{"country":"NIR","restricted":false,"hfss_category":"Out of scope or Product not in a legislative category","hfss_score":0,"last_change_date":"2022-09-23T11:46:19.679Z"}],"not_for_eu":true,"associations":[],"is_alcoholic":true,"is_spotlight":false,"is_intolerant":false,"is_mhra":false,"badges":[],"labels":[],"zone":null,"department":null,"reviews":{"is_enabled":true,"product_uid":"7855970","total":11,"average_rating":4.2727},"breadcrumbs":[],"assets":{"plp_image":"https://assets.sainsburys-groceries.co.uk/gol/7855970/image.jpg","images":[],"video":[]},"description":[],"important_information":["The above details have been prepared to help you select suitable products. Products and their ingredients are liable to change.","\u003cstrong\u003eYou should always read the label before consuming or using the product and never rely solely on the information presented here.","If you require specific advice on any Sainsbury's branded product, please contact our Customer Careline on 0800 636262. For all other products, please contact the manufacturer, whose details will appear on the packaging or label. Sainsbury's is therefore unable to accept liability for any incorrect information.","You should also note that the picture / images show only our serving suggestions of how to serve or prepare your food – all accessories and additional items and/or ingredients pictured with the product you are purchasing are not included.","This information is supplied for your personal use only. It may not be reproduced in any way without the prior consent of Sainsbury's Supermarkets Ltd and due acknowledgement"],"attachments":[],"categories":[{"id":"506355","name":"Ale \u0026 stout"},{"id":"318428","name":"All beer"}],"attributes":{"brand":["Adnams"]},"is_supply_chain_orderable":false,"display_icons":[],"pdp_deep_link":"/shop/ProductDisplay?storeId=10151\u0026langId=44\u0026productId=1134532"},{"product_uid":"7564390","favourite_uid":null,"eans":["3155930001300"],"product_type":"BASIC","name":"Desperados Tequila Lager Beer Bottles 3 x 330ml","image":"https://www.sainsburys.co.uk/wcsstore/ExtendedSitesCatalogAssetStore/images/catalog/productImages/00/3155930001300/3155930001300_L.jpeg","image_zoom":null,"image_thumbnail":"https://www.sainsburys.co.uk/wcsstore/ExtendedSitesCatalogAssetStore/images/catalog/productImages/00/3155930001300/3155930001300_M.jpeg","image_thumbnail_small":"https://www.sainsburys.co.uk/wcsstore/ExtendedSitesCatalogAssetStore/images/catalog/productImages/00/3155930001300/3155930001300_S.jpeg","full_url":"https://www.sainsburys.co.uk/shop/gb/groceries/product/details/desperados-tequila-lager-3x330ml","unit_price":{"price":5.56,"measure":"ltr","measure_amount":1},"retail_price":{"price":4.5,"measure":"unit"},"nectar_price":{"retail_price":4.5,"unit_price":4.55,"measure":"unit","url":"https://www.sainsburys.co.uk/shop/gb/groceries/new---trending/nectar-prices","category_seo_url":"gb/groceries/new---trending/nectar-prices"},"is_available":true,"promotions":[{"promotion_uid":"10643150","icon":"https://www.sainsburys.co.uk/wcsstore/Sainsburys/Promotion assets/Promotion icons/Buy_X_For_Y_Amt_S_Icon.gif","link":"/shop/PromotionDisplayView?promotionId=10643150\u0026productId=104738\u0026langId=44\u0026storeId=10151","strap_line":"Buy 1 for 4.5","start_date":"2024-09-17T23:00:00Z","end_date":"2024-10-07T23:00:00Z","original_price":5.5,"promo_mechanic_id":"99","is_nectar":true,"promo_type":"SIMPLE_FIXED_PRICE","promo_group":"simple"}],"hfss_restriction":[{"country":"ENG","restricted":false,"hfss_category":"Out of scope or Product not in a legislative category","hfss_score":0,"last_change_date":"2022-09-23T11:46:36.583Z"},{"country":"SCT","restricted":false,"hfss_category":"Out of scope or Product not in a legislative category","hfss_score":0,"last_change_date":"2022-09-23T11:46:36.583Z"},{"country":"WLS","restricted":false,"hfss_category":"Out of scope or Product not in a legislative category","hfss_score":0,"last_change_date":"2022-09-23T11:46:36.583Z"},{"country":"NIR","restricted":false,"hfss_category":"Out of scope or Product not in a legislative category","hfss_score":0,"last_change_date":"2022-09-23T11:46:36.583Z"}],"not_for_eu":true,"associations":[],"is_alcoholic":true,"is_spotlight":false,"is_intolerant":false,"is_mhra":false,"badges":[],"labels":[],"zone":null,"department":null,"reviews":{"is_enabled":true,"product_uid":"7564390","total":18,"average_rating":4.7222},"breadcrumbs":[],"assets":{"plp_image":"https://assets.sainsburys-groceries.co.uk/gol/7564390/image.jpg","images":[],"video":[]},"description":[],"important_information":["The above details have been prepared to help you select suitable products. Products and their ingredients are liable to change.","\u003cstrong\u003eYou should always read the label before consuming or using the product and never rely solely on the information presented here.","If you require specific advice on any Sainsbury's branded product, please contact our Customer Careline on 0800 636262. For all other products, please contact the manufacturer, whose details will appear on the packaging or label. Sainsbury's is therefore unable to accept liability for any incorrect information.","You should also note that the picture / images show only our serving suggestions of how to serve or prepare your food – all accessories and additional items and/or ingredients pictured with the product you are purchasing are not included.","This information is supplied for your personal use only. It may not be reproduced in any way without the prior consent of Sainsbury's Supermarkets Ltd and due acknowledgement"],"attachments":[],"categories":[{"id":"578352","name":"Drinks festival"},{"id":"12260","name":"World beer"},{"id":"242801","name":"Special offers"},{"id":"278253","name":"All lager"},{"id":"275896","name":"World lager"},{"id":"318428","name":"All beer"},{"id":"410356","name":"Special offers"},{"id":"410853","name":"Cosy night in"}],"header":{"text":"Nectar price","type":"NECTAR"},"attributes":{"brand":["Desperados "]},"is_supply_chain_orderable":false,"display_icons":[],"pdp_deep_link":"/shop/ProductDisplay?storeId=10151\u0026langId=44\u0026productId=104738"},{"product_uid":"7792617","favourite_uid":null,"eans":["4000856003107","0000000524513","4000856090831"],"product_type":"BASIC","name":"Warsteiner Premium Lager Beer 660ml Bottle","image":"https://www.sainsburys.co.uk/wcsstore/ExtendedSitesCatalogAssetStore/images/catalog/productImages/31/4000856090831/4000856090831_L.jpeg","image_zoom":null,"image_thumbnail":"https://www.sainsburys.co.uk/wcsstore/ExtendedSitesCatalogAssetStore/images/catalog/productImages/31/4000856090831/4000856090831_M.jpeg","image_thumbnail_small":"https://www.sainsburys.co.uk/wcsstore/ExtendedSitesCatalogAssetStore/images/catalog/productImages/31/4000856090831/4000856090831_S.jpeg","full_url":"https://www.sainsburys.co.uk/shop/gb/groceries/product/details/warsteiner-660ml","unit_price":{"price":3.56,"measure":"ltr","measure_amount":1},"retail_price":{"price":2.35,"measure":"unit"},"is_available":true,"promotions":[{"promotion_uid":"10650156","icon":"https://www.sainsburys.co.uk/wcsstore/Sainsburys/Promotion assets/Promotion icons/Buy_X_For_Y_Amt_S_Icon.gif","link":"/shop/PromotionDisplayView?promotionId=10650156\u0026productId=1014294\u0026langId=44\u0026storeId=10151","strap_line":"Buy any 3 for £6.00 with Nectar","start_date":"2024-09-17T23:00:00Z","end_date":"2024-11-15T00:00:00Z","original_price":0,"promo_mechanic_id":"14","is_nectar":true,"promo_type":"MULTIBUY_BUY_X_OF_VARIABLE_PRICE_FOR_Y","promo_group":"multi_buy"}],"hfss_restriction":[{"country":"ENG","restricted":false,"hfss_category":"Out of scope or Product not in a legislative category","hfss_score":0,"last_change_date":"2022-09-23T11:46:23.340Z"},{"country":"SCT","restricted":false,"hfss_category":"Out of scope or Product not in a legislative category","hfss_score":0,"last_change_date":"2022-09-23T11:46:23.340Z"},{"country":"WLS","restricted":false,"hfss_category":"Out of scope or Product not in a legislative category","hfss_score":0,"last_change_date":"2022-09-23T11:46:23.340Z"},{"country":"NIR","restricted":false,"hfss_category":"Out of scope or Product not in a legislative category","hfss_score":0,"last_change_date":"2022-09-23T11:46:23.340Z"}],"not_for_eu":true,"associations":[],"is_alcoholic":true,"is_spotlight":false,"is_intolerant":false,"is_mhra":false,"badges":[],"labels":[],"zone":null,"department":null,"reviews":{"is_enabled":true,"product_uid":"7792617","total":12,"average_rating":5},"breadcrumbs":[],"assets":{"plp_image":"https://assets.sainsburys-groceries.co.uk/gol/7792617/image.jpg","images":[],"video":[]},"description":[],"important_information":["The above details have been prepared to help you select suitable products. Products and their ingredients are liable to change.","\u003cstrong\u003eYou should always read the label before consuming or using the product and never rely solely on the information presented here.","If you require specific advice on any Sainsbury's branded product, please contact our Customer Careline on 0800 636262. For all other products, please contact the manufacturer, whose details will appear on the packaging or label. Sainsbury's is therefore unable to accept liability for any incorrect information.","You should also note that the picture / images show only our serving suggestions of how to serve or prepare your food – all accessories and additional items and/or ingredients pictured with the product you are purchasing are not included.","This information is supplied for your personal use only. It may not be reproduced in any way without the prior consent of Sainsbury's Supermarkets Ltd and due acknowledgement"],"attachments":[],"categories":[{"id":"12260","name":"World beer"},{"id":"242801","name":"Special offers"},{"id":"278253","name":"All lager"},{"id":"275896","name":"World lager"},{"id":"275897","name":"Single bottles"},{"id":"318428","name":"All beer"},{"id":"410356","name":"Special offers"},{"id":"410363","name":"Special offers"}],"attributes":{"brand":["Warsteiner"]},"is_supply_chain_orderable":false,"display_icons":[],"pdp_deep_link":"/shop/ProductDisplay?storeId=10151\u0026langId=44\u0026productId=1014294"},{"product_uid":"7500116","favourite_uid":null,"eans":["5010153870882","5010153737048","5010153856299","5016325848277"],"product_type":"BASIC","name":"Carlsberg Special Brew Lager Beer Cans 4x440ml","image":"https://www.sainsburys.co.uk/wcsstore/ExtendedSitesCatalogAssetStore/images/catalog/productImages/82/5010153870882/5010153870882_L.jpeg","image_zoom":null,"image_thumbnail":"https://www.sainsburys.co.uk/wcsstore/ExtendedSitesCatalogAssetStore/images/catalog/productImages/82/5010153870882/5010153870882_M.jpeg","image_thumbnail_small":"https://www.sainsburys.co.uk/wcsstore/ExtendedSitesCatalogAssetStore/images/catalog/productImages/82/5010153870882/5010153870882_S.jpeg","full_url":"https://www.sainsburys.co.uk/shop/gb/groceries/product/details/carlsberg-special-brew-4x440ml","unit_price":{"price":5.4,"measure":"ltr","measure_amount":1},"retail_price":{"price":9.5,"measure":"unit"},"is_available":true,"promotions":[],"hfss_restriction":[{"country":"ENG","restricted":false,"hfss_category":"Out of scope or Product not in a legislative category","hfss_score":0,"last_change_date":"2022-09-23T11:46:19.484Z"},{"country":"SCT","restricted":false,"hfss_category":"Out of scope or Product not in a legislative category","hfss_score":0,"last_change_date":"2022-09-23T11:46:19.484Z"},{"country":"WLS","restricted":false,"hfss_category":"Out of scope or Product not in a legislative category","hfss_score":0,"last_change_date":"2022-09-23T11:46:19.484Z"},{"country":"NIR","restricted":false,"hfss_category":"Out of scope or Product not in a legislative category","hfss_score":0,"last_change_date":"2022-09-23T11:46:19.484Z"}],"not_for_eu":true,"associations":[],"is_alcoholic":true,"is_spotlight":false,"is_intolerant":false,"is_mhra":false,"badges":[],"labels":[],"zone":null,"department":null,"reviews":{"is_enabled":true,"product_uid":"7500116","total":14,"average_rating":4.0714},"breadcrumbs":[],"assets":{"plp_image":"https://assets.sainsburys-groceries.co.uk/gol/7500116/image.jpg","images":[],"video":[]},"description":[],"important_information":["The above details have been prepared to help you select suitable products. Products and their ingredients are liable to change.","\u003cstrong\u003eYou should always read the label before consuming or using the product and never rely solely on the information presented here.","If you require specific advice on any Sainsbury's branded product, please contact our Customer Careline on 0800 636262. For all other products, please contact the manufacturer, whose details will appear on the packaging or label. Sainsbury's is therefore unable to accept liability for any incorrect information.","You should also note that the picture / images show only our serving suggestions of how to serve or prepare your food – all accessories and additional items and/or ingredients pictured with the product you are purchasing are not included.","This information is supplied for your personal use only. It may not be reproduced in any way without the prior consent of Sainsbury's Supermarkets Ltd and due acknowledgement"],"attachments":[],"categories":[{"id":"278253","name":"All lager"},{"id":"318428","name":"All beer"},{"id":"428991","name":"Top rated"}],"attributes":{"brand":["Carlsberg"]},"is_supply_chain_orderable":false,"display_icons":[],"pdp_deep_link":"/shop/ProductDisplay?storeId=10151\u0026langId=44\u0026productId=100494"},{"product_uid":"6546181","favourite_uid":null,"eans":["5014379004601","5014379012118","5014379006100","5021319003501","5425423543548","5010017109554","5021319002917","5010017118372"],"product_type":"BASIC","name":"Budweiser Lager Beer Bottles 6x300ml","image":"https://www.sainsburys.co.uk/wcsstore/ExtendedSitesCatalogAssetStore/images/catalog/productImages/01/5014379004601/5014379004601_L.jpeg","image_zoom":null,"image_thumbnail":"https://www.sainsburys.co.uk/wcsstore/ExtendedSitesCatalogAssetStore/images/catalog/productImages/01/5014379004601/5014379004601_M.jpeg","image_thumbnail_small":"https://www.sainsburys.co.uk/wcsstore/ExtendedSitesCatalogAssetStore/images/catalog/productImages/01/5014379004601/5014379004601_S.jpeg","full_url":"https://www.sainsburys.co.uk/shop/gb/groceries/product/details/budweiser-6x300ml","unit_price":{"price":3.47,"measure":"ltr","measure_amount":1},"retail_price":{"price":6.25,"measure":"unit"},"is_available":true,"promotions":[],"hfss_restriction":[{"country":"ENG","restricted":false,"hfss_category":"Out of scope or Product not in a legislative category","hfss_score":0,"last_change_date":"2022-09-23T11:46:38.427Z"},{"country":"SCT","restricted":false,"hfss_category":"Out of scope or Product not in a legislative category","hfss_score":0,"last_change_date":"2022-09-23T11:46:38.427Z"},{"country":"WLS","restricted":false,"hfss_category":"Out of scope or Product not in a legislative category","hfss_score":0,"last_change_date":"2022-09-23T11:46:38.427Z"},{"country":"NIR","restricted":false,"hfss_category":"Out of scope or Product not in a legislative category","hfss_score":0,"last_change_date":"2022-09-23T11:46:38.427Z"}],"not_for_eu":true,"associations":[],"is_alcoholic":true,"is_spotlight":false,"is_intolerant":false,"is_mhra":false,"badges":[],"labels":[],"zone":null,"department":null,"reviews":{"is_enabled":true,"product_uid":"6546181","total":48,"average_rating":4.3958},"breadcrumbs":[],"assets":{"plp_image":"https://assets.sainsburys-groceries.co.uk/gol/6546181/image.jpg","images":[],"video":[]},"description":[],"important_information":["The above details have been prepared to help you select suitable products. Products and their ingredients are liable to change.","\u003cstrong\u003eYou should always read the label before consuming or using the product and never rely solely on the information presented here.","If you require specific advice on any Sainsbury's branded product, please contact our Customer Careline on 0800 636262. For all other products, please contact the manufacturer, whose details will appear on the packaging or label. Sainsbury's is therefore unable to accept liability for any incorrect information.","You should also note that the picture / images show only our serving suggestions of how to serve or prepare your food – all accessories and additional items and/or ingredients pictured with the product you are purchasing are not included.","This information is supplied for your personal use only. It may not be reproduced in any way without the prior consent of Sainsbury's Supermarkets Ltd and due acknowledgement"],"attachments":[],"categories":[{"id":"560358","name":"Budweiser, Corona, Camden \u0026 Stella Artois"},{"id":"278253","name":"All lager"},{"id":"275894","name":"Multipack lager"},{"id":"318428","name":"All beer"},{"id":"410363","name":"Special offers"}],"attributes":{"brand":["Budweiser"]},"is_supply_chain_orderable":false,"display_icons":[],"pdp_deep_link":"/shop/ProductDisplay?storeId=10151\u0026langId=44\u0026productId=91086"},{"product_uid":"2016061","favourite_uid":null,"eans":["5010017051129","5010017109776","5010017083281","5010017059255","5010017049638","5010017083335","5014379008036"],"product_type":"BASIC","name":"Stella Artois Premium Lager Beer Cans 4x440ml","image":"https://www.sainsburys.co.uk/wcsstore/ExtendedSitesCatalogAssetStore/images/catalog/productImages/36/5014379008036/5014379008036_L.jpeg","image_zoom":null,"image_thumbnail":"https://www.sainsburys.co.uk/wcsstore/ExtendedSitesCatalogAssetStore/images/catalog/productImages/36/5014379008036/5014379008036_M.jpeg","image_thumbnail_small":"https://www.sainsburys.co.uk/wcsstore/ExtendedSitesCatalogAssetStore/images/catalog/productImages/36/5014379008036/5014379008036_S.jpeg","full_url":"https://www.sainsburys.co.uk/shop/gb/groceries/product/details/stella-artois-4x440ml","unit_price":{"price":3.13,"measure":"ltr","measure_amount":1},"retail_price":{"price":5.5,"measure":"unit"},"is_available":true,"promotions":[],"hfss_restriction":[{"country":"ENG","restricted":false,"hfss_category":"Out of scope or Product not in a legislative category","hfss_score":0,"last_change_date":"2022-09-23T11:46:38.666Z"},{"country":"SCT","restricted":false,"hfss_category":"Out of scope or Product not in a legislative category","hfss_score":0,"last_change_date":"2022-09-23T11:46:38.666Z"},{"country":"WLS","restricted":false,"hfss_category":"Out of scope or Product not in a legislative category","hfss_score":0,"last_change_date":"2022-09-23T11:46:38.666Z"},{"country":"NIR","restricted":false,"hfss_category":"Out of scope or Product not in a legislative category","hfss_score":0,"last_change_date":"2022-09-23T11:46:38.666Z"}],"associations":[],"is_alcoholic":true,"is_spotlight":false,"is_intolerant":false,"is_mhra":false,"badges":[],"labels":[],"zone":null,"department":null,"reviews":{"is_enabled":true,"product_uid":"2016061","total":95,"average_rating":3.1684},"breadcrumbs":[],"assets":{"plp_image":"https://assets.sainsburys-groceries.co.uk/gol/2016061/image.jpg","images":[],"video":[]},"description":[],"important_information":["The above details have been prepared to help you select suitable products. Products and their ingredients are liable to change.","\u003cstrong\u003eYou should always read the label before consuming or using the product and never rely solely on the information presented here.","If you require specific advice on any Sainsbury's branded product, please contact our Customer Careline on 0800 636262. For all other products, please contact the manufacturer, whose details will appear on the packaging or label. Sainsbury's is therefore unable to accept liability for any incorrect information.","You should also note that the picture / images show only our serving suggestions of how to serve or prepare your food – all accessories and additional items and/or ingredients pictured with the product you are purchasing are not included.","This information is supplied for your personal use only. It may not be reproduced in any way without the prior consent of Sainsbury's Supermarkets Ltd and due acknowledgement"],"attachments":[],"categories":[{"id":"560358","name":"Budweiser, Corona, Camden \u0026 Stella Artois"},{"id":"278253","name":"All lager"},{"id":"275894","name":"Multipack lager"},{"id":"318428","name":"All beer"}],"attributes":{"brand":["Stella Artois"]},"is_supply_chain_orderable":false,"display_icons":[],"pdp_deep_link":"/shop/ProductDisplay?storeId=10151\u0026langId=44\u0026productId=80564"},{"product_uid":"7985395","favourite_uid":null,"eans":["8712000053536"],"product_type":"BASIC","name":"Heineken 0.0 Alcohol Free Lager Beer 12x330ml","image":"https://www.sainsburys.co.uk/wcsstore/ExtendedSitesCatalogAssetStore/images/catalog/productImages/36/8712000053536/8712000053536_L.jpeg","image_zoom":null,"image_thumbnail":"https://www.sainsburys.co.uk/wcsstore/ExtendedSitesCatalogAssetStore/images/catalog/productImages/36/8712000053536/8712000053536_M.jpeg","image_thumbnail_small":"https://www.sainsburys.co.uk/wcsstore/ExtendedSitesCatalogAssetStore/images/catalog/productImages/36/8712000053536/8712000053536_S.jpeg","full_url":"https://www.sainsburys.co.uk/shop/gb/groceries/product/details/heineken-00-alcohol-free-beer-12x330ml","unit_price":{"price":2.53,"measure":"ltr","measure_amount":1},"retail_price":{"price":10,"measure":"unit"},"is_available":true,"promotions":[],"hfss_restriction":[{"country":"ENG","restricted":false,"hfss_category":"Out of scope or Product not in a legislative category","hfss_score":0,"last_change_date":"2022-09-20T19:08:55.557Z"},{"country":"SCT","restricted":false,"hfss_category":"Out of scope or Product not in a legislative category","hfss_score":0,"last_change_date":"2022-09-20T19:08:55.557Z"},{"country":"WLS","restricted":false,"hfss_category":"Out of scope or Product not in a legislative category","hfss_score":0,"last_change_date":"2022-09-20T19:08:55.557Z"},{"country":"NIR","restricted":false,"hfss_category":"Out of scope or Product not in a legislative category","hfss_score":0,"last_change_date":"2022-09-20T19:08:55.557Z"}],"not_for_eu":true,"associations":[],"is_alcoholic":true,"is_spotlight":false,"is_intolerant":false,"is_mhra":false,"badges":[],"labels":[],"zone":null,"department":null,"reviews":{"is_enabled":true,"product_uid":"7985395","total":120,"average_rating":4.425},"breadcrumbs":[],"assets":{"plp_image":"https://assets.sainsburys-groceries.co.uk/gol/7985395/image.jpg","images":[],"video":[]},"description":[],"important_information":["The above details have been prepared to help you select suitable products. Products and their ingredients are liable to change.","\u003cstrong\u003eYou should always read the label before consuming or using the product and never rely solely on the information presented here.","If you require specific advice on any Sainsbury's branded product, please contact our Customer Careline on 0800 636262. For all other products, please contact the manufacturer, whose details will appear on the packaging or label. Sainsbury's is therefore unable to accept liability for any incorrect information.","You should also note that the picture / images show only our serving suggestions of how to serve or prepare your food – all accessories and additional items and/or ingredients pictured with the product you are purchasing are not included.","This information is supplied for your personal use only. It may not be reproduced in any way without the prior consent of Sainsbury's Supermarkets Ltd and due acknowledgement"],"attachments":[],"categories":[{"id":"603852","name":"January refresh"},{"id":"594096","name":"Low \u0026 no alcohol"},{"id":"570358","name":"New Year New You"},{"id":"591354","name":"Birra Moretti, Foster's, Heineken and more"},{"id":"500353","name":"All low and no alcohol"},{"id":"488859","name":"Win with Heineken"},{"id":"556354","name":"Win with Heineken"},{"id":"610861","name":"Father's Day"},{"id":"614355","name":"Win with Heineken \u0026 Heineken 0.0"},{"id":"608358","name":"Heineken, Doritos and Pepsi Football snacks and drinks"},{"id":"511867","name":"Win UEFA Euro 2020 Semi-Final or Final Match"},{"id":"12267","name":"Low \u0026 no alcohol beer \u0026 cider"},{"id":"242801","name":"Special offers"},{"id":"318428","name":"All beer"},{"id":"410356","name":"Special offers"},{"id":"410380","name":"Special offers"},{"id":"434877","name":"Special offers"},{"id":"448450","name":"Halloween is coming"},{"id":"450352","name":"Christmas is coming"},{"id":"458860","name":"Special offers"},{"id":"458392","name":"No alcohol"},{"id":"454372","name":"Special offers"},{"id":"461881","name":"No alcohol"},{"id":"462356","name":"Special offers"},{"id":"462370","name":"Special offers"},{"id":"463855","name":"All low \u0026 no alcohol"}],"attributes":{"brand":["Heineken"]},"is_supply_chain_orderable":false,"display_icons":[],"pdp_deep_link":"/shop/ProductDisplay?storeId=10151\u0026langId=44\u0026productId=1359336"},{"product_uid":"8012843","favourite_uid":null,"eans":["5014379002096","5014379012972"],"product_type":"BASIC","name":"Stella Artois Premium Lager Beer Bottles 12x330ml","image":"https://www.sainsburys.co.uk/wcsstore/ExtendedSitesCatalogAssetStore/images/catalog/productImages/72/5014379012972/5014379012972_L.jpeg","image_zoom":null,"image_thumbnail":"https://www.sainsburys.co.uk/wcsstore/ExtendedSitesCatalogAssetStore/images/catalog/productImages/72/5014379012972/5014379012972_M.jpeg","image_thumbnail_small":"https://www.sainsburys.co.uk/wcsstore/ExtendedSitesCatalogAssetStore/images/catalog/productImages/72/5014379012972/5014379012972_S.jpeg","full_url":"https://www.sainsburys.co.uk/shop/gb/groceries/product/details/stella-artois-lager-beer-bottles-12x330ml","unit_price":{"price":3.03,"measure":"ltr","measure_amount":1},"retail_price":{"price":10,"measure":"unit"},"nectar_price":{"retail_price":10,"unit_price":2.52,"measure":"unit","url":"https://www.sainsburys.co.uk/shop/gb/groceries/new---trending/nectar-prices","category_seo_url":"gb/groceries/new---trending/nectar-prices"},"is_available":true,"promotions":[{"promotion_uid":"10642683","icon":"https://www.sainsburys.co.uk/wcsstore/Sainsburys/Promotion assets/Promotion icons/Buy_X_For_Y_Amt_S_Icon.gif","link":"/shop/PromotionDisplayView?promotionId=10642683\u0026productId=1342776\u0026langId=44\u0026storeId=10151","strap_line":"Buy 1 for 10","start_date":"2024-09-17T23:00:00Z","end_date":"2024-10-07T23:00:00Z","original_price":12,"promo_mechanic_id":"99","is_nectar":true,"promo_type":"SIMPLE_FIXED_PRICE","promo_group":"simple"}],"hfss_restriction":[{"country":"ENG","restricted":false,"hfss_category":"Out of scope or Product not in a legislative category","hfss_score":0,"last_change_date":"2022-09-23T11:46:38.442Z"},{"country":"SCT","restricted":false,"hfss_category":"Out of scope or Product not in a legislative category","hfss_score":0,"last_change_date":"2022-09-23T11:46:38.442Z"},{"country":"WLS","restricted":false,"hfss_category":"Out of scope or Product not in a legislative category","hfss_score":0,"last_change_date":"2022-09-23T11:46:38.442Z"},{"country":"NIR","restricted":false,"hfss_category":"Out of scope or Product not in a legislative category","hfss_score":0,"last_change_date":"2022-09-23T11:46:38.442Z"}],"not_for_eu":true,"associations":[],"is_alcoholic":true,"is_spotlight":false,"is_intolerant":false,"is_mhra":false,"badges":[],"labels":[],"zone":null,"department":null,"reviews":{"is_enabled":true,"product_uid":"8012843","total":95,"average_rating":3.1684},"breadcrumbs":[],"assets":{"plp_image":"https://assets.sainsburys-groceries.co.uk/gol/8012843/image.jpg","images":[],"video":[]},"description":[],"important_information":["The above details have been prepared to help you select suitable products. Products and their ingredients are liable to change.","\u003cstrong\u003eYou should always read the label before consuming or using the product and never rely solely on the information presented here.","If you require specific advice on any Sainsbury's branded product, please contact our Customer Careline on 0800 636262. For all other products, please contact the manufacturer, whose details will appear on the packaging or label. Sainsbury's is therefore unable to accept liability for any incorrect information.","You should also note that the picture / images show only our serving suggestions of how to serve or prepare your food – all accessories and additional items and/or ingredients pictured with the product you are purchasing are not included.","This information is supplied for your personal use only. It may not be reproduced in any way without the prior consent of Sainsbury's Supermarkets Ltd and due acknowledgement"],"attachments":[],"categories":[{"id":"594093","name":"Beer \u0026 cider"},{"id":"560358","name":"Budweiser, Corona, Camden \u0026 Stella Artois"},{"id":"242801","name":"Special offers"},{"id":"278253","name":"All lager"},{"id":"275894","name":"Multipack lager"},{"id":"318428","name":"All beer"},{"id":"410356","name":"Special offers"},{"id":"410380","name":"Special offers"},{"id":"462356","name":"Special offers"}],"header":{"text":"Nectar price","type":"NECTAR"},"attributes":{"brand":["Stella Artois"]},"is_supply_chain_orderable":false,"display_icons":[],"pdp_deep_link":"/shop/ProductDisplay?storeId=10151\u0026langId=44\u0026productId=1342776"},{"product_uid":"7893295","favourite_uid":null,"eans":["0000000309530"],"product_type":"BASIC","name":"Sainsbury's American IPA, Taste the Difference 500ml","image":"https://www.sainsburys.co.uk/wcsstore/ExtendedSitesCatalogAssetStore/images/catalog/productImages/30/0000000309530/0000000309530_L.jpeg","image_zoom":null,"image_thumbnail":"https://www.sainsburys.co.uk/wcsstore/ExtendedSitesCatalogAssetStore/images/catalog/productImages/30/0000000309530/0000000309530_M.jpeg","image_thumbnail_small":"https://www.sainsburys.co.uk/wcsstore/ExtendedSitesCatalogAssetStore/images/catalog/productImages/30/0000000309530/0000000309530_S.jpeg","full_url":"https://www.sainsburys.co.uk/shop/gb/groceries/product/details/sainsburys-american-ipa-taste-the-difference-500ml","unit_price":{"price":4.2,"measure":"ltr","measure_amount":1},"retail_price":{"price":2.1,"measure":"unit"},"is_available":true,"promotions":[{"promotion_uid":"10650144","icon":"https://www.sainsburys.co.uk/wcsstore/Sainsburys/Promotion assets/Promotion icons/Buy_X_For_Y_Amt_S_Icon.gif","link":"/shop/PromotionDisplayView?promotionId=10650144\u0026productId=1185838\u0026langId=44\u0026storeId=10151","strap_line":"Buy any 4 for £7.00 with Nectar","start_date":"2024-09-17T23:00:00Z","end_date":"2024-11-15T00:00:00Z","original_price":0,"promo_mechanic_id":"14","is_nectar":true,"promo_type":"MULTIBUY_BUY_X_OF_VARIABLE_PRICE_FOR_Y","promo_group":"multi_buy"}],"hfss_restriction":[{"country":"ENG","restricted":false,"hfss_category":"Out of scope or Product not in a legislative category","hfss_score":0,"last_change_date":"2022-09-23T11:46:23.722Z"},{"country":"SCT","restricted":false,"hfss_category":"Out of scope or Product not in a legislative category","hfss_score":0,"last_change_date":"2022-09-23T11:46:23.722Z"},{"country":"WLS","restricted":false,"hfss_category":"Out of scope or Product not in a legislative category","hfss_score":0,"last_change_date":"2022-09-23T11:46:23.722Z"},{"country":"NIR","restricted":false,"hfss_category":"Out of scope or Product not in a legislative category","hfss_score":0,"last_change_date":"2022-09-23T11:46:23.722Z"}],"not_for_eu":true,"associations":[],"is_alcoholic":true,"is_spotlight":false,"is_intolerant":false,"is_mhra":false,"badges":[],"labels":[],"zone":null,"department":null,"reviews":{"is_enabled":true,"product_uid":"7893295","total":45,"average_rating":3.9333},"breadcrumbs":[],"assets":{"plp_image":"https://assets.sainsburys-groceries.co.uk/gol/7893295/image.jpg","images":[],"video":[]},"description":[],"important_information":["The above details have been prepared to help you select suitable products. Products and their ingredients are liable to change.","\u003cstrong\u003eYou should always read the label before consuming or using the product and never rely solely on the information presented here.","If you require specific advice on any Sainsbury's branded product, please contact our Customer Careline on 0800 636262. For all other products, please contact the manufacturer, whose details will appear on the packaging or label. Sainsbury's is therefore unable to accept liability for any incorrect information.","You should also note that the picture / images show only our serving suggestions of how to serve or prepare your food – all accessories and additional items and/or ingredients pictured with the product you are purchasing are not included.","This information is supplied for your personal use only. It may not be reproduced in any way without the prior consent of Sainsbury's Supermarkets Ltd and due acknowledgement"],"attachments":[],"categories":[{"id":"489872","name":"Low everyday prices"},{"id":"506355","name":"Ale \u0026 stout"},{"id":"506368","name":"Taste the difference"},{"id":"242801","name":"Special offers"},{"id":"318428","name":"All beer"},{"id":"410356","name":"Special offers"},{"id":"478361","name":"Pub food \u0026 drink"}],"attributes":{"brand":["Taste the Difference","Sainsbury's"]},"is_supply_chain_orderable":false,"display_icons":[],"pdp_deep_link":"/shop/ProductDisplay?storeId=10151\u0026langId=44\u0026productId=1185838"},{"product_uid":"3422533","favourite_uid":null,"eans":["5010548003765","5010548001860"],"product_type":"BASIC","name":"Badger The Blandford Fly Ale 500ml","image":"https://www.sainsburys.co.uk/wcsstore/ExtendedSitesCatalogAssetStore/images/catalog/productImages/65/5010548003765/5010548003765_L.jpeg","image_zoom":null,"image_thumbnail":"https://www.sainsburys.co.uk/wcsstore/ExtendedSitesCatalogAssetStore/images/catalog/productImages/65/5010548003765/5010548003765_M.jpeg","image_thumbnail_small":"https://www.sainsburys.co.uk/wcsstore/ExtendedSitesCatalogAssetStore/images/catalog/productImages/65/5010548003765/5010548003765_S.jpeg","full_url":"https://www.sainsburys.co.uk/shop/gb/groceries/product/details/badger-blandford-flyer-ale-500ml","unit_price":{"price":4.2,"measure":"ltr","measure_amount":1},"retail_price":{"price":2.1,"measure":"unit"},"is_available":true,"promotions":[{"promotion_uid":"10650144","icon":"https://www.sainsburys.co.uk/wcsstore/Sainsburys/Promotion assets/Promotion icons/Buy_X_For_Y_Amt_S_Icon.gif","link":"/shop/PromotionDisplayView?promotionId=10650144\u0026productId=83206\u0026langId=44\u0026storeId=10151","strap_line":"Buy any 4 for £7.00 with Nectar","start_date":"2024-09-17T23:00:00Z","end_date":"2024-11-15T00:00:00Z","original_price":0,"promo_mechanic_id":"14","is_nectar":true,"promo_type":"MULTIBUY_BUY_X_OF_VARIABLE_PRICE_FOR_Y","promo_group":"multi_buy"}],"hfss_restriction":[{"country":"ENG","restricted":false,"hfss_category":"Out of scope or Product not in a legislative category","hfss_score":0,"last_change_date":"2022-09-23T11:46:35.036Z"},{"country":"SCT","restricted":false,"hfss_category":"Out of scope or Product not in a legislative category","hfss_score":0,"last_change_date":"2022-09-23T11:46:35.036Z"},{"country":"WLS","restricted":false,"hfss_category":"Out of scope or Product not in a legislative category","hfss_score":0,"last_change_date":"2022-09-23T11:46:35.036Z"},{"country":"NIR","restricted":false,"hfss_category":"Out of scope or Product not in a legislative category","hfss_score":0,"last_change_date":"2022-09-23T11:46:35.036Z"}],"not_for_eu":true,"associations":[],"is_alcoholic":true,"is_spotlight":false,"is_intolerant":false,"is_mhra":false,"badges":[],"labels":[],"zone":null,"department":null,"reviews":{"is_enabled":true,"product_uid":"3422533","total":14,"average_rating":3.9286},"breadcrumbs":[],"assets":{"plp_image":"https://assets.sainsburys-groceries.co.uk/gol/3422533/image.jpg","images":[],"video":[]},"description":[],"important_information":["The above details have been prepared to help you select suitable products. Products and their ingredients are liable to change.","\u003cstrong\u003eYou should always read the label before consuming or using the product and never rely solely on the information presented here.","If you require specific advice on any Sainsbury's branded product, please contact our Customer Careline on 0800 636262. For all other products, please contact the manufacturer, whose details will appear on the packaging or label. Sainsbury's is therefore unable to accept liability for any incorrect information.","You should also note that the picture / images show only our serving suggestions of how to serve or prepare your food – all accessories and additional items and/or ingredients pictured with the product you are purchasing are not included.","This information is supplied for your personal use only. It may not be reproduced in any way without the prior consent of Sainsbury's Supermarkets Ltd and due acknowledgement"],"attachments":[],"categories":[{"id":"506355","name":"Ale \u0026 stout"},{"id":"489872","name":"Low everyday prices"},{"id":"242801","name":"Special offers"},{"id":"318428","name":"All beer"},{"id":"410356","name":"Special offers"},{"id":"417391","name":"Price lockdown"}],"attributes":{"brand":["Badger"]},"is_supply_chain_orderable":false,"display_icons":[],"pdp_deep_link":"/shop/ProductDisplay?storeId=10151\u0026langId=44\u0026productId=83206"},{"product_uid":"7940113","favourite_uid":null,"eans":["8008440249272","8008440246066"],"product_type":"BASIC","name":"Asahi Super Dry Beer Lager Bottle 620ml","image":"https://www.sainsburys.co.uk/wcsstore/ExtendedSitesCatalogAssetStore/images/catalog/productImages/66/8008440246066/8008440246066_L.jpeg","image_zoom":null,"image_thumbnail":"https://www.sainsburys.co.uk/wcsstore/ExtendedSitesCatalogAssetStore/images/catalog/productImages/66/8008440246066/8008440246066_M.jpeg","image_thumbnail_small":"https://www.sainsburys.co.uk/wcsstore/ExtendedSitesCatalogAssetStore/images/catalog/productImages/66/8008440246066/8008440246066_S.jpeg","full_url":"https://www.sainsburys.co.uk/shop/gb/groceries/product/details/asahi-super-dry-620ml","unit_price":{"price":4.44,"measure":"ltr","measure_amount":1},"retail_price":{"price":2.75,"measure":"unit"},"is_available":true,"promotions":[{"promotion_uid":"10650156","icon":"https://www.sainsburys.co.uk/wcsstore/Sainsburys/Promotion assets/Promotion icons/Buy_X_For_Y_Amt_S_Icon.gif","link":"/shop/PromotionDisplayView?promotionId=10650156\u0026productId=1250550\u0026langId=44\u0026storeId=10151","strap_line":"Buy any 3 for £6.00 with Nectar","start_date":"2024-09-17T23:00:00Z","end_date":"2024-11-15T00:00:00Z","original_price":0,"promo_mechanic_id":"14","is_nectar":true,"promo_type":"MULTIBUY_BUY_X_OF_VARIABLE_PRICE_FOR_Y","promo_group":"multi_buy"}],"hfss_restriction":[{"country":"ENG","restricted":false,"hfss_category":"Out of scope or Product not in a legislative category","hfss_score":0,"last_change_date":"2022-09-26T13:40:30.062Z"},{"country":"SCT","restricted":false,"hfss_category":"Out of scope or Product not in a legislative category","hfss_score":0,"last_change_date":"2022-09-26T13:40:30.062Z"},{"country":"WLS","restricted":false,"hfss_category":"Out of scope or Product not in a legislative category","hfss_score":0,"last_change_date":"2022-09-26T13:40:30.062Z"},{"country":"NIR","restricted":false,"hfss_category":"Out of scope or Product not in a legislative category","hfss_score":0,"last_change_date":"2022-09-26T13:40:30.062Z"}],"not_for_eu":true,"associations":[],"is_alcoholic":true,"is_spotlight":false,"is_intolerant":false,"is_mhra":false,"badges":[],"labels":[],"zone":null,"department":null,"reviews":{"is_enabled":true,"product_uid":"7940113","total":102,"average_rating":4.6961},"breadcrumbs":[],"assets":{"plp_image":"https://assets.sainsburys-groceries.co.uk/gol/7940113/image.jpg","images":[],"video":[]},"description":[],"important_information":["The above details have been prepared to help you select suitable products. Products and their ingredients are liable to change.","\u003cstrong\u003eYou should always read the label before consuming or using the product and never rely solely on the information presented here.","If you require specific advice on any Sainsbury's branded product, please contact our Customer Careline on 0800 636262. For all other products, please contact the manufacturer, whose details will appear on the packaging or label. Sainsbury's is therefore unable to accept liability for any incorrect information.","You should also note that the picture / images show only our serving suggestions of how to serve or prepare your food – all accessories and additional items and/or ingredients pictured with the product you are purchasing are not included.","This information is supplied for your personal use only. It may not be reproduced in any way without the prior consent of Sainsbury's Supermarkets Ltd and due acknowledgement"],"attachments":[],"categories":[{"id":"242801","name":"Special offers"},{"id":"278253","name":"All lager"},{"id":"275896","name":"World lager"},{"id":"318428","name":"All beer"},{"id":"410356","name":"Special offers"}],"attributes":{"brand":["Asahi"]},"is_supply_chain_orderable":false,"display_icons":[],"pdp_deep_link":"/shop/ProductDisplay?storeId=10151\u0026langId=44\u0026productId=1250550"},{"product_uid":"7757209","favourite_uid":null,"eans":["5060031051810"],"product_type":"BASIC","name":"Sharp's Doom Bar Amber Ale 6x500ml","image":"https://www.sainsburys.co.uk/wcsstore/ExtendedSitesCatalogAssetStore/images/catalog/productImages/10/5060031051810/5060031051810_L.jpeg","image_zoom":null,"image_thumbnail":"https://www.sainsburys.co.uk/wcsstore/ExtendedSitesCatalogAssetStore/images/catalog/productImages/10/5060031051810/5060031051810_M.jpeg","image_thumbnail_small":"https://www.sainsburys.co.uk/wcsstore/ExtendedSitesCatalogAssetStore/images/catalog/productImages/10/5060031051810/5060031051810_S.jpeg","full_url":"https://www.sainsburys.co.uk/shop/gb/groceries/product/details/sharps-doom-bar-amber-ale-6x500ml","unit_price":{"price":3.67,"measure":"ltr","measure_amount":1},"retail_price":{"price":11,"measure":"unit"},"is_available":true,"promotions":[],"hfss_restriction":[{"country":"ENG","restricted":false,"hfss_category":"Out of scope or Product not in a legislative category","hfss_score":0,"last_change_date":"2022-09-23T11:46:19.001Z"},{"country":"SCT","restricted":false,"hfss_category":"Out of scope or Product not in a legislative category","hfss_score":0,"last_change_date":"2022-09-23T11:46:19.001Z"},{"country":"WLS","restricted":false,"hfss_category":"Out of scope or Product not in a legislative category","hfss_score":0,"last_change_date":"2022-09-23T11:46:19.001Z"},{"country":"NIR","restricted":false,"hfss_category":"Out of scope or Product not in a legislative category","hfss_score":0,"last_change_date":"2022-09-23T11:46:19.001Z"}],"associations":[],"is_alcoholic":true,"is_spotlight":false,"is_intolerant":false,"is_mhra":false,"badges":[],"labels":[],"zone":null,"department":null,"reviews":{"is_enabled":true,"product_uid":"7757209","total":15,"average_rating":4.5333},"breadcrumbs":[],"assets":{"plp_image":"https://assets.sainsburys-groceries.co.uk/gol/7757209/image.jpg","images":[],"video":[]},"description":[],"important_information":["The above details have been prepared to help you select suitable products. Products and their ingredients are liable to change.","\u003cstrong\u003eYou should always read the label before consuming or using the product and never rely solely on the information presented here.","If you require specific advice on any Sainsbury's branded product, please contact our Customer Careline on 0800 636262. For all other products, please contact the manufacturer, whose details will appear on the packaging or label. Sainsbury's is therefore unable to accept liability for any incorrect information.","You should also note that the picture / images show only our serving suggestions of how to serve or prepare your food – all accessories and additional items and/or ingredients pictured with the product you are purchasing are not included.","This information is supplied for your personal use only. It may not be reproduced in any way without the prior consent of Sainsbury's Supermarkets Ltd and due acknowledgement"],"attachments":[],"categories":[{"id":"533854","name":"Autumn Flavours"},{"id":"506355","name":"Ale \u0026 stout"},{"id":"12260","name":"World beer"},{"id":"318428","name":"All beer"}],"attributes":{"brand":["Doom Bar"]},"is_supply_chain_orderable":false,"display_icons":[],"pdp_deep_link":"/shop/ProductDisplay?storeId=10151\u0026langId=44\u0026productId=921678"},{"product_uid":"2829890","favourite_uid":null,"eans":["5011885003647","5011885002251"],"product_type":"BASIC","name":"Fuller's London Pride 4.7% Amber Ale Beer Bottle 500ml","image":"https://www.sainsburys.co.uk/wcsstore/ExtendedSitesCatalogAssetStore/images/catalog/productImages/47/5011885003647/5011885003647_L.jpeg","image_zoom":null,"image_thumbnail":"https://www.sainsburys.co.uk/wcsstore/ExtendedSitesCatalogAssetStore/images/catalog/productImages/47/5011885003647/5011885003647_M.jpeg","image_thumbnail_small":"https://www.sainsburys.co.uk/wcsstore/ExtendedSitesCatalogAssetStore/images/catalog/productImages/47/5011885003647/5011885003647_S.jpeg","full_url":"https://www.sainsburys.co.uk/shop/gb/groceries/product/details/london-pride-ale--bottle-500ml","unit_price":{"price":4.8,"measure":"ltr","measure_amount":1},"retail_price":{"price":2.4,"measure":"unit"},"is_available":true,"promotions":[{"promotion_uid":"10650144","icon":"https://www.sainsburys.co.uk/wcsstore/Sainsburys/Promotion assets/Promotion icons/Buy_X_For_Y_Amt_S_Icon.gif","link":"/shop/PromotionDisplayView?promotionId=10650144\u0026productId=81874\u0026langId=44\u0026storeId=10151","strap_line":"Buy any 4 for £7.00 with Nectar","start_date":"2024-09-17T23:00:00Z","end_date":"2024-11-15T00:00:00Z","original_price":0,"promo_mechanic_id":"14","is_nectar":true,"promo_type":"MULTIBUY_BUY_X_OF_VARIABLE_PRICE_FOR_Y","promo_group":"multi_buy"}],"hfss_restriction":[{"country":"ENG","restricted":false,"hfss_category":"Out of scope or Product not in a legislative category","hfss_score":0,"last_change_date":"2022-09-23T11:46:25.479Z"},{"country":"SCT","restricted":false,"hfss_category":"Out of scope or Product not in a legislative category","hfss_score":0,"last_change_date":"2022-09-23T11:46:25.479Z"},{"country":"WLS","restricted":false,"hfss_category":"Out of scope or Product not in a legislative category","hfss_score":0,"last_change_date":"2022-09-23T11:46:25.479Z"},{"country":"NIR","restricted":false,"hfss_category":"Out of scope or Product not in a legislative category","hfss_score":0,"last_change_date":"2022-09-23T11:46:25.479Z"}],"not_for_eu":true,"associations":[],"is_alcoholic":true,"is_spotlight":false,"is_intolerant":false,"is_mhra":false,"badges":[],"labels":[],"zone":null,"department":null,"reviews":{"is_enabled":true,"product_uid":"2829890","total":13,"average_rating":4.5385},"breadcrumbs":[],"assets":{"plp_image":"https://assets.sainsburys-groceries.co.uk/gol/2829890/image.jpg","images":[],"video":[]},"description":[],"important_information":["The above details have been prepared to help you select suitable products. Products and their ingredients are liable to change.","\u003cstrong\u003eYou should always read the label before consuming or using the product and never rely solely on the information presented here.","If you require specific advice on any Sainsbury's branded product, please contact our Customer Careline on 0800 636262. For all other products, please contact the manufacturer, whose details will appear on the packaging or label. Sainsbury's is therefore unable to accept liability for any incorrect information.","You should also note that the picture / images show only our serving suggestions of how to serve or prepare your food – all accessories and additional items and/or ingredients pictured with the product you are purchasing are not included.","This information is supplied for your personal use only. It may not be reproduced in any way without the prior consent of Sainsbury's Supermarkets Ltd and due acknowledgement"],"attachments":[],"categories":[{"id":"606856","name":"Win with London Pride"},{"id":"575352","name":"London Pride"},{"id":"506355","name":"Ale \u0026 stout"},{"id":"561860","name":"London Pride"},{"id":"242801","name":"Special offers"},{"id":"318428","name":"All beer"},{"id":"410356","name":"Special offers"}],"attributes":{"brand":["Fuller's"]},"is_supply_chain_orderable":false,"display_icons":[],"pdp_deep_link":"/shop/ProductDisplay?storeId=10151\u0026langId=44\u0026productId=81874"},{"product_uid":"7691861","favourite_uid":null,"eans":["8410793282965"],"product_type":"BASIC","name":"Estrella Damm Lager Spanish Beer Bottle 660ml","image":"https://www.sainsburys.co.uk/wcsstore/ExtendedSitesCatalogAssetStore/images/catalog/productImages/65/8410793282965/8410793282965_L.jpeg","image_zoom":null,"image_thumbnail":"https://www.sainsburys.co.uk/wcsstore/ExtendedSitesCatalogAssetStore/images/catalog/productImages/65/8410793282965/8410793282965_M.jpeg","image_thumbnail_small":"https://www.sainsburys.co.uk/wcsstore/ExtendedSitesCatalogAssetStore/images/catalog/productImages/65/8410793282965/8410793282965_S.jpeg","full_url":"https://www.sainsburys.co.uk/shop/gb/groceries/product/details/estrella-damm-660ml","unit_price":{"price":4.17,"measure":"ltr","measure_amount":1},"retail_price":{"price":2.75,"measure":"unit"},"is_available":true,"promotions":[{"promotion_uid":"10650156","icon":"https://www.sainsburys.co.uk/wcsstore/Sainsburys/Promotion assets/Promotion icons/Buy_X_For_Y_Amt_S_Icon.gif","link":"/shop/PromotionDisplayView?promotionId=10650156\u0026productId=609822\u0026langId=44\u0026storeId=10151","strap_line":"Buy any 3 for £6.00 with Nectar","start_date":"2024-09-17T23:00:00Z","end_date":"2024-11-15T00:00:00Z","original_price":0,"promo_mechanic_id":"14","is_nectar":true,"promo_type":"MULTIBUY_BUY_X_OF_VARIABLE_PRICE_FOR_Y","promo_group":"multi_buy"}],"hfss_restriction":[{"country":"ENG","restricted":false,"hfss_category":"Out of scope or Product not in a legislative category","hfss_score":0,"last_change_date":"2023-01-25T14:52:05Z"},{"country":"SCT","restricted":false,"hfss_category":"Out of scope or Product not in a legislative category","hfss_score":0,"last_change_date":"2023-01-25T14:52:05Z"},{"country":"WLS","restricted":false,"hfss_category":"Out of scope or Product not in a legislative category","hfss_score":0,"last_change_date":"2023-01-25T14:52:05Z"},{"country":"NIR","restricted":false,"hfss_category":"Out of scope or Product not in a legislative category","hfss_score":0,"last_change_date":"2023-01-25T14:52:05Z"}],"not_for_eu":true,"associations":[],"is_alcoholic":true,"is_spotlight":false,"is_intolerant":false,"is_mhra":false,"badges":[],"labels":[],"zone":null,"department":null,"reviews":{"is_enabled":true,"product_uid":"7691861","total":72,"average_rating":4.5972},"breadcrumbs":[],"assets":{"plp_image":"https://assets.sainsburys-groceries.co.uk/gol/7691861/image.jpg","images":[],"video":[]},"description":[],"important_information":["The above details have been prepared to help you select suitable products. Products and their ingredients are liable to change.","\u003cstrong\u003eYou should always read the label before consuming or using the product and never rely solely on the information presented here.","If you require specific advice on any Sainsbury's branded product, please contact our Customer Careline on 0800 636262. For all other products, please contact the manufacturer, whose details will appear on the packaging or label. Sainsbury's is therefore unable to accept liability for any incorrect information.","You should also note that the picture / images show only our serving suggestions of how to serve or prepare your food – all accessories and additional items and/or ingredients pictured with the product you are purchasing are not included.","This information is supplied for your personal use only. It may not be reproduced in any way without the prior consent of Sainsbury's Supermarkets Ltd and due acknowledgement"],"attachments":[],"categories":[{"id":"12260","name":"World beer"},{"id":"242801","name":"Special offers"},{"id":"278253","name":"All lager"},{"id":"275896","name":"World lager"},{"id":"275897","name":"Single bottles"},{"id":"318428","name":"All beer"},{"id":"410356","name":"Special offers"},{"id":"410363","name":"Special offers"}],"attributes":{"brand":["Estrella Damm"]},"is_supply_chain_orderable":false,"display_icons":[],"pdp_deep_link":"/shop/ProductDisplay?storeId=10151\u0026langId=44\u0026productId=609822"},{"product_uid":"7862208","favourite_uid":null,"eans":["1212131415168","5010017109233","5014379012866"],"product_type":"BASIC","name":"Stella Artois Premium Lager Beer Cans 10x440ml","image":"https://www.sainsburys.co.uk/wcsstore/ExtendedSitesCatalogAssetStore/images/catalog/productImages/66/5014379012866/5014379012866_L.jpeg","image_zoom":null,"image_thumbnail":"https://www.sainsburys.co.uk/wcsstore/ExtendedSitesCatalogAssetStore/images/catalog/productImages/66/5014379012866/5014379012866_M.jpeg","image_thumbnail_small":"https://www.sainsburys.co.uk/wcsstore/ExtendedSitesCatalogAssetStore/images/catalog/productImages/66/5014379012866/5014379012866_S.jpeg","full_url":"https://www.sainsburys.co.uk/shop/gb/groceries/product/details/stella-artois-lager-10x440ml","unit_price":{"price":2.73,"measure":"ltr","measure_amount":1},"retail_price":{"price":12,"measure":"unit"},"is_available":true,"promotions":[],"hfss_restriction":[{"country":"ENG","restricted":false,"hfss_category":"Out of scope or Product not in a legislative category","hfss_score":0,"last_change_date":"2022-09-23T11:46:38.680Z"},{"country":"SCT","restricted":false,"hfss_category":"Out of scope or Product not in a legislative category","hfss_score":0,"last_change_date":"2022-09-23T11:46:38.680Z"},{"country":"WLS","restricted":false,"hfss_category":"Out of scope or Product not in a legislative category","hfss_score":0,"last_change_date":"2022-09-23T11:46:38.680Z"},{"country":"NIR","restricted":false,"hfss_category":"Out of scope or Product not in a legislative category","hfss_score":0,"last_change_date":"2022-09-23T11:46:38.680Z"}],"not_for_eu":true,"associations":[],"is_alcoholic":true,"is_spotlight":false,"is_intolerant":false,"is_mhra":false,"badges":[],"labels":[],"zone":null,"department":null,"reviews":{"is_enabled":true,"product_uid":"7862208","total":95,"average_rating":3.1684},"breadcrumbs":[],"assets":{"plp_image":"https://assets.sainsburys-groceries.co.uk/gol/7862208/image.jpg","images":[],"video":[]},"description":[],"important_information":["The above details have been prepared to help you select suitable products. Products and their ingredients are liable to change.","\u003cstrong\u003eYou should always read the label before consuming or using the product and never rely solely on the information presented here.","If you require specific advice on any Sainsbury's branded product, please contact our Customer Careline on 0800 636262. For all other products, please contact the manufacturer, whose details will appear on the packaging or label. Sainsbury's is therefore unable to accept liability for any incorrect information.","You should also note that the picture / images show only our serving suggestions of how to serve or prepare your food – all accessories and additional items and/or ingredients pictured with the product you are purchasing are not included.","This information is supplied for your personal use only. It may not be reproduced in any way without the prior consent of Sainsbury's Supermarkets Ltd and due acknowledgement"],"attachments":[],"categories":[{"id":"603866","name":"Special offers"},{"id":"560358","name":"Budweiser, Corona, Camden \u0026 Stella Artois"},{"id":"610854","name":"Beer, Wine \u0026 Spirits"},{"id":"610860","name":"Offers"},{"id":"511357","name":"Summer of sport"},{"id":"242801","name":"Special offers"},{"id":"318428","name":"All beer"},{"id":"410356","name":"Special offers"},{"id":"410369","name":"Special offers"},{"id":"432368","name":"Special offers"},{"id":"434877","name":"Special offers"}],"attributes":{"brand":["Stella Artois"]},"is_supply_chain_orderable":false,"display_icons":[],"pdp_deep_link":"/shop/ProductDisplay?storeId=10151\u0026langId=44\u0026productId=1133420"},{"product_uid":"8068848","favourite_uid":null,"eans":["5035766064008"],"product_type":"BASIC","name":"Birra Moretti Lager Beer Bottle 18x330ml","image":"https://www.sainsburys.co.uk/wcsstore/ExtendedSitesCatalogAssetStore/images/catalog/productImages/08/5035766064008/5035766064008_L.jpeg","image_zoom":null,"image_thumbnail":"https://www.sainsburys.co.uk/wcsstore/ExtendedSitesCatalogAssetStore/images/catalog/productImages/08/5035766064008/5035766064008_M.jpeg","image_thumbnail_small":"https://www.sainsburys.co.uk/wcsstore/ExtendedSitesCatalogAssetStore/images/catalog/productImages/08/5035766064008/5035766064008_S.jpeg","full_url":"https://www.sainsburys.co.uk/shop/gb/groceries/product/details/birra-moretti-lager-beer-bottle-18x330ml","unit_price":{"price":3.87,"measure":"ltr","measure_amount":1},"retail_price":{"price":20,"measure":"unit"},"nectar_price":{"retail_price":20,"unit_price":3.37,"measure":"unit","url":"https://www.sainsburys.co.uk/shop/gb/groceries/new---trending/nectar-prices","category_seo_url":"gb/groceries/new---trending/nectar-prices"},"is_available":true,"promotions":[{"promotion_uid":"10643119","icon":"https://www.sainsburys.co.uk/wcsstore/Sainsburys/Promotion assets/Promotion icons/Buy_X_For_Y_Amt_S_Icon.gif","link":"/shop/PromotionDisplayView?promotionId=10643119\u0026productId=1403268\u0026langId=44\u0026storeId=10151","strap_line":"Buy 1 for 20","start_date":"2024-09-17T23:00:00Z","end_date":"2024-10-07T23:00:00Z","original_price":23,"promo_mechanic_id":"99","is_nectar":true,"promo_type":"SIMPLE_FIXED_PRICE","promo_group":"simple"}],"hfss_restriction":[{"country":"ENG","restricted":false,"hfss_category":"Out of scope or Product not in a legislative category","hfss_score":0,"last_change_date":"2022-09-23T11:46:36.325Z"},{"country":"SCT","restricted":false,"hfss_category":"Out of scope or Product not in a legislative category","hfss_score":0,"last_change_date":"2022-09-23T11:46:36.325Z"},{"country":"WLS","restricted":false,"hfss_category":"Out of scope or Product not in a legislative category","hfss_score":0,"last_change_date":"2022-09-23T11:46:36.325Z"},{"country":"NIR","restricted":false,"hfss_category":"Out of scope or Product not in a legislative category","hfss_score":0,"last_change_date":"2022-09-23T11:46:36.325Z"}],"sponsored_locations":["Great offer","ZoneLanding Espot"],"not_for_eu":true,"associations":[],"is_alcoholic":true,"is_spotlight":false,"is_intolerant":false,"is_mhra":false,"badges":[],"labels":[],"zone":null,"department":null,"reviews":{"is_enabled":true,"product_uid":"8068848","total":73,"average_rating":4.1096},"breadcrumbs":[],"assets":{"plp_image":"https://assets.sainsburys-groceries.co.uk/gol/8068848/image.jpg","images":[],"video":[]},"description":[],"important_information":["The above details have been prepared to help you select suitable products. Products and their ingredients are liable to change.","\u003cstrong\u003eYou should always read the label before consuming or using the product and never rely solely on the information presented here.","If you require specific advice on any Sainsbury's branded product, please contact our Customer Careline on 0800 636262. For all other products, please contact the manufacturer, whose details will appear on the packaging or label. Sainsbury's is therefore unable to accept liability for any incorrect information.","You should also note that the picture / images show only our serving suggestions of how to serve or prepare your food – all accessories and additional items and/or ingredients pictured with the product you are purchasing are not included.","This information is supplied for your personal use only. It may not be reproduced in any way without the prior consent of Sainsbury's Supermarkets Ltd and due acknowledgement"],"attachments":[],"categories":[{"id":"594093","name":"Beer \u0026 cider"},{"id":"594094","name":"Bigger packs"},{"id":"591354","name":"Birra Moretti, Foster's, Heineken and more"},{"id":"478380","name":"Bigger packs"},{"id":"610861","name":"Father's Day"},{"id":"12260","name":"World beer"},{"id":"242801","name":"Special offers"},{"id":"278253","name":"All lager"},{"id":"275896","name":"World lager"},{"id":"318428","name":"All beer"},{"id":"410356","name":"Special offers"},{"id":"410380","name":"Special offers"},{"id":"434877","name":"Special offers"},{"id":"462356","name":"Special offers"}],"header":{"text":"Nectar price","type":"NECTAR"},"attributes":{"brand":["Birra Moretti"]},"is_supply_chain_orderable":false,"display_icons":[],"pdp_deep_link":"/shop/ProductDisplay?storeId=10151\u0026langId=44\u0026productId=1403268"},{"product_uid":"7796949","favourite_uid":null,"eans":["5035766381969","5010153872886"],"product_type":"BASIC","name":"Kronenbourg 1664 Lager Beer Cans 4 x 568ml Pint","image":"https://www.sainsburys.co.uk/wcsstore/ExtendedSitesCatalogAssetStore/images/catalog/productImages/86/5010153872886/5010153872886_L.jpeg","image_zoom":null,"image_thumbnail":"https://www.sainsburys.co.uk/wcsstore/ExtendedSitesCatalogAssetStore/images/catalog/productImages/86/5010153872886/5010153872886_M.jpeg","image_thumbnail_small":"https://www.sainsburys.co.uk/wcsstore/ExtendedSitesCatalogAssetStore/images/catalog/productImages/86/5010153872886/5010153872886_S.jpeg","full_url":"https://www.sainsburys.co.uk/shop/gb/groceries/product/details/kronenbourg-k1664-4x568ml","unit_price":{"price":2.97,"measure":"ltr","measure_amount":1},"retail_price":{"price":6.25,"measure":"unit"},"nectar_price":{"retail_price":6.25,"unit_price":2.75,"measure":"unit","url":"https://www.sainsburys.co.uk/shop/gb/groceries/new---trending/nectar-prices","category_seo_url":"gb/groceries/new---trending/nectar-prices"},"is_available":true,"promotions":[{"promotion_uid":"10649468","icon":"https://www.sainsburys.co.uk/wcsstore/Sainsburys/Promotion assets/Promotion icons/Buy_X_For_Y_Amt_S_Icon.gif","link":"/shop/PromotionDisplayView?promotionId=10649468\u0026productId=1019474\u0026langId=44\u0026storeId=10151","strap_line":"Buy 1 for 6.25","start_date":"2024-09-06T23:00:00Z","end_date":"2024-10-07T23:00:00Z","original_price":6.75,"promo_mechanic_id":"99","is_nectar":true,"promo_type":"SIMPLE_FIXED_PRICE","promo_group":"simple"}],"hfss_restriction":[{"country":"ENG","restricted":false,"hfss_category":"Out of scope or Product not in a legislative category","hfss_score":0,"last_change_date":"2022-09-23T11:46:36.305Z"},{"country":"SCT","restricted":false,"hfss_category":"Out of scope or Product not in a legislative category","hfss_score":0,"last_change_date":"2022-09-23T11:46:36.305Z"},{"country":"WLS","restricted":false,"hfss_category":"Out of scope or Product not in a legislative category","hfss_score":0,"last_change_date":"2022-09-23T11:46:36.305Z"},{"country":"NIR","restricted":false,"hfss_category":"Out of scope or Product not in a legislative category","hfss_score":0,"last_change_date":"2022-09-23T11:46:36.305Z"}],"associations":[],"is_alcoholic":true,"is_spotlight":false,"is_intolerant":false,"is_mhra":false,"badges":[],"labels":[],"zone":null,"department":null,"reviews":{"is_enabled":true,"product_uid":"7796949","total":166,"average_rating":3.5},"breadcrumbs":[],"assets":{"plp_image":"https://assets.sainsburys-groceries.co.uk/gol/7796949/image.jpg","images":[],"video":[]},"description":[],"important_information":["The above details have been prepared to help you select suitable products. Products and their ingredients are liable to change.","\u003cstrong\u003eYou should always read the label before consuming or using the product and never rely solely on the information presented here.","If you require specific advice on any Sainsbury's branded product, please contact our Customer Careline on 0800 636262. For all other products, please contact the manufacturer, whose details will appear on the packaging or label. Sainsbury's is therefore unable to accept liability for any incorrect information.","You should also note that the picture / images show only our serving suggestions of how to serve or prepare your food – all accessories and additional items and/or ingredients pictured with the product you are purchasing are not included.","This information is supplied for your personal use only. It may not be reproduced in any way without the prior consent of Sainsbury's Supermarkets Ltd and due acknowledgement"],"attachments":[],"categories":[{"id":"242801","name":"Special offers"},{"id":"278253","name":"All lager"},{"id":"275894","name":"Multipack lager"},{"id":"318428","name":"All beer"},{"id":"410356","name":"Special offers"}],"header":{"text":"Nectar price","type":"NECTAR"},"attributes":{"brand":["Kronenbourg"]},"is_supply_chain_orderable":false,"display_icons":[],"pdp_deep_link":"/shop/ProductDisplay?storeId=10151\u0026langId=44\u0026productId=1019474"},{"product_uid":"6305247","favourite_uid":null,"eans":["4105120003927","4105120003859","4105120673946"],"product_type":"BASIC","name":"Weihenstephaner Hefe Weissbier Wheat Beer 50cl","image":"https://www.sainsburys.co.uk/wcsstore/ExtendedSitesCatalogAssetStore/images/catalog/productImages/46/4105120673946/4105120673946_L.jpeg","image_zoom":null,"image_thumbnail":"https://www.sainsburys.co.uk/wcsstore/ExtendedSitesCatalogAssetStore/images/catalog/productImages/46/4105120673946/4105120673946_M.jpeg","image_thumbnail_small":"https://www.sainsburys.co.uk/wcsstore/ExtendedSitesCatalogAssetStore/images/catalog/productImages/46/4105120673946/4105120673946_S.jpeg","full_url":"https://www.sainsburys.co.uk/shop/gb/groceries/product/details/weihenstephaner-hefe-weissbier-wheat-beer-50cl","unit_price":{"price":5.2,"measure":"ltr","measure_amount":1},"retail_price":{"price":2.6,"measure":"unit"},"is_available":true,"promotions":[],"hfss_restriction":[{"country":"ENG","restricted":false,"hfss_category":"Out of scope or Product not in a legislative category","hfss_score":0,"last_change_date":"2022-09-23T11:46:19.411Z"},{"country":"SCT","restricted":false,"hfss_category":"Out of scope or Product not in a legislative category","hfss_score":0,"last_change_date":"2022-09-23T11:46:19.411Z"},{"country":"WLS","restricted":false,"hfss_category":"Out of scope or Product not in a legislative category","hfss_score":0,"last_change_date":"2022-09-23T11:46:19.411Z"},{"country":"NIR","restricted":false,"hfss_category":"Out of scope or Product not in a legislative category","hfss_score":0,"last_change_date":"2022-09-23T11:46:19.411Z"}],"not_for_eu":true,"associations":[],"is_alcoholic":true,"is_spotlight":false,"is_intolerant":false,"is_mhra":false,"badges":[],"labels":[],"zone":null,"department":null,"reviews":{"is_enabled":true,"product_uid":"6305247","total":24,"average_rating":4.5},"breadcrumbs":[],"assets":{"plp_image":"https://assets.sainsburys-groceries.co.uk/gol/6305247/image.jpg","images":[],"video":[]},"description":[],"important_information":["The above details have been prepared to help you select suitable products. Products and their ingredients are liable to change.","\u003cstrong\u003eYou should always read the label before consuming or using the product and never rely solely on the information presented here.","If you require specific advice on any Sainsbury's branded product, please contact our Customer Careline on 0800 636262. For all other products, please contact the manufacturer, whose details will appear on the packaging or label. Sainsbury's is therefore unable to accept liability for any incorrect information.","You should also note that the picture / images show only our serving suggestions of how to serve or prepare your food – all accessories and additional items and/or ingredients pictured with the product you are purchasing are not included.","This information is supplied for your personal use only. It may not be reproduced in any way without the prior consent of Sainsbury's Supermarkets Ltd and due acknowledgement"],"attachments":[],"categories":[{"id":"506356","name":"Craft beer"},{"id":"506357","name":"Speciality beer"},{"id":"318428","name":"All beer"},{"id":"438356","name":"Craft beer \u0026 snacks"},{"id":"461871","name":"Vegetarian \u0026 plant based"}],"attributes":{"brand":["Weihenstephaner"]},"is_supply_chain_orderable":false,"display_icons":[],"pdp_deep_link":"/shop/ProductDisplay?storeId=10151\u0026langId=44\u0026productId=87872"},{"product_uid":"7707310","favourite_uid":null,"eans":["5028403154781"],"product_type":"BASIC","name":"St Austell Brewery Tribute Ale 4x500ml","image":"https://www.sainsburys.co.uk/wcsstore/ExtendedSitesCatalogAssetStore/images/catalog/productImages/81/5028403154781/5028403154781_L.jpeg","image_zoom":null,"image_thumbnail":"https://www.sainsburys.co.uk/wcsstore/ExtendedSitesCatalogAssetStore/images/catalog/productImages/81/5028403154781/5028403154781_M.jpeg","image_thumbnail_small":"https://www.sainsburys.co.uk/wcsstore/ExtendedSitesCatalogAssetStore/images/catalog/productImages/81/5028403154781/5028403154781_S.jpeg","full_url":"https://www.sainsburys.co.uk/shop/gb/groceries/product/details/st-austell-tribute-ale-4x500ml","unit_price":{"price":3,"measure":"ltr","measure_amount":1},"retail_price":{"price":6,"measure":"unit"},"is_available":true,"promotions":[],"hfss_restriction":[{"country":"ENG","restricted":false,"hfss_category":"Out of scope or Product not in a legislative category","hfss_score":0,"last_change_date":"2022-09-23T11:46:36.881Z"},{"country":"SCT","restricted":false,"hfss_category":"Out of scope or Product not in a legislative category","hfss_score":0,"last_change_date":"2022-09-23T11:46:36.881Z"},{"country":"WLS","restricted":false,"hfss_category":"Out of scope or Product not in a legislative category","hfss_score":0,"last_change_date":"2022-09-23T11:46:36.881Z"},{"country":"NIR","restricted":false,"hfss_category":"Out of scope or Product not in a legislative category","hfss_score":0,"last_change_date":"2022-09-23T11:46:36.881Z"}],"not_for_eu":true,"associations":[],"is_alcoholic":true,"is_spotlight":false,"is_intolerant":false,"is_mhra":false,"badges":[],"labels":[],"zone":null,"department":null,"reviews":{"is_enabled":true,"product_uid":"7707310","total":12,"average_rating":4.6667},"breadcrumbs":[],"assets":{"plp_image":"https://assets.sainsburys-groceries.co.uk/gol/7707310/image.jpg","images":[],"video":[]},"description":[],"important_information":["The above details have been prepared to help you select suitable products. Products and their ingredients are liable to change.","\u003cstrong\u003eYou should always read the label before consuming or using the product and never rely solely on the information presented here.","If you require specific advice on any Sainsbury's branded product, please contact our Customer Careline on 0800 636262. For all other products, please contact the manufacturer, whose details will appear on the packaging or label. Sainsbury's is therefore unable to accept liability for any incorrect information.","You should also note that the picture / images show only our serving suggestions of how to serve or prepare your food – all accessories and additional items and/or ingredients pictured with the product you are purchasing are not included.","This information is supplied for your personal use only. It may not be reproduced in any way without the prior consent of Sainsbury's Supermarkets Ltd and due acknowledgement"],"attachments":[],"categories":[{"id":"506355","name":"Ale \u0026 stout"},{"id":"242801","name":"Special offers"},{"id":"318428","name":"All beer"},{"id":"410356","name":"Special offers"}],"attributes":{"brand":["St Austell Brewery\n"]},"is_supply_chain_orderable":false,"display_icons":[],"pdp_deep_link":"/shop/ProductDisplay?storeId=10151\u0026langId=44\u0026productId=653604"},{"product_uid":"6443192","favourite_uid":null,"eans":["8712000022662"],"product_type":"BASIC","name":"Heineken Premium Lager Beer Bottle 650ml","image":"https://www.sainsburys.co.uk/wcsstore/ExtendedSitesCatalogAssetStore/images/catalog/productImages/62/8712000022662/8712000022662_L.jpeg","image_zoom":null,"image_thumbnail":"https://www.sainsburys.co.uk/wcsstore/ExtendedSitesCatalogAssetStore/images/catalog/productImages/62/8712000022662/8712000022662_M.jpeg","image_thumbnail_small":"https://www.sainsburys.co.uk/wcsstore/ExtendedSitesCatalogAssetStore/images/catalog/productImages/62/8712000022662/8712000022662_S.jpeg","full_url":"https://www.sainsburys.co.uk/shop/gb/groceries/product/details/heineken-lager-650ml","unit_price":{"price":3.08,"measure":"ltr","measure_amount":1},"retail_price":{"price":2,"measure":"unit"},"is_available":true,"promotions":[],"hfss_restriction":[{"country":"ENG","restricted":false,"hfss_category":"Out of scope or Product not in a legislative category","hfss_score":0,"last_change_date":"2022-09-23T11:46:36.329Z"},{"country":"SCT","restricted":false,"hfss_category":"Out of scope or Product not in a legislative category","hfss_score":0,"last_change_date":"2022-09-23T11:46:36.329Z"},{"country":"WLS","restricted":false,"hfss_category":"Out of scope or Product not in a legislative category","hfss_score":0,"last_change_date":"2022-09-23T11:46:36.329Z"},{"country":"NIR","restricted":false,"hfss_category":"Out of scope or Product not in a legislative category","hfss_score":0,"last_change_date":"2022-09-23T11:46:36.329Z"}],"not_for_eu":true,"associations":[],"is_alcoholic":true,"is_spotlight":false,"is_intolerant":false,"is_mhra":false,"badges":[],"labels":[{"label_uid":"LOW EVERYDAY PRICE","text":"LOW EVERYDAY PRICE","alt_text":"LOW EVERYDAY PRICE","color":"#D70000","link_opens_in_new_window":false}],"zone":null,"department":null,"reviews":{"is_enabled":true,"product_uid":"6443192","total":129,"average_rating":4.3721},"breadcrumbs":[],"assets":{"plp_image":"https://assets.sainsburys-groceries.co.uk/gol/6443192/image.jpg","images":[],"video":[]},"description":[],"important_information":["The above details have been prepared to help you select suitable products. Products and their ingredients are liable to change.","\u003cstrong\u003eYou should always read the label before consuming or using the product and never rely solely on the information presented here.","If you require specific advice on any Sainsbury's branded product, please contact our Customer Careline on 0800 636262. For all other products, please contact the manufacturer, whose details will appear on the packaging or label. Sainsbury's is therefore unable to accept liability for any incorrect information.","You should also note that the picture / images show only our serving suggestions of how to serve or prepare your food – all accessories and additional items and/or ingredients pictured with the product you are purchasing are not included.","This information is supplied for your personal use only. It may not be reproduced in any way without the prior consent of Sainsbury's Supermarkets Ltd and due acknowledgement"],"attachments":[],"categories":[{"id":"607853","name":"Low everyday prices"},{"id":"591354","name":"Birra Moretti, Foster's, Heineken and more"},{"id":"614355","name":"Win with Heineken \u0026 Heineken 0.0"},{"id":"608358","name":"Heineken, Doritos and Pepsi Football snacks and drinks"},{"id":"12260","name":"World beer"},{"id":"278253","name":"All lager"},{"id":"275896","name":"World lager"},{"id":"275897","name":"Single bottles"},{"id":"318428","name":"All beer"}],"attributes":{"brand":["Heineken"]},"is_supply_chain_orderable":false,"display_icons":["LOW EVERYDAY PRICE"],"pdp_deep_link":"/shop/ProductDisplay?storeId=10151\u0026langId=44\u0026productId=89958"},{"product_uid":"6332408","favourite_uid":null,"eans":["5010038044889","5010038441978","5010038049099","5010038044964"],"product_type":"BASIC","name":"Carling Original Lager Beer Cans x4 440ml","image":"https://www.sainsburys.co.uk/wcsstore/ExtendedSitesCatalogAssetStore/images/catalog/productImages/78/5010038441978/5010038441978_L.jpeg","image_zoom":null,"image_thumbnail":"https://www.sainsburys.co.uk/wcsstore/ExtendedSitesCatalogAssetStore/images/catalog/productImages/78/5010038441978/5010038441978_M.jpeg","image_thumbnail_small":"https://www.sainsburys.co.uk/wcsstore/ExtendedSitesCatalogAssetStore/images/catalog/productImages/78/5010038441978/5010038441978_S.jpeg","full_url":"https://www.sainsburys.co.uk/shop/gb/groceries/product/details/carling-lager-x4-440ml","unit_price":{"price":2.56,"measure":"ltr","measure_amount":1},"retail_price":{"price":4.5,"measure":"unit"},"is_available":true,"promotions":[],"hfss_restriction":[{"country":"ENG","restricted":false,"hfss_category":"Out of scope or Product not in a legislative category","hfss_score":0,"last_change_date":"2022-09-23T11:46:20.592Z"},{"country":"SCT","restricted":false,"hfss_category":"Out of scope or Product not in a legislative category","hfss_score":0,"last_change_date":"2022-09-23T11:46:20.592Z"},{"country":"WLS","restricted":false,"hfss_category":"Out of scope or Product not in a legislative category","hfss_score":0,"last_change_date":"2022-09-23T11:46:20.592Z"},{"country":"NIR","restricted":false,"hfss_category":"Out of scope or Product not in a legislative category","hfss_score":0,"last_change_date":"2022-09-23T11:46:20.592Z"}],"not_for_eu":true,"associations":[],"is_alcoholic":true,"is_spotlight":false,"is_intolerant":false,"is_mhra":false,"badges":[],"labels":[],"zone":null,"department":null,"reviews":{"is_enabled":true,"product_uid":"6332408","total":23,"average_rating":4.1304},"breadcrumbs":[],"assets":{"plp_image":"https://assets.sainsburys-groceries.co.uk/gol/6332408/image.jpg","images":[],"video":[]},"description":[],"important_information":["The above details have been prepared to help you select suitable products. Products and their ingredients are liable to change.","\u003cstrong\u003eYou should always read the label before consuming or using the product and never rely solely on the information presented here.","If you require specific advice on any Sainsbury's branded product, please contact our Customer Careline on 0800 636262. For all other products, please contact the manufacturer, whose details will appear on the packaging or label. Sainsbury's is therefore unable to accept liability for any incorrect information.","You should also note that the picture / images show only our serving suggestions of how to serve or prepare your food – all accessories and additional items and/or ingredients pictured with the product you are purchasing are not included.","This information is supplied for your personal use only. It may not be reproduced in any way without the prior consent of Sainsbury's Supermarkets Ltd and due acknowledgement"],"attachments":[],"categories":[{"id":"278253","name":"All lager"},{"id":"275894","name":"Multipack lager"},{"id":"318428","name":"All beer"}],"attributes":{"brand":["Carling"]},"is_supply_chain_orderable":false,"display_icons":[],"pdp_deep_link":"/shop/ProductDisplay?storeId=10151\u0026langId=44\u0026productId=88444"}],"controls":{"sort":{"active":"FAVOURITES_FIRST","options":[{"display":"Relevance","value":"FAVOURITES_FIRST"},{"display":"Price - Low to High","value":"PRICE_ASC"},{"display":"Price - High to Low","value":"PRICE_DESC"},{"display":"Product Name - A to Z","value":"NAME_ASC"},{"display":"Product Name - Z to A","value":"NAME_DESC"},{"display":"Top Sellers","value":"TOP_SELLERS"},{"display":"Ratings - High to Low","value":"RATINGS_DESC"}]},"total_record_count":621,"returned_record_count":90,"page":{"active":1,"first":1,"last":2,"size":90,"size_options":[30,60,90]},"filters":[{"key":"nav_Filter-Your-Results","label":"Filter Your Results","type":"MULTI_SELECT","values":[{"id":"87","label":"Favourites","value":"Favourites","selected":false,"enabled":false},{"id":"86","label":"New","value":"New","selected":false,"enabled":true},{"id":"88","label":"Offers \u0026 Nectar Prices","value":"Offers","selected":false,"enabled":true}]},{"key":"nav_Brand","label":"Brand","type":"MULTI_SELECT","values":[{"id":"887","label":"Sainsbury's","value":"Sainsbury's","selected":false,"enabled":true},{"id":"4294965927","label":"BrewDog","value":"BrewDog","selected":false,"enabled":true},{"id":"4294966346","label":"Taste the Difference","value":"Taste-the-Difference","selected":false,"enabled":true},{"id":"4294964579","label":"Stella Artois","value":"Stella-Artois","selected":false,"enabled":true},{"id":"4294963826","label":"Kopparberg","value":"Kopparberg","selected":false,"enabled":true},{"id":"4294963466","label":"Peroni","value":"Peroni","selected":false,"enabled":true},{"id":"4294962992","label":"Thatchers","value":"Thatchers","selected":false,"enabled":true},{"id":"4294958009","label":"Beavertown","value":"Beavertown","selected":false,"enabled":true},{"id":"4294964491","label":"Guinness","value":"Guinness","selected":false,"enabled":true},{"id":"4294959086","label":"Adnams","value":"Adnams","selected":false,"enabled":true},{"id":"4294962529","label":"Birra Moretti","value":"Birra-Moretti","selected":false,"enabled":true},{"id":"4294962988","label":"Strongbow","value":"Strongbow","selected":false,"enabled":true},{"id":"4294963593","label":"Budweiser","value":"Budweiser","selected":false,"enabled":true},{"id":"4294950804","label":"Camden Town Brewery","value":"Camden-Town-Brewery","selected":false,"enabled":true},{"id":"4294961032","label":"Corona","value":"Corona","selected":false,"enabled":true},{"id":"4294964589","label":"Jack Daniel's","value":"Jack-Daniel's","selected":false,"enabled":true},{"id":"4294950106","label":"Northern Monk","value":"Northern-Monk","selected":false,"enabled":true},{"id":"4294963830","label":"Old Jamaica","value":"Old-Jamaica","selected":false,"enabled":true},{"id":"4294956663","label":"St Austell Brewery","value":"St-Austell-Brewery","selected":false,"enabled":true},{"id":"4294954510","label":"Tiny Rebel","value":"Tiny-Rebel","selected":false,"enabled":true}]},{"key":"diet_Dietary_and_Lifestyle_Options","label":"Dietary and Lifestyle Options","type":"MULTI_SELECT","values":[{"id":"4294966273","label":"Fairtrade Foundation","value":"FairtradeFoundation","selected":false,"enabled":true},{"id":"4294965889","label":"Gluten free","value":"Gluten-free","selected":false,"enabled":true},{"id":"4294966168","label":"Keep Frozen","value":"KeepFrozen","selected":false,"enabled":true},{"id":"4294966372","label":"Keep Refrigerated","value":"KeepRefrigerated","selected":false,"enabled":true},{"id":"4294966337","label":"Kosher","value":"Kosher","selected":false,"enabled":true},{"id":"4294966369","label":"Low Salt","value":"Low-Salt","selected":false,"enabled":true},{"id":"4294966391","label":"No Added Sugar","value":"NoAddedSugar","selected":false,"enabled":true},{"id":"4294965801","label":"Not Suitable for Home Freezing","value":"NotSuitableforFreezing","selected":false,"enabled":true},{"id":"4294966045","label":"Organic","value":"Organic","selected":false,"enabled":true},{"id":"4294966164","label":"Suitable for Coeliacs","value":"SuitableforCoeliacs","selected":false,"enabled":true},{"id":"4294966347","label":"Suitable for Home Freezing","value":"SuitableForHomeFreezing","selected":false,"enabled":true},{"id":"4294966367","label":"Suitable for Vegans","value":"Vegans","selected":false,"enabled":true},{"id":"4294966409","label":"Suitable for Vegetarians","value":"Vegetarians","selected":false,"enabled":true}]},{"key":"cat_Category","label":"Category","type":"SINGLE_SELECT","values":[{"label":"All Categories","value":"all","selected":true,"enabled":true},{"id":"448352","label":"Beauty \u0026 cosmetics","value":"beauty-and-cosmetics","selected":false,"enabled":true},{"id":"65656","label":"Christmas","value":"Christmas","selected":false,"enabled":true},{"id":"428866","label":"Dairy, eggs \u0026 chilled","value":"dairy-eggs-and-chilled","selected":false,"enabled":true},{"id":"453878","label":"Dietary \u0026 world foods","value":"dietary-and-lifestyle","selected":false,"enabled":true},{"id":"12192","label":"Drinks","value":"drinks","selected":false,"enabled":true},{"id":"12422","label":"Food cupboard","value":"food-cupboard","selected":false,"enabled":true},{"id":"218831","label":"Frozen","value":"frozen-","selected":false,"enabled":true},{"id":"12518","label":"Fruit \u0026 vegetables","value":"fruit-veg","selected":false,"enabled":true},{"id":"281806","label":"Homeware \u0026 outdoor","value":"home","selected":false,"enabled":true},{"id":"13343","label":"Meat \u0026 fish","value":"meat-fish","selected":false,"enabled":true},{"id":"12298","label":"Pet","value":"pet","selected":false,"enabled":true},{"id":"355372","label":"Seasonal inspiration","value":"new---trending","selected":false,"enabled":true},{"id":"248078","label":"Summer","value":"summer","selected":false,"enabled":true},{"id":"12448","label":"Toiletries \u0026 health","value":"health-beauty","selected":false,"enabled":true}]},{"key":"subcat_SubCategory","label":"SubCategory","type":"SINGLE_SELECT","values":[{"label":"All Subcategories","value":"all","selected":true,"enabled":false}]},{"key":"aisle_Aisle","label":"Aisle","type":"SINGLE_SELECT","values":[{"label":"All Aisles","value":"all","selected":true,"enabled":false}]},{"key":"shelf_Shelf","label":"Shelf","type":"SINGLE_SELECT","values":[{"label":"All Shelves","value":"all","selected":true,"enabled":false}]}]}}</pre><div class="json-formatter-container"></div></body></html>