<html lang="en"><head class="at-element-marker"><style type="text/css">:root {
    --counter: #ed1c24;
    --cartButton: linear-gradient(to right, #ff6200, #ff8800);
    --cartButtonHover: #ff6200;
    --primaryMid: #3c9700;
    --greyUltraLight: #f2f3f4;
    --greyLight: #e6e6e6;
    --greyDark: #555555;
}

[data-realm='bitiba'] {
    --cartButton: linear-gradient(to right, #ff0000, #ff3636);
    --cartButtonHover: #ff0000;
    --primaryMid: #000099;
}

[class*='z-brand-theme-2024-'] {
    --counter: var(--pp-color-surface-static-neutral);
}

[class*='z-brand-theme-bitiba'] {
    --counter: #000099;
}
</style><style type="text/css">.cartButton-module_cartButton__lIc-O {
    display: flex;
    position: relative;
    justify-content: center;
    align-items: center;
    height: 36px;
    padding: 0;
    font-size: 14px;
    min-width: 36px;
    border-radius: 5px;
    border: none;
    font-weight: 700;
    background: var(--cartButton);
    color: #fff;
    cursor: pointer;
    text-decoration: none;
}
.cartButton-module_cartButton__lIc-O svg {
    fill: #fff;
}
.cartButton-module_cartButton__lIc-O:hover, .cartButton-module_cartButton__lIc-O:focus {
    background: var(--cartButtonHover);
    color: #fff;
}
@media screen and (min-width: 544px) {
    .cartButton-module_cartButton__lIc-O {
        height: 46px;
        min-width: 46px;
    }
}
@media screen and (min-width: 768px) {
    .cartButton-module_cartButton__lIc-O {
        min-width: 222px;
    }
    .cartButton-module_cartButton__lIc-O svg {
        vertical-align: middle;
        margin-right: 5px;
    }
}

.cartButton-module_linkButton__6Ed9- {
    display: block;
    position: relative;
    text-decoration: none;
    width: 100%;
}
.cartButton-module_linkButton__6Ed9-:focus {
    color: #fff;
}
@media screen and (min-width: 1399px) {
    .cartButton-module_linkButton__6Ed9- {
        width: auto;
    }
}

.cartButton-module_buttonCounter__ljXv1 {
    position: absolute;
    text-align: center;
    border-radius: 100%;
    top: 0;
    right: 0;
    line-height: 20px;
    height: 20px;
    width: 20px;
    display: block;
    color: #fff;
    background: var(--counter);
    padding: 0.3 rem;
    transform: translate(5px, -5px);
    font-weight: 400;
}
@media screen and (min-width: 1399px) {
    .cartButton-module_buttonCounter__ljXv1 {
        height: 24px;
        width: 24px;
        line-height: 24px;
    }
}

.cartButton-module_cartButtonWrapper__OhtWq {
    overflow: visible;
    position: relative;
}

.cartButton-module_uiCartButton__oLswK > * {
    display: flex !important;
    align-items: center;
}

.cartButton-module_uiLinkButton__SDsAq {
    overflow: visible !important;
    width: 100% !important;
}
.cartButton-module_uiLinkButton__SDsAq svg {
    margin-right: var(--pp-spacing-xs);
}

[class*=z-brand-theme-2024-] .cartButton-module_uiCartButton__oLswK svg {
    height: 20px;
    width: 20px;
}
[class*=z-brand-theme-2024-] .cartButton-module_buttonCounter__ljXv1 {
    border-radius: var(--pp-radius-l);
    right: -5px;
    top: -6px;
    width: auto;
    min-width: 26px;
    color: var(--pp-color-text-default);
    padding: 0 6px;
    transform: translate(0, 0);
    font: var(--pp-font-copy-small-heavy);
    line-height: 20px;
}
@media screen and (max-width: 543px) {
    [class*=z-brand-theme-2024-] .cartButton-module_buttonCounter__ljXv1 {
        right: -11px;
        top: -8px;
    }
}
@media screen and (min-width: 1399px) {
    [class*=z-brand-theme-2024-] .cartButton-module_buttonCounter__ljXv1 {
        height: 20px;
        line-height: 20px;
    }
}</style><style type="text/css">.FooterComponent-module_shopFooter__Matj4 {
    width: 100%;
    display: flex;
    z-index: 1;
    position: relative;
    flex-direction: column;
    justify-content: center;
    border-bottom: 3px solid var(--z-color-primary);
}</style><style type="text/css">.SocialAndApps-module_socialAndApps__OLYLe {
    display: flex;
    justify-content: center;
    background-color: var(--z-color-white);
}

.SocialAndApps-module_socialAndAppsWrapper__IEkOy {
    width: 100%;
    max-width: 1024px;
    padding: var(--z-size-20px) var(--z-size-15px);
}
@media (min-width: 768px) {
    .SocialAndApps-module_socialAndAppsWrapper__IEkOy {
        padding: var(--z-size-30px) var(--z-size-15px);
        display: flex;
        justify-content: space-between;
    }
}

.SocialAndApps-module_socialColumn__c-cNg h4 {
    font-size: 0.875rem;
    line-height: 1.25rem;
    margin-top: 0;
}

.SocialAndApps-module_socialList__SIeIo {
    display: flex;
    flex-wrap: wrap;
    padding: 0;
    list-style-type: none;
}
.SocialAndApps-module_socialList__SIeIo li {
    margin-right: var(--z-size-15px);
}
.SocialAndApps-module_socialList__SIeIo a {
    padding: 0;
}

.SocialAndApps-module_appColumn__e7ka5 {
    margin: var(--z-size-20px) 0 0;
}
.SocialAndApps-module_appColumn__e7ka5 ul {
    margin: 0;
}
@media (min-width: 768px) {
    .SocialAndApps-module_appColumn__e7ka5 {
        margin: 0;
    }
    .SocialAndApps-module_appColumn__e7ka5 li:last-child {
        margin: 0;
    }
}

.SocialAndApps-module_imageContainer__T8XpY {
    display: flex;
    padding: 0;
    list-style-type: none;
}
.SocialAndApps-module_imageContainer__T8XpY li {
    height: 42px;
    margin-right: var(--z-size-15px);
}
.SocialAndApps-module_imageContainer__T8XpY img {
    height: 100%;
}</style><style type="text/css">.PurchaseDetails-module_paymentShippingAndTrust__0p7i3 {
    display: flex;
    justify-content: center;
    background-color: var(--z-color-neutral-ultralight);
}

.PurchaseDetails-module_paymentShippingAndTrustWrapper__ivpLy {
    width: 1024px;
    max-width: 1024px;
    padding: var(--z-size-20px) var(--z-size-15px);
}
.PurchaseDetails-module_paymentShippingAndTrustWrapper__ivpLy h4 {
    font-size: 0.875rem;
    line-height: 1.25rem;
    margin: 0 0 var(--z-size-15px) 0;
}
@media (min-width: 768px) {
    .PurchaseDetails-module_paymentShippingAndTrustWrapper__ivpLy {
        display: flex;
        flex-wrap: wrap;
        padding: var(--z-size-30px) var(--z-size-15px);
    }
}

.PurchaseDetails-module_logosContainer__DYXyD {
    display: flex;
    flex-wrap: wrap;
    gap: 10px;
    margin: 4px -5px 20px;
    padding: 0;
    list-style-type: none;
}
.PurchaseDetails-module_logosContainer__DYXyD a {
    padding: 0;
}
@media (min-width: 768px) {
    .PurchaseDetails-module_logosContainer__DYXyD {
        margin: 4px -5px 0;
    }
}

.PurchaseDetails-module_logo__Wh43c {
    height: 32px;
    width: auto;
    border-radius: var(--z-radius);
}
.PurchaseDetails-module_logo__Wh43c:hover {
    filter: drop-shadow(0 6px 15px rgba(0, 0, 0, 0.1));
}

.PurchaseDetails-module_logoCustom__u5q68 {
    padding: 5px;
    height: auto;
    border: 1px solid var(--z-color-neutral-light);
    background-color: var(--z-color-white);
    border-radius: var(--z-radius);
}
.PurchaseDetails-module_logoCustom__u5q68 a {
    text-decoration: none;
    color: var(--z-color-neutral);
}
.PurchaseDetails-module_logoCustom__u5q68 span {
    font-size: 0.75rem;
}

.PurchaseDetails-module_logoCustom__u5q68:hover {
    filter: drop-shadow(0 6px 15px rgba(0, 0, 0, 0.1));
}
.PurchaseDetails-module_logoCustom__u5q68:hover a {
    color: var(--z-color-neutral);
}

.PurchaseDetails-module_secureColumn__0T6Qa img {
    width: 100%;
}
.PurchaseDetails-module_secureColumn__0T6Qa .PurchaseDetails-module_logo__Wh43c {
    height: 100%;
    width: 90px;
}

@media (min-width: 768px) {
    .PurchaseDetails-module_paymentColumn__FfQIU,
    .PurchaseDetails-module_shippingColumn__6Zl0V,
    .PurchaseDetails-module_emptyColumn__d3UuM {
        width: 25%;
    }
    .PurchaseDetails-module_secureColumn__0T6Qa {
        width: 50%;
    }
}</style><style type="text/css">.NewsletterConfirmModal-module_newsletterModalText__p6jWc {
    padding: var(--z-size-20px) var(--z-size-15px) var(--spacingSmall) var(--z-size-15px);
    background-color: var(--z-color-neutral-ultralight);
}</style><style type="text/css">.Newsletter-module_shopFooterNewsletterWrapper__eEV55 {
    background-color: var(--z-color-primary-dark);
    background-size: cover;
    display: flex;
    justify-content: center;
}

.Newsletter-module_newsletterBackground__2bq52 {
    max-width: 1024px;
    width: 100%;
    padding: var(--z-size-20px) var(--z-size-15px);
}
@media (min-width: 1024px) {
    .Newsletter-module_newsletterBackground__2bq52 {
        padding: var(--z-size-15px) var(--z-size-15px) 10px var(--z-size-15px);
        display: flex;
    }
}

.Newsletter-module_discountWrapper__xe-6C {
    display: grid;
    grid-template-columns: 120px 1fr;
    grid-gap: var(--z-size-20px);
    height: 100px;
    position: relative;
}
@media (min-width: 1024px) {
    .Newsletter-module_discountWrapper__xe-6C {
        display: flex;
        width: 160px;
        height: 120px;
    }
}
.Newsletter-module_discountWrapper__xe-6C .Newsletter-module_circleWrapper__yHDGl {
    grid-column: 1;
    height: 120px;
    width: 120px;
    border-radius: 50%;
    position: absolute;
    top: -32px;
    color: var(--z-color-primary-dark);
    background: linear-gradient(90deg, #ffd647 0%, #ffe178 100%);
    display: flex;
    align-items: center;
    justify-content: center;
    text-align: center;
}
@media (min-width: 1024px) {
    .Newsletter-module_discountWrapper__xe-6C .Newsletter-module_circleWrapper__yHDGl {
        height: 140px;
        width: 140px;
    }
}
.Newsletter-module_discountWrapper__xe-6C .Newsletter-module_circleWrapper__yHDGl .Newsletter-module_amountAndText__qCVHu {
    padding: 0 14px;
}
.Newsletter-module_discountWrapper__xe-6C .Newsletter-module_circleWrapper__yHDGl .Newsletter-module_amountAndText__qCVHu span {
    display: block;
}
.Newsletter-module_discountWrapper__xe-6C .Newsletter-module_circleWrapper__yHDGl .Newsletter-module_amountAndText__qCVHu span:nth-child(1) {
    font-size: 2rem;
    line-height: 2.375rem;
    font-weight: 700;
}
.Newsletter-module_discountWrapper__xe-6C .Newsletter-module_circleWrapper__yHDGl .Newsletter-module_amountAndText__qCVHu span:nth-child(2) {
    font-size: var(--z-font-size-sm);
    line-height: var(--z-font-size-lg);
    font-weight: 700;
}
.Newsletter-module_discountWrapper__xe-6C .Newsletter-module_paw__gUJI3 {
    border: solid 3px var(--z-color-white);
    position: absolute;
    left: 100px;
    top: 18px;
    height: 30px;
    width: 30px;
    background-color: var(--z-color-primary-dark);
    border-radius: 50%;
}
.Newsletter-module_discountWrapper__xe-6C .Newsletter-module_paw__gUJI3 svg {
    fill: var(--z-color-bonus);
    transform: scaleX(0.8) scaleY(0.9);
}
@media (min-width: 1024px) {
    .Newsletter-module_discountWrapper__xe-6C .Newsletter-module_paw__gUJI3 {
        display: flex;
        align-items: center;
        justify-content: center;
        top: 110px;
        height: 42px;
        width: 42px;
    }
    .Newsletter-module_discountWrapper__xe-6C .Newsletter-module_paw__gUJI3 svg {
        transform: scaleX(1.3) scaleY(1.4);
    }
}

.Newsletter-module_newsletterHeadline__qzuHq {
    grid-column: 2;
    color: var(--z-color-white);
    font-size: 0.875rem;
    font-weight: 600;
}
@media (min-width: 1024px) {
    .Newsletter-module_newsletterHeadline__qzuHq {
        margin: var(--z-size-15px) 0;
    }
}

@media (min-width: 1024px) {
    .Newsletter-module_formSection__bU3YG {
        width: 626px;
    }
}
@media (min-width: 1024px) {
    .Newsletter-module_formSection__bU3YG .Newsletter-module_formSectionBottom__p9M3- {
        display: flex;
        gap: var(--z-size-15px);
    }
}

.Newsletter-module_petSelection__gC1Fy {
    min-width: 226px;
}
.Newsletter-module_petSelection__gC1Fy .z-dropdown-menu__body {
    background-color: var(--z-color-white);
}

.Newsletter-module_emailInputWrapper__IZYg4 {
    margin-top: var(--z-size-10px);
}
@media (min-width: 1024px) {
    .Newsletter-module_emailInputWrapper__IZYg4 {
        margin-top: 0;
        flex-grow: 2;
        position: relative;
    }
}

.Newsletter-module_emailInput__-Gr-I {
    margin-bottom: 10px;
    width: 100%;
}
@media (min-width: 1024px) {
    .Newsletter-module_emailInput__-Gr-I {
        margin-bottom: 0;
    }
}

.Newsletter-module_emailValidation__DUEeL.z-form-message {
    color: var(--z-color-white);
}

.Newsletter-module_gpdrMessageWrapper__GEQhi {
    background-color: var(--z-color-info-ultralight);
    display: flex;
    justify-content: center;
}
.Newsletter-module_gpdrMessageWrapper__GEQhi .Newsletter-module_gpdrMessage__iLuYS {
    padding: var(--z-size-15px);
    width: 100%;
    max-width: 1024px;
    display: flex;
    align-items: center;
}
.Newsletter-module_gpdrMessageWrapper__GEQhi svg {
    fill: var(--z-color-info);
    margin-right: var(--z-size-15px);
}

.Newsletter-module_generalErrorWrapper__UR-9- {
    background-color: var(--z-color-warning-ultralight);
    display: flex;
    justify-content: center;
}
.Newsletter-module_generalErrorWrapper__UR-9- .Newsletter-module_generalErrorMessage__5ug0V {
    display: flex;
    width: 1024px;
    max-width: 1024px;
    align-items: center;
    padding: var(--z-size-15px);
}
.Newsletter-module_generalErrorWrapper__UR-9- svg {
    fill: var(--z-color-warning);
    margin-right: var(--z-size-15px);
}

@media (min-width: 1024px) {
    .Newsletter-module_subscribeButton__EghGV {
        position: relative;
        top: 50px;
        left: var(--z-size-15px);
    }
    .Newsletter-module_subscribeButton__EghGV button {
        width: 180px;
    }
}

@media (min-width: 1024px) {
    .Newsletter-module_onlyMobile__AZU7W {
        display: none;
    }
}

.Newsletter-module_onlyDesktop__87g-k {
    display: none;
}
@media (min-width: 1024px) {
    .Newsletter-module_onlyDesktop__87g-k {
        display: block;
    }
}</style><style type="text/css">.LegalLinks-module_legalLinks__5Jdza {
    display: flex;
    justify-content: center;
    background-color: var(--z-color-neutral-ultralight);
}

.LegalLinks-module_legalLinksWrapper__VU1B7 {
    width: 100%;
    max-width: 1024px;
    padding: var(--z-size-20px) var(--z-size-15px);
}
@media (min-width: 768px) {
    .LegalLinks-module_legalLinksWrapper__VU1B7 {
        display: flex;
        flex-direction: column;
        flex-wrap: wrap;
        padding: var(--z-size-20px) var(--z-size-15px);
    }
}
@media (min-width: 1024px) {
    .LegalLinks-module_legalLinksWrapper__VU1B7 {
        padding: var(--z-size-30px) var(--z-size-15px);
    }
}

.LegalLinks-module_linkList__aPz8u {
    display: flex;
    flex-wrap: wrap;
    padding: 0;
    list-style-type: none;
}
.LegalLinks-module_linkList__aPz8u a {
    color: var(--z-color-neutral);
    margin-right: 10px;
    padding: 0;
    font-size: 0.75rem;
    line-height: 1.125rem;
}
.LegalLinks-module_linkList__aPz8u a:hover {
    color: var(--z-color-primary-dark);
}
.LegalLinks-module_linkList__aPz8u li:last-child a {
    margin-right: 0;
}
@media (min-width: 768px) {
    .LegalLinks-module_linkList__aPz8u a {
        line-height: 1rem;
    }
}

.LegalLinks-module_copyright__72xVl {
    display: block;
    margin-top: 10px;
    color: var(--z-color-neutral);
    opacity: 70%;
    font-size: 0.75rem;
    line-height: 1rem;
}</style><style type="text/css">.LegalDisclaimer-module_disclaimerWrapper__1Ukzy {
    display: flex;
    width: 100%;
    justify-content: center;
    background: var(--z-color-white);
    z-index: 3;
}

.LegalDisclaimer-module_disclaimer__vlp0B {
    padding: 40px var(--z-size-15px) var(--z-size-10px);
    font-size: var(--z-font-size-sm);
    line-height: var(--z-size-16px);
    position: relative;
    border-bottom: var(--z-size-1px) solid var(--z-color-neutral-light);
    width: 100%;
    max-width: 1024px;
}

.LegalDisclaimer-module_disclaimerText__YStN8 a {
    font-size: var(--z-font-size-sm);
    color: var(--z-color-primary);
    text-decoration: none;
}
.LegalDisclaimer-module_disclaimerText__YStN8 a:hover {
    color: var(--z-color-primary-dark);
}</style><style type="text/css">.InfoListAndCountrySelector-module_infoListAndCountrySelector__IQ0AM {
    background-color: var(--z-color-white);
}
.InfoListAndCountrySelector-module_infoListAndCountrySelector__IQ0AM h4 {
    margin: 0;
}
@media (min-width: 768px) {
    .InfoListAndCountrySelector-module_infoListAndCountrySelector__IQ0AM {
        display: flex;
        justify-content: center;
    }
    .InfoListAndCountrySelector-module_infoListAndCountrySelector__IQ0AM h4 {
        margin: 0 0 var(--z-size-15px) 0;
    }
}

.InfoListAndCountrySelector-module_infoListAndCountrySelectorWrapper__6-BJ3 {
    width: 100%;
    max-width: 1024px;
}
@media (min-width: 768px) {
    .InfoListAndCountrySelector-module_infoListAndCountrySelectorWrapper__6-BJ3 {
        display: flex;
    }
}

.InfoListAndCountrySelector-module_listContainer__7Tbv- {
    cursor: pointer;
    border-bottom: 1px solid var(--z-color-neutral-light);
}
@media (min-width: 768px) {
    .InfoListAndCountrySelector-module_listContainer__7Tbv- {
        width: 33%;
        border-bottom: 0;
    }
}

.InfoListAndCountrySelector-module_infoList__DTNyj ul {
    list-style-type: none;
}
@media (min-width: 768px) {
    .InfoListAndCountrySelector-module_infoList__DTNyj {
        display: flex;
        width: 75%;
        padding: var(--z-size-30px) 0 var(--z-size-30px) var(--z-size-15px);
    }
}

.InfoListAndCountrySelector-module_headlineContainer__snr6a {
    display: flex;
    align-items: center;
    justify-content: space-between;
    padding: var(--z-size-20px) var(--z-size-15px);
    color: var(--z-color-primary);
}
.InfoListAndCountrySelector-module_headlineContainer__snr6a svg {
    transition: transform 0.3s ease-in-out;
}
@media (min-width: 768px) {
    .InfoListAndCountrySelector-module_headlineContainer__snr6a {
        padding: 0;
        color: var(--z-color-neutral-dark);
    }
    .InfoListAndCountrySelector-module_headlineContainer__snr6a svg {
        display: none;
    }
    .InfoListAndCountrySelector-module_headlineContainer__snr6a h4 {
        font-size: var(--z-font-size-md);
        line-height: 20px;
    }
}

.InfoListAndCountrySelector-module_rotate__cmrIL {
    transform: rotateZ(-180deg);
}

.InfoListAndCountrySelector-module_insideContent__82Sva {
    margin: 0;
    padding: 0 var(--z-size-15px);
    display: none;
}
@media (min-width: 768px) {
    .InfoListAndCountrySelector-module_insideContent__82Sva {
        padding: 0 var(--z-size-30px) 0 0;
    }
}
@media (min-width: 768px) {
    .InfoListAndCountrySelector-module_insideContent__82Sva {
        display: block;
    }
}

.InfoListAndCountrySelector-module_insideContentExpanded__Mz2ac {
    display: block;
}

.InfoListAndCountrySelector-module_linkContainer__wNBK5 {
    padding: var(--z-size-20px) 0;
}
.InfoListAndCountrySelector-module_linkContainer__wNBK5 a {
    padding: 0;
}
@media (min-width: 768px) {
    .InfoListAndCountrySelector-module_linkContainer__wNBK5 {
        padding: 10px 0 0 0;
    }
    .InfoListAndCountrySelector-module_linkContainer__wNBK5:first-child {
        padding: 0;
    }
    .InfoListAndCountrySelector-module_linkContainer__wNBK5 a {
        font-size: var(--z-font-size-sm);
        line-height: 16px;
    }
}

.InfoListAndCountrySelector-module_countrySelector__1RN31 {
    padding: var(--z-size-20px) var(--z-size-15px);
}
.InfoListAndCountrySelector-module_countrySelector__1RN31 h4 {
    margin-bottom: var(--z-size-15px);
}
@media (min-width: 768px) {
    .InfoListAndCountrySelector-module_countrySelector__1RN31 {
        width: 25%;
        padding: var(--z-size-30px) var(--z-size-15px) 0 0;
        position: relative;
    }
}</style><style type="text/css">.Popover-module_Popover__f9L07 {
    border-radius: 6px;
    position: absolute;
    right: 0;
    top: 0;
    width: 400px;
    z-index: 30000;
}
.Popover-module_Popover__f9L07 > div {
    padding: 0;
}
@media (max-width: 767px) {
    .Popover-module_Popover__f9L07 {
        position: fixed;
        top: 50% !important;
        left: 50% !important;
        right: auto !important;
        bottom: auto !important;
        width: 400px;
        transform: translate(-50%, -50%);
        max-width: calc(100% - 30px);
    }
    .Popover-module_Popover__f9L07:before {
        display: none;
    }
}

.Popover-module_InnerWrapper__E--3v {
    position: relative;
}
@media (min-width: 768px) {
    .Popover-module_InnerWrapper__E--3v:before {
        position: absolute;
        display: block;
        content: "";
        width: 15px;
        height: 15px;
        background: var(--z-color-white);
        transform: rotate(45deg);
        right: 20px;
        z-index: 0;
    }
    .Popover-module_InnerWrapper__E--3v.above:before {
        top: calc(100% - 10px);
    }
    .Popover-module_InnerWrapper__E--3v.below:before {
        bottom: calc(100% - 10px);
        background: var(--z-color-primary);
    }
    .Popover-module_InnerWrapper__E--3v.below.has-error:before {
        background: var(--z-color-warning);
    }
}

.Popover-module_Header__PxFw- {
    background: var(--z-color-primary);
    color: var(--z-color-white);
    font-weight: bold;
    text-align: left;
    display: flex;
    align-items: center;
    padding: 8px 8px 8px 40px;
    border-radius: 6px 6px 0 0;
    position: relative;
}
.Popover-module_Header__PxFw- svg {
    fill: var(--z-color-white);
}
.Popover-module_Header__PxFw- > svg {
    position: absolute;
    left: 7px;
    top: 50%;
    transform: translateY(-50%);
}
.Popover-module_Header__PxFw-.has-error {
    background: var(--z-color-warning);
}

.Popover-module_Close__K4Kxn {
    fill: var(--z-color-white);
    background: transparent;
    border: 0;
    height: 24px;
    margin-left: auto;
}
.Popover-module_Close__K4Kxn:hover {
    cursor: pointer;
}

.Popover-module_Body__31cqb {
    padding: 10px 15px;
    background: var(--z-color-white);
    z-index: 1;
}
.Popover-module_Body__31cqb p {
    margin: 0;
    padding: 0;
}

.Popover-module_MessageWrapper__t-Dxg {
    margin-bottom: 10px;
}

.Popover-module_SubscriptionMessageWrapper__wWi-Y {
    background-color: var(--z-color-primary-ultralight) !important;
    border: none !important;
    border-radius: 8px !important;
    padding: 7px 14px !important;
    margin-bottom: 12px;
}

.Popover-module_BodyInfo__0rDnU {
    align-items: center;
    display: flex;
    justify-content: space-between;
}

.Popover-module_Footer__D69uw {
    background: var(--z-color-white);
    border-radius: 0 0 6px 6px;
    padding: 0 15px 10px;
    z-index: 1;
}
.Popover-module_Footer__D69uw > a {
    width: 100%;
    max-width: 100%;
}
.Popover-module_Footer__D69uw > a svg {
    fill: var(--z-color-white);
    margin-right: 5px;
}
.Popover-module_Footer__D69uw > a:first-of-type {
    margin-bottom: 10px;
}

.Popover-module_TotalPrice__PBg9W {
    margin-left: auto;
    font-weight: bold;
}

.Popover-module_DoublePricingWrapper__N-uwl {
    display: flex;
    flex-wrap: wrap;
    align-self: flex-end;
    justify-content: flex-end;
    align-items: baseline;
}
.Popover-module_DoublePricingWrapper__N-uwl .Popover-module_Secondary__eQFzF {
    margin-left: 5px;
}

.Popover-module_AccessibleText__zs0zr {
    position: absolute;
    width: 1px;
    height: 1px;
    padding: 0;
    margin: -1px;
    overflow: hidden;
    clip: rect(0, 0, 0, 0);
    border: 0;
}

.Popover-module_Shadow__olgiw {
    width: 100%;
    height: 15px;
    overflow: hidden;
    position: relative;
    margin-bottom: 10px;
    margin-top: -10px;
}
.Popover-module_Shadow__olgiw:before {
    content: "";
    position: absolute;
    box-shadow: 0 0 15px rgba(0, 0, 0, 0.15);
    top: 100%;
    bottom: -100%;
    z-index: 5;
    left: 30px;
    right: 30px;
    border-radius: 100px/10px;
}

.Popover-module_CheckoutPreviewButton__pJM25 {
    text-decoration: none;
}
.Popover-module_CheckoutPreviewButton__pJM25 > button {
    width: 100%;
    max-width: 100%;
}

.Popover-module_SupplementaryButton__TY95I {
    border-color: var(--z-color-primary);
    color: --z-color-primary;
}
.Popover-module_SupplementaryButton__TY95I:hover {
    background: var(--z-color-primary);
    color: var(--z-color-white);
}</style><meta charset="utf-8"><title>Encore Cat Chicken with Salmon | zooplus.co.uk</title><meta property="og:title" content="Encore Cat Chicken with Salmon | zooplus.co.uk"><link rel="canonical" href="https://www.zooplus.co.uk/shop/cats/dry_cat_food/encore/1934717"><link rel="SHORTCUT ICON" href="https://www.zooplus.co.uk/favicon.ico"><meta name="viewport" content="width=device-width, initial-scale=1.0, maximum-scale=2"><meta http-equiv="X-UA-Compatible" content="IE=edge"><meta http-equiv="Content-Type" content="text/html; charset=UTF-8"><meta http-equiv="Expires" content="0"><meta http-equiv="cache-control" content="no-cache"><meta http-equiv="pragma" content="no-cache"><meta name="Author" content="zooplus SE"><meta name="Publisher" content="zooplus SE"><meta name="Copyright" content="zooplus SE"><meta name="Description" property="og:description" content="Order Encore Cat Chicken with Salmon now at zooplus. Free delivery from £39. Check out customer reviews to see what others think!"><meta name="Robots" content="index, follow"><meta name="application-name" content="shop" data-pg-id="653255" data-pet-type-pg-id="3316"><meta property="og:image" content="https://media.zooplus.com/bilder/4/400/413997_pla_encore_cat_huhn_lachs_hs_01_4.jpg"><script src="//bat.bing.com/bat.js" async=""></script><script async="" src="https://websdk.appsflyer.com?st=banners&amp;"></script><script type="application/ld+json">{"@context":"https://schema.org/","@type":"Product","name":"Encore Cat Chicken with Salmon","image":["https://media.zooplus.com/bilder/4/400/413997_pla_encore_cat_huhn_lachs_hs_01_4.jpg","https://media.zooplus.com/bilder/2/400/413997_encore_cat_huhn_lachs_hs_02_2.jpg","https://media.zooplus.com/bilder/9/400/413997_encore_cat_huhn_lachs_hs_03_9.jpg","https://media.zooplus.com/bilder/5/400/413997_encore_cat_huhn_lachs_hs_04_5.jpg"],"description":"Encore Cat Chicken with Salmon is a delicious dry food for cats, made with&nbsp;<strong>100% natural ingredients</strong>. The main ingredients are chicken and salmon, which form over 80% of the recipe and provide essential protein. This kibble contains no grains, gluten or other allergies, making it an ideal choice as a delectable&nbsp;<strong>hypoallergenic</strong>&nbsp;option for more sensitive cats. This food is easy to digest and contains potato as a digestible source of carbohydrate and fibre.<br>\nThis&nbsp;Encore Cat Chicken with Salmon provides&nbsp;<strong>omega-3 fatty acids</strong>&nbsp;from salmon oil, which helps to keep skin and coat healthy as well as supporting healthy brain function. It provides your cat with essential vitamins, minerals and taurine, a vital amino acid for supporting heart and vision.&nbsp;Encore Cat Chicken with Salmon also contains yucca schidigera to help reduce unpleasant stool odour.<br>\n<br>\n<strong>Encore Cat Chicken with Salmon at a glance:</strong>\n<ul>\n\t<li>Delicious dry food for cats</li>\n\t<li><strong>Protein-rich:&nbsp;</strong>with a high content of chicken and salmon</li>\n\t<li><strong>Hypoallergenic:&nbsp;</strong>free from allergens such as grains and gluten</li>\n\t<li><strong>Natural ingredients:&nbsp;</strong>free from artificial flavour enhancers and preservatives</li>\n\t<li><strong>Contains omega-3 fatty acids:&nbsp;</strong>to support skin and coat, as well as maintain healthy brain function</li>\n\t<li><b>With brown algae:&nbsp;</b>natural source of minerals</li>\n\t<li><strong>Source of taurine:&nbsp;</strong>essential amino acid for healthy heart function and strong vision</li>\n\t<li><b>Contains yucca schidigera:&nbsp;</b>can help to reduce unpleasant stool odour</li>\n\t<li><strong>Balanced recipe:&nbsp;</strong>suitable as a complete food for daily feeding</li>\n</ul>\n","brand":{"@type":"Brand","name":"Encore"},"Review":[{"@type":"Review","author":{"@type":"Person","name":"[Anonymous User]"},"datePublished":"2024-04-21","reviewBody":"My cat loved this so much it was like I had opened a bag of treats - mixed the encore biscuits with the last of his previous brand and he would try and pick the encore ones out!","name":"Crazy cat ","reviewRating":{"@type":"Rating","bestRating":"5","ratingValue":"5","worstRating":"1"}},{"@type":"Review","author":{"@type":"Person","name":"Jolanta "},"datePublished":"2024-01-23","reviewBody":"The composition of the food seems to be good, but my cats don&#39;t really want to eat it, unfortunately","name":"Ragdoll and Turkish angora","reviewRating":{"@type":"Rating","bestRating":"5","ratingValue":"2","worstRating":"1"}}],"aggregateRating":{"@type":"AggregateRating","itemReviewed":{"@type":"Thing","name":"Encore Cat Chicken with Salmon"},"ratingValue":4,"reviewCount":2},"offers":[{"@type":"Offer","gtin13":"5060122491686","itemCondition":"http://schema.org/NewCondition","seller":{"@type":"Organization","name":"zooplus.co.uk","logo":"https://media.zooplus.com/bilder/0/zooplus_0.png"},"sku":"1934717.0","price":5.79,"priceSpecification":{"@type":"UnitPriceSpecification","price":5.79,"priceCurrency":"GBP","referenceQuantity":{"@type":"QuantitativeValue","value":0.8,"unitCode":"kg"}},"hasMerchantReturnPolicy":{"@type":"MerchantReturnPolicy","applicableCountry":"GB","returnPolicyCategory":"https://schema.org/MerchantReturnFiniteReturnWindow","merchantReturnDays":"14","returnMethod":"https://schema.org/ReturnByMail","returnFees":"https://schema.org/FreeReturn"},"priceCurrency":"GBP","availability":"http://schema.org/InStock","shippingDetails":{"@type":"OfferShippingDetails","shippingDestination":{"@type":"DefinedRegion","addressCountry":"GB"}}},{"@type":"Offer","gtin13":"5060122491686","itemCondition":"http://schema.org/NewCondition","seller":{"@type":"Organization","name":"zooplus.co.uk","logo":"https://media.zooplus.com/bilder/0/zooplus_0.png"},"sku":"1934717.1","price":10.39,"priceSpecification":{"@type":"UnitPriceSpecification","price":10.39,"priceCurrency":"GBP","referenceQuantity":{"@type":"QuantitativeValue","value":1.6,"unitCode":"kg"}},"hasMerchantReturnPolicy":{"@type":"MerchantReturnPolicy","applicableCountry":"GB","returnPolicyCategory":"https://schema.org/MerchantReturnFiniteReturnWindow","merchantReturnDays":"14","returnMethod":"https://schema.org/ReturnByMail","returnFees":"https://schema.org/FreeReturn"},"priceCurrency":"GBP","availability":"http://schema.org/InStock","shippingDetails":{"@type":"OfferShippingDetails","shippingDestination":{"@type":"DefinedRegion","addressCountry":"GB"}}}]}</script><script type="application/ld+json">{"@context":"https://schema.org","@type":"BreadcrumbList","itemListElement":[{"@type":"ListItem","position":1,"name":"zooplus.co.uk","item":"https://www.zooplus.co.uk/"},{"@type":"ListItem","position":2,"name":"Cat","item":"https://www.zooplus.co.uk/shop/cats"},{"@type":"ListItem","position":3,"name":"Dry Cat Food","item":"https://www.zooplus.co.uk/shop/cats/dry_cat_food"},{"@type":"ListItem","position":4,"name":"Encore","item":"https://www.zooplus.co.uk/shop/cats/dry_cat_food/encore"}]}</script><link rel="preload" as="image" href="https://media.zooplus.com/bilder/4/50/413997_pla_encore_cat_huhn_lachs_hs_01_4.jpg"><link rel="preload" as="image" href="https://media.zooplus.com/bilder/4/400/413997_pla_encore_cat_huhn_lachs_hs_01_4.jpg"><style>
    @font-face {
        font-family: 'Nunito';
        font-style: normal;
        font-weight: 400;
        src: url('https://cdn.public.zooplus.net/media/ui-components/v6-latest/fonts/nunito-cyrillic_latin-regular.woff2') format('woff2');
    }

    @font-face {
        font-family: 'Nunito';
        font-style: italic;
        font-weight: 400;
        src: url('https://cdn.public.zooplus.net/media/ui-components/v6-latest/fonts/nunito-cyrillic_latin-italic.woff2') format('woff2');
    }

    @font-face {
        font-family: 'Nunito';
        font-style: normal;
        font-weight: 500;
        src: url('https://cdn.public.zooplus.net/media/ui-components/v6-latest/fonts/nunito-cyrillic_latin-500.woff2') format('woff2');
    }

    @font-face {
        font-family: 'Nunito';
        font-style: normal;
        font-weight: 700;
        src: url('https://cdn.public.zooplus.net/media/ui-components/v6-latest/fonts/nunito-cyrillic_latin-700.woff2') format('woff2');
    }
</style><meta name="next-head-count" content="23"><link rel="stylesheet" href="https://cdn.public.zooplus.net/media/ui-components/v6-latest/css/library-legacy-v5.min.css"><link rel="stylesheet" href="https://cdn.public.zooplus.net/media/ui-components/v6-latest/css/library-base.min.css"><link rel="stylesheet" href="https://cdn.public.zooplus.net/media/ui-components/v6-latest/css/library-components.min.css"><link rel="preload" href="/_next/static/css/cae36b3e305d46db.css" as="style"><link rel="stylesheet" href="/_next/static/css/cae36b3e305d46db.css" data-n-g=""><link rel="preload" href="/_next/static/css/6a08727738590245.css" as="style"><link rel="stylesheet" href="/_next/static/css/6a08727738590245.css" data-n-p=""><link rel="preload" href="/_next/static/css/24b342d27fb404ca.css" as="style"><link rel="stylesheet" href="/_next/static/css/24b342d27fb404ca.css" data-n-p=""><link rel="preload" href="/_next/static/css/a82d126a70095103.css" as="style"><link rel="stylesheet" href="/_next/static/css/a82d126a70095103.css" data-n-p=""><link rel="preload" href="/_next/static/css/bdbac9e7e2197d6a.css" as="style"><link rel="stylesheet" href="/_next/static/css/bdbac9e7e2197d6a.css" data-n-p=""><link rel="preload" href="/_next/static/css/a537805e613d1abb.css" as="style"><link rel="stylesheet" href="/_next/static/css/a537805e613d1abb.css" data-n-p=""><link rel="preload" href="/_next/static/css/64c326c78b543f82.css" as="style"><link rel="stylesheet" href="/_next/static/css/64c326c78b543f82.css" data-n-p=""><noscript data-n-css=""></noscript><script defer="" nomodule="" src="/_next/static/chunks/polyfills-c67a75d1b6f99dc8.js"></script><script src="https://code.jquery.com/jquery-3.6.0.min.js" defer="" data-nscript="beforeInteractive"></script><script src="https://cdn.public.zooplus.net/media/vendor-assets-manager/js/shop/events-bus.js" defer="" data-nscript="beforeInteractive"></script><script src="/_next/static/chunks/webpack-4dac4badcfc35d8e.js" defer=""></script><script src="/_next/static/chunks/framework-f4eb77e530f70951.js" defer=""></script><script src="/_next/static/chunks/main-6c07046dbd0fbc79.js" defer=""></script><script src="/_next/static/chunks/pages/_app-6cc2b9407ba6cd0c.js" defer=""></script><script src="/_next/static/chunks/f69bbb46-79b47bdc103d797a.js" defer=""></script><script src="/_next/static/chunks/436-03fa0a76020134f8.js" defer=""></script><script src="/_next/static/chunks/757-5ef4d2220bc87702.js" defer=""></script><script src="/_next/static/chunks/141-60f9773131011fe8.js" defer=""></script><script src="/_next/static/chunks/186-5c7c9ea25d149a23.js" defer=""></script><script src="/_next/static/chunks/570-e42c22d36ece19e5.js" defer=""></script><script src="/_next/static/chunks/558-885635654c2c1cee.js" defer=""></script><script src="/_next/static/chunks/660-422c657598cc5fc4.js" defer=""></script><script src="/_next/static/chunks/748-9dfba63005dd9936.js" defer=""></script><script src="/_next/static/chunks/pages/index-470d06f2eda197d7.js" defer=""></script><script src="/_next/static/_zajBA6KOOI1Qii1Yh9u6/_buildManifest.js" defer=""></script><script src="/_next/static/_zajBA6KOOI1Qii1Yh9u6/_ssgManifest.js" defer=""></script><style type="text/css">.Flyout-module_flyout__qLvdx {
    display: none;
    flex-direction: column;
    position: absolute;
    width: 100%;
    right: 0;
    top: 56px;
    z-index: 3;
    box-shadow:
            0px 4px 14px 0px rgba(0, 0, 0, 0.1),
            0px 2px 10px 0px rgba(0, 0, 0, 0.08);
}

@media (min-width: 544px) {

    .Flyout-module_flyout__qLvdx {
        border-bottom: none;
        border-radius: 12px;
        border-radius: var(--pp-spacing-s, 12px);
        right: 15px;
        top: 35px;
        min-width: 240px;
        max-width: 300px;
    }
}

.Flyout-module_flyoutVisible__u9qJE {

    display: flex;
}

.Flyout-module_link__o7Tl6 {
    display: flex;
    justify-content: flex-start;
    align-items: center;
    height: 44px;
    padding: 8px 12px;
    padding: var(--pp-spacing-xs, 8px) var(--pp-spacing-s, 12px);
    background-color: #fff;
    background-color: var(--pp-color-surface-static-default, #fff);
    z-index: 2;
    overflow: hidden;
    color: var(--pp-color-text-default);
    font-size: var(--pp-font-copy-medium);
    line-height: 22px;
    font-weight: normal;
    cursor: pointer;
    text-decoration: none;
}

.Flyout-module_link__o7Tl6:first-child {
    border-radius: 6px 6px 0 0;
}

.Flyout-module_link__o7Tl6:last-child {
    border-radius: 0 0 6px 6px;
}

.Flyout-module_link__o7Tl6:not(:last-child) {
    border-bottom: 1px solid #e5e2dc;
    border-bottom: 1px solid var(--pp-color-surface-action-neutral-default, #e5e2dc);
}

.Flyout-module_link__o7Tl6:hover {
    color: var(--pp-color-text-primary);
    background: linear-gradient(
            0deg,
            rgba(211, 208, 202, 0.2) 0%,
            rgba(211, 208, 202, 0.2) 100%
    ),
    #fff;
    background: linear-gradient(
            0deg,
            var(--pp-color-surface-action-snow-hover, rgba(211, 208, 202, 0.2)) 0%,
            var(--pp-color-surface-action-snow-hover, rgba(211, 208, 202, 0.2)) 100%
    ),
    var(--pp-color-surface-action-snow-default, #fff);
}

.Flyout-module_logoutLink__6nAVe {

    padding-top: 15px;
    padding-bottom: 15px;
    color: var(--pp-color-text-primary);
    font-weight: bold;
    background-color: var(--pp-color-surface-static-neutral);
    justify-content: center;
}

.Flyout-module_linkText__OZGD8 {
    display: inline-flex;
    flex: 1;
    justify-content: space-between;
}

.Flyout-module_badge__qeCoV {
    height: 20px;
    min-width: 26px;
    padding: 0px 6px;
    text-align: center;
    border-radius: 16px;
    color: var(--pp-color-text-default);
    background-color: var(--pp-color-special-promotion);
    font: var(--pp-font-copy-medium-heavy);
}
</style><style type="text/css">.FlyoutLegacy-module_flyout__tVGOV {
    display: none;
    flex-direction: column;
    position: absolute;
    width: 100%;
    right: 0;
    top: 56px;
    z-index: 3;
    box-shadow: 0 6px 25px -6px rgba(78, 95, 116, 0.5);
}

@media (min-width: 544px) {

    .FlyoutLegacy-module_flyout__tVGOV {
        border-bottom: none;
        border-radius: 6px;
        right: 15px;
        top: 35px;
        min-width: 240px;
    }
}

.FlyoutLegacy-module_flyoutVisible__FgDok {

    display: flex;
}

.FlyoutLegacy-module_link__C9NYQ {
    display: flex;
    justify-content: center;
    align-items: center;
    padding: 12px 20px;
    background-color: var(--z-color-white);
    z-index: 2;
    overflow: hidden;
    color: var(--z-color-neutral-dark);
    font-size: 14px;
    line-height: 18px;
    font-weight: normal;
    cursor: pointer;
    text-decoration: none;
}

.FlyoutLegacy-module_link__C9NYQ:first-child {
    border-radius: 6px 6px 0 0;
}

.FlyoutLegacy-module_link__C9NYQ:last-child {
    border-radius: 0 0 6px 6px;
}

.FlyoutLegacy-module_link__C9NYQ:not(:last-child) {
    border-bottom: 1px solid var(--z-color-neutral-light);
}

.FlyoutLegacy-module_link__C9NYQ:hover {
    color: var(--z-color-primary-dark);
    background: var(--z-color-neutral-ultralight);
}

@media (min-width: 544px) {

    .FlyoutLegacy-module_link__C9NYQ {
        justify-content: flex-start;
    }
}

.FlyoutLegacy-module_logoutLink__Y08fd {

    padding-top: 15px;
    padding-bottom: 15px;
    color: var(--z-color-primary);
    font-weight: bold;
    background: var(--z-color-neutral-ultralight);
    justify-content: center;
}

@media (min-width: 544px) {

    .FlyoutLegacy-module_logoutLink__Y08fd {
        justify-content: center;
    }
}

.FlyoutLegacy-module_linkText__-7pXc {
    position: relative;
}

.FlyoutLegacy-module_badge__fInt0 {
    position: absolute;
    left: 100%;
    display: inline-block;
    margin-left: 5px;
    padding: 2px 10px;
    border-radius: 4px;
    background-color: var(--z-color-info-ultralight);
    color: var(--z-color-neutrla-mid);
    font-size: 12px;
    line-height: 16px;
}
</style><style type="text/css">.Account-module_accountWrapper__QiiTp {
    position: relative;
    display: flex;
    justify-content: center;
    align-items: center;
    height: 36px;
    padding: 0 0 0 15px;
}

.Account-module_linkText__YMluc {
    vertical-align: middle;
}

.Account-module_primaryIcon__2zRft {
    display: inline-block;
    vertical-align: middle;
    fill: currentColor;
    position: relative;
    margin-right: 0;
}

.Account-module_primaryIconNoMargin__cw6Y2 {
    margin-right: 12px;
    margin-right: var(--pp-spacing-s, 12px);
}

.Account-module_primaryIconWithFlyoutOpen__PzBFY::after {
    z-index: 4;
    content: '';
    width: 0;
    height: 0;
    position: absolute;
    top: calc(50% + 10px);
    left: 50%;
    transform: translateX(-50%);
    display: block;
    border-left: 7px solid transparent;
    border-right: 7px solid transparent;
    border-bottom: 7px solid #fff;
    border-bottom: 7px solid var(--pp-color-surface-static-default, #fff);
    filter: drop-shadow(-1px -1px 10px rgba(0, 0, 0, 0.2));
}

.Account-module_inlinedPrimaryIcon__RbTiG {
    display: inline-block;
    vertical-align: middle;
    height: 24px;
    margin-right: 4px;
    fill: currentColor;
}

.Account-module_accessibleText__6Scha {
    position: absolute !important;
}

.Account-module_accessibleText__6Scha {
    height: 1px;
    width: 1px;
    overflow: hidden;
    padding: 0;
    border: 0;
    clip: rect(1px 1px 1px 1px);
    clip: rect(1px, 1px, 1px, 1px);
}

.Account-module_link__M3StF {
    text-decoration: none;
    display: flex;
    align-items: center;
    padding: 0;
    font-size: 14px;
    line-height: 18px;
    font-weight: bold;
    cursor: pointer;
    white-space: nowrap;
    color: var(--pp-color-text-primary);
}

.Account-module_link__M3StF:hover,
.Account-module_link__M3StF:hover:visited {
    color: var(--pp-color-text-primary);
}

.Account-module_link__M3StF:visited {
    color: var(--pp-color-text-primary);
}
</style><style type="text/css">.AccountLegacy-module_accountWrapper__cxESR {
    position: relative;
    display: flex;
    justify-content: center;
    align-items: center;
    height: 36px;
    padding: 0 0 0 15px;
}

.AccountLegacy-module_linkText__uERqs {
    vertical-align: middle;
}

.AccountLegacy-module_primaryIcon__L0J0J {
    display: inline-block;
    vertical-align: middle;
    fill: currentColor;
    position: relative;
    margin-right: 0;
}

.AccountLegacy-module_primaryIconNoMargin__BW-lE {
    margin-right: 5px;
}

.AccountLegacy-module_primaryIconWithFlyoutOpen__B-qJ2::after {
    z-index: 4;
    content: "";
    width: 0;
    height: 0;
    position: absolute;
    top: calc(50% + 10px);
    left: 50%;
    transform: translateX(-50%);
    display: block;
    border-left: 7px solid transparent;
    border-right: 7px solid transparent;
    border-bottom: 7px solid var(--z-color-white);
    filter: drop-shadow(-1px -1px 10px rgba(0,0,0,0.2));
}

.AccountLegacy-module_inlinedPrimaryIcon__P7tHz {
    display: inline-block;
    vertical-align: middle;
    height: 24px;
    fill: currentColor;
}

.AccountLegacy-module_accessibleText__R6p0A {
    position: absolute !important;
}

.AccountLegacy-module_accessibleText__R6p0A {
    height: 1px;
    width: 1px;
    overflow: hidden;
    padding: 0;
    border: 0;
    clip: rect(1px 1px 1px 1px);
    clip: rect(1px, 1px, 1px, 1px);
}

.AccountLegacy-module_link__KTSDH {
    text-decoration: none;
    display: flex;
    align-items: center;
    padding: 0;
    font-size: 14px;
    line-height: 18px;
    font-weight: bold;
    cursor: pointer;
    white-space: nowrap;
    color: var(--z-color-primary);
}

.AccountLegacy-module_link__KTSDH:hover,
.AccountLegacy-module_link__KTSDH:hover:visited {
    color: var(--z-color-primary-dark);
}

.AccountLegacy-module_link__KTSDH:visited {
    color: var(--z-color-primary);
}
</style><style type="text/css">.AccountMobileButton-module_button__htifC {
    border: 0;
    padding: 5px;
    background: transparent;
    -webkit-appearance: none;
    -moz-appearance: none;
    appearance: none;
    display: flex;
    justify-content: center;
    cursor: pointer;
    position: relative;
    color: var(--pp-color-text-primary);
}

.AccountMobileButton-module_button__htifC:first-child {
    margin-right: 15px;
}

.AccountMobileButton-module_button__htifC:not(:first-of-type) {
    margin-left: 10px;
}

.AccountMobileButton-module_accessibleText__zB3tz {
    position: absolute !important;
}

.AccountMobileButton-module_accessibleText__zB3tz {
    height: 1px;
    width: 1px;
    overflow: hidden;
    padding: 0;
    border: 0;
    clip: rect(1px 1px 1px 1px);
    clip: rect(1px, 1px, 1px, 1px);
}

.AccountMobileButton-module_primaryIcon__RpGkl {
    display: inline-block;
    vertical-align: middle;
    margin-right: 0;
    position: relative;
    color: var(--pp-color-icon-inverse);
}

.AccountMobileButton-module_primaryIconBitiba__oLoU1 {
    color: var(--pp-color-icon-primary);
}

.AccountMobileButton-module_primaryIconWithFlyoutOpen__RC72e::after {
    z-index: 4;
    content: '';
    width: 0;
    height: 0;
    position: absolute;
    top: calc(50% + 21px);
    left: 50%;
    transform: translateX(-50%);
    display: block;
    border-left: 7px solid transparent;
    border-right: 7px solid transparent;
    border-bottom: 7px solid #fff;
    border-bottom: 7px solid var(--pp-color-surface-static-default, #fff);
    filter: drop-shadow(-1px -1px 10px rgba(0, 0, 0, 0.2));
}
</style><style type="text/css">.AccountMobileButtonLegacy-module_button__x2Qn8 {
    border: 0;
    padding: 5px;
    background: transparent;
    -webkit-appearance: none;
    -moz-appearance: none;
    appearance: none;
    display: flex;
    justify-content: center;
    cursor: pointer;
    position: relative;
    color: var(--z-color-primary);
}

.AccountMobileButtonLegacy-module_button__x2Qn8:first-child {
    margin-right: 15px;
}

.AccountMobileButtonLegacy-module_button__x2Qn8:not(:first-of-type) {
    margin-left: 10px;
}

.AccountMobileButtonLegacy-module_accessibleText__45YFM {
    position: absolute !important;
}

.AccountMobileButtonLegacy-module_accessibleText__45YFM {
    height: 1px;
    width: 1px;
    overflow: hidden;
    padding: 0;
    border: 0;
    clip: rect(1px 1px 1px 1px);
    clip: rect(1px, 1px, 1px, 1px);
}

.AccountMobileButtonLegacy-module_primaryIcon__3BFQY {
    display: inline-block;
    vertical-align: middle;
    margin-right: 0;
    position: relative;
    fill: currentColor;
}

.AccountMobileButtonLegacy-module_primaryIconWithFlyoutOpen__M2Prr::after {
    z-index: 4;
    content: "";
    width: 0;
    height: 0;
    position: absolute;
    top: calc(50% + 21px);
    left: 50%;
    transform: translateX(-50%);
    display: block;
    border-left: 7px solid transparent;
    border-right: 7px solid transparent;
    border-bottom: 7px solid var(--z-color-white);
    filter: drop-shadow(-1px -1px 10px rgba(0,0,0,0.2));
}
</style><style type="text/css">.EmptyBoxes-module_boxes__RRTE4 {
    max-width: 150px;
}

@keyframes EmptyBoxes-module_fadeIn1__Vg6pW {
    0%,
    25% {
        opacity: 0;
        transform: rotate(-10deg) translate3D(0, -110px, 0);
    }
    36%,
    100% {
        opacity: 1;
        transform: rotate(0) translate3D(28px, 2px, 0);
    }
}

.EmptyBoxes-module_card1__7bMiT {
    opacity: 0;
    animation: EmptyBoxes-module_fadeIn1__Vg6pW 5s cubic-bezier(0.36, 0.07, 0.19, 0.97) both;
}

@keyframes EmptyBoxes-module_fadeIn2__lgX9M {
    0%,
    24% {
        opacity: 0;
        transform: rotate(-2deg) translate3D(0, -110px, 0);
    }

    36%,
    100% {
        opacity: 1;
        transform: rotate(-3deg) translate3D(18px, 90px, 0);
    }
}

.EmptyBoxes-module_card2__sPJc4 {
    opacity: 0;
    animation: EmptyBoxes-module_fadeIn2__lgX9M 5s cubic-bezier(0.36, 0.07, 0.19, 0.97) both;
}

@keyframes EmptyBoxes-module_fadeIn3__dImMH {
    0%,
    25% {
        transform: translate3D(28px, 60px, 0);
        opacity: 1;
    }

    36%,
    100% {
        transform: translate3D(28px, 175px, 0);
    }
}

.EmptyBoxes-module_card3__K4cGr {
    animation: EmptyBoxes-module_fadeIn3__dImMH 5s cubic-bezier(0.36, 0.07, 0.19, 0.97) both;
    transform: translate3D(28px, 60px, 0);
}

@keyframes EmptyBoxes-module_heartAnimation__w7BPL {
    0%,
    10% {
        opacity: 0;
        transform: translate(200px, 2px) scale(4);
    }

    20%,
    100% {
        opacity: 1;
        transform: translate(230px, 18px) scale(1);
    }
}

.EmptyBoxes-module_heart__SzYwy {
    animation: EmptyBoxes-module_heartAnimation__w7BPL 5s cubic-bezier(0.36, 0.07, 0.19, 0.97) both;
    opacity: 0;
    transform: translate(220px, 2px) scale(4);
}
</style><style type="text/css">.ModalContent-module_modalContent__EgxcX {
    text-align: center;
}
</style><style type="text/css">.HeartButton-module_heartButton__AV5gJ {
    -webkit-appearance: none !important;
    -moz-appearance: none !important;
    appearance: none !important;
}
.HeartButton-module_heartButton__AV5gJ {
    border: 0;
    padding: 0;
    background-color: transparent;
    cursor: pointer;
    width: 44px;
    height: 44px;
    display: flex;
    align-items: center;
    justify-content: center;
}
</style><style type="text/css">.WishlistNotifications-module_container__wlygX {
    display: flex;
    justify-content: center;
    align-items: center;
    position: fixed;
    bottom: 0;
    z-index: 10; /* place it on top of the footer */
    width: 100%;
    pointer-events: none;
}

.WishlistNotifications-module_notifications__BQWdF {
    margin: 20px 15px;
    max-width: 480px;
    width: 100%;
    pointer-events: initial;
    box-shadow: 0 6px 15px 0 rgba(0, 0, 0, 0.1);
}

@media (min-width: 544px) {

    .WishlistNotifications-module_notifications__BQWdF {
        margin-bottom: 50px;
    }
}
</style><script data-domain-script="9b789a18-2f82-40ca-8773-3ea15797a159" data-language="en-GB" src="https://cdn.cookielaw.org/scripttemplates/otSDKStub.js"></script><script src="https://cdn.cookielaw.org/scripttemplates/202408.1.0/otBannerSdk.js" async="" type="text/javascript"></script><script src="https://adtm-assets.public.zooplus.net/f26cfb49ba51/f5630916434d/17ee0707d6ea/EXd1097e40320b4d1186bab66057c59773-libraryCode_source.min.js" async=""></script><script src="https://adtm-assets.public.zooplus.net/f26cfb49ba51/f5630916434d/17ee0707d6ea/RCb1225cc2968844488fcd0d51234c400d-source.min.js" async=""></script><script src="https://adtm-assets.public.zooplus.net/f26cfb49ba51/f5630916434d/17ee0707d6ea/RC126be7c8e85e4278a8ec0e3c3db8c844-source.min.js" async=""></script><script type="text/javascript" async="" src="https://cdn.public.zooplus.net/media/hopps-assets/events/js/hopps-search-engine.min.js"></script><script type="text/javascript" async="" src="https://cdn.public.zooplus.net/media/leto-assets/js/leto-min.js"></script><script src="https://adtm-assets.public.zooplus.net/f26cfb49ba51/f5630916434d/17ee0707d6ea/RC26a0c828dfc64af69ed82b57269192d9-source.min.js" async=""></script><script src="https://adtm-assets.public.zooplus.net/f26cfb49ba51/f5630916434d/17ee0707d6ea/RC5af1abdf3d364e2795bfd46fecbbb928-source.min.js" async=""></script><script src="https://adtm-assets.public.zooplus.net/f26cfb49ba51/f5630916434d/17ee0707d6ea/RC76eb33946ccb435cbbb0d4bda66b1938-source.min.js" async=""></script><script src="https://adtm-assets.public.zooplus.net/f26cfb49ba51/f5630916434d/17ee0707d6ea/RC2e3aa6dc725e4494b5d842b4f26c44d8-source.min.js" async=""></script><script src="https://adtm-assets.public.zooplus.net/f26cfb49ba51/f5630916434d/17ee0707d6ea/RC01ae06253be2437db81cbe9d2bb5fdbb-source.min.js" async=""></script><script src="https://adtm-assets.public.zooplus.net/f26cfb49ba51/f5630916434d/17ee0707d6ea/RC512015ed6ce0488db869599b46507577-source.min.js" async=""></script><script src="https://adtm-assets.public.zooplus.net/f26cfb49ba51/f5630916434d/17ee0707d6ea/RC5a3caa1b11b74f4c9ae1ca2540379903-source.min.js" async=""></script><script src="https://adtm-assets.public.zooplus.net/f26cfb49ba51/f5630916434d/17ee0707d6ea/RC7f77b3b1fa814386991978fa7f23958a-source.min.js" async=""></script><script>
    (function() {
        const page = _satellite.getVar('Analytics_Page_type');
        if(page.includes('Checkout')) {
            return
        }
        const menu = document.querySelector('nav');
        const bar = document.querySelector('#promobar-onsite');
        let promoActivated = window.sessionStorage.getItem('promoDiscount');
        let html;



        if(!promoActivated){
            html = '<div id="promobar-onsite" class="gtGreen"></div>';
        } else {
            html = '<div id="promobar-onsite" style="display:none"></div>'
        }


        if(menu&&!bar) {

            //menu.parentElement.insertAdjacentHTML('afterend', html);
            let placement = document.querySelector('div[data-zta="header-search-bar-mobile"]');
            if(placement) {
                placement.insertAdjacentHTML('afterend', html);
            }
        }



        function addSpCloseListener() {
            let spBannerCloseIcon = document.getElementsByClassName('gtCloseIcon')[0];
            if (spBannerCloseIcon) {
                spBannerCloseIcon.addEventListener("click", function() {
                    window.sessionStorage.setItem('promoDiscount', 'set');
                    let spBannerWrapper = document.getElementById('promobar-onsite');
                    spBannerWrapper.style.display = "none";
                })
            }
        }


        function addClickTracking() {
            let button = document.querySelector('#promobar-onsite .gtButton');
            if(button) {
                button.addEventListener('click', ()=>{
                    SendAdobeData('target', 'event653')
                })
            }
        }


        setTimeout(addSpCloseListener, 2000);
        setTimeout(addClickTracking, 500);

    })()
</script><script src="https://adtm-assets.public.zooplus.net/f26cfb49ba51/f5630916434d/17ee0707d6ea/RCe652acdba4a64d6c85124295d48cf2d6-source.min.js" async=""></script><script src="https://adtm-assets.public.zooplus.net/f26cfb49ba51/f5630916434d/17ee0707d6ea/RC14d3ea6b09574d59a750697ba59279fa-source.min.js" async=""></script><script src="https://adtm-assets.public.zooplus.net/f26cfb49ba51/f5630916434d/17ee0707d6ea/RC36098f90b1f540a79e71a32102ef8a9f-source.min.js" async=""></script><script src="https://adtm-assets.public.zooplus.net/f26cfb49ba51/f5630916434d/17ee0707d6ea/RC2f480bb8089a40c99cd8334f2f7c5b64-source.min.js" async=""></script><script src="https://adtm-assets.public.zooplus.net/f26cfb49ba51/f5630916434d/17ee0707d6ea/RCb14d0d6d0c524b4b8ea636255b35c1e6-source.min.js" async=""></script><script src="https://adtm-assets.public.zooplus.net/f26cfb49ba51/f5630916434d/17ee0707d6ea/RCb6295037d7f54b37bd0e47f018d72bfa-source.min.js" async=""></script><script src="https://adtm-assets.public.zooplus.net/f26cfb49ba51/f5630916434d/17ee0707d6ea/RC6e134177452145c29dbe4423f90edd6d-source.min.js" async=""></script><script type="text/javascript" async="" data-source="adb" src="https://cdn.public.zooplus.net/media/zootopia-assets/zootopia-min.js"></script><style id="onetrust-style">#onetrust-banner-sdk .onetrust-vendors-list-handler{cursor:pointer;color:#1f96db;font-size:inherit;font-weight:bold;text-decoration:none;margin-left:5px}#onetrust-banner-sdk .onetrust-vendors-list-handler:hover{color:#1f96db}#onetrust-banner-sdk:focus{outline:2px solid #000;outline-offset:-2px}#onetrust-banner-sdk a:focus{outline:2px solid #000}#onetrust-banner-sdk #onetrust-accept-btn-handler,#onetrust-banner-sdk #onetrust-reject-all-handler,#onetrust-banner-sdk #onetrust-pc-btn-handler{outline-offset:1px}#onetrust-banner-sdk.ot-bnr-w-logo .ot-bnr-logo{height:64px;width:64px}#onetrust-banner-sdk .ot-tcf2-vendor-count.ot-text-bold{font-weight:bold}#onetrust-banner-sdk .ot-close-icon,#onetrust-pc-sdk .ot-close-icon,#ot-sync-ntfy .ot-close-icon{background-size:contain;background-repeat:no-repeat;background-position:center;height:12px;width:12px}#onetrust-banner-sdk .powered-by-logo,#onetrust-banner-sdk .ot-pc-footer-logo a,#onetrust-pc-sdk .powered-by-logo,#onetrust-pc-sdk .ot-pc-footer-logo a,#ot-sync-ntfy .powered-by-logo,#ot-sync-ntfy .ot-pc-footer-logo a{background-size:contain;background-repeat:no-repeat;background-position:center;height:25px;width:152px;display:block;text-decoration:none;font-size:.75em}#onetrust-banner-sdk .powered-by-logo:hover,#onetrust-banner-sdk .ot-pc-footer-logo a:hover,#onetrust-pc-sdk .powered-by-logo:hover,#onetrust-pc-sdk .ot-pc-footer-logo a:hover,#ot-sync-ntfy .powered-by-logo:hover,#ot-sync-ntfy .ot-pc-footer-logo a:hover{color:#565656}#onetrust-banner-sdk h3 *,#onetrust-banner-sdk h4 *,#onetrust-banner-sdk h6 *,#onetrust-banner-sdk button *,#onetrust-banner-sdk a[data-parent-id] *,#onetrust-pc-sdk h3 *,#onetrust-pc-sdk h4 *,#onetrust-pc-sdk h6 *,#onetrust-pc-sdk button *,#onetrust-pc-sdk a[data-parent-id] *,#ot-sync-ntfy h3 *,#ot-sync-ntfy h4 *,#ot-sync-ntfy h6 *,#ot-sync-ntfy button *,#ot-sync-ntfy a[data-parent-id] *{font-size:inherit;font-weight:inherit;color:inherit}#onetrust-banner-sdk .ot-hide,#onetrust-pc-sdk .ot-hide,#ot-sync-ntfy .ot-hide{display:none !important}#onetrust-banner-sdk button.ot-link-btn:hover,#onetrust-pc-sdk button.ot-link-btn:hover,#ot-sync-ntfy button.ot-link-btn:hover{text-decoration:underline;opacity:1}#onetrust-pc-sdk .ot-sdk-row .ot-sdk-column{padding:0}#onetrust-pc-sdk .ot-sdk-container{padding-right:0}#onetrust-pc-sdk .ot-sdk-row{flex-direction:initial;width:100%}#onetrust-pc-sdk [type=checkbox]:checked,#onetrust-pc-sdk [type=checkbox]:not(:checked){pointer-events:initial}#onetrust-pc-sdk [type=checkbox]:disabled+label::before,#onetrust-pc-sdk [type=checkbox]:disabled+label:after,#onetrust-pc-sdk [type=checkbox]:disabled+label{pointer-events:none;opacity:.7}#onetrust-pc-sdk #vendor-list-content{transform:translate3d(0, 0, 0)}#onetrust-pc-sdk li input[type=checkbox]{z-index:1}#onetrust-pc-sdk li .ot-checkbox label{z-index:2}#onetrust-pc-sdk li .ot-checkbox input[type=checkbox]{height:auto;width:auto}#onetrust-pc-sdk li .host-title a,#onetrust-pc-sdk li .ot-host-name a,#onetrust-pc-sdk li .accordion-text,#onetrust-pc-sdk li .ot-acc-txt{z-index:2;position:relative}#onetrust-pc-sdk input{margin:3px .1ex}#onetrust-pc-sdk .pc-logo,#onetrust-pc-sdk .ot-pc-logo{height:60px;width:180px;background-position:center;background-size:contain;background-repeat:no-repeat;display:inline-flex;justify-content:center;align-items:center}#onetrust-pc-sdk .pc-logo img,#onetrust-pc-sdk .ot-pc-logo img{max-height:100%;max-width:100%}#onetrust-pc-sdk .screen-reader-only,#onetrust-pc-sdk .ot-scrn-rdr,.ot-sdk-cookie-policy .screen-reader-only,.ot-sdk-cookie-policy .ot-scrn-rdr{border:0;clip:rect(0 0 0 0);height:1px;margin:-1px;overflow:hidden;padding:0;position:absolute;width:1px}#onetrust-pc-sdk.ot-fade-in,.onetrust-pc-dark-filter.ot-fade-in,#onetrust-banner-sdk.ot-fade-in{animation-name:onetrust-fade-in;animation-duration:400ms;animation-timing-function:ease-in-out}#onetrust-pc-sdk.ot-hide{display:none !important}.onetrust-pc-dark-filter.ot-hide{display:none !important}#ot-sdk-btn.ot-sdk-show-settings,#ot-sdk-btn.optanon-show-settings{color:#68b631;border:1px solid #68b631;height:auto;white-space:normal;word-wrap:break-word;padding:.8em 2em;font-size:.8em;line-height:1.2;cursor:pointer;-moz-transition:.1s ease;-o-transition:.1s ease;-webkit-transition:1s ease;transition:.1s ease}#ot-sdk-btn.ot-sdk-show-settings:hover,#ot-sdk-btn.optanon-show-settings:hover{color:#fff;background-color:#68b631}.onetrust-pc-dark-filter{background:rgba(0,0,0,.5);z-index:2147483646;width:100%;height:100%;overflow:hidden;position:fixed;top:0;bottom:0;left:0}@keyframes onetrust-fade-in{0%{opacity:0}100%{opacity:1}}.ot-cookie-label{text-decoration:underline}@media only screen and (min-width: 426px)and (max-width: 896px)and (orientation: landscape){#onetrust-pc-sdk p{font-size:.75em}}#onetrust-banner-sdk .banner-option-input:focus+label{outline:1px solid #000;outline-style:auto}.category-vendors-list-handler+a:focus,.category-vendors-list-handler+a:focus-visible{outline:2px solid #000}#onetrust-pc-sdk .ot-userid-title{margin-top:10px}#onetrust-pc-sdk .ot-userid-title>span,#onetrust-pc-sdk .ot-userid-timestamp>span{font-weight:700}#onetrust-pc-sdk .ot-userid-desc{font-style:italic}#onetrust-pc-sdk .ot-host-desc a{pointer-events:initial}#onetrust-pc-sdk .ot-ven-hdr>p a{position:relative;z-index:2;pointer-events:initial}#onetrust-pc-sdk .ot-vnd-serv .ot-vnd-item .ot-vnd-info a,#onetrust-pc-sdk .ot-vs-list .ot-vnd-item .ot-vnd-info a{margin-right:auto}#onetrust-pc-sdk .ot-pc-footer-logo img{width:136px;height:16px}#onetrust-pc-sdk .ot-pur-vdr-count{font-weight:400;font-size:.7rem;padding-top:3px;display:block}#onetrust-banner-sdk .ot-optout-signal,#onetrust-pc-sdk .ot-optout-signal{border:1px solid #32ae88;border-radius:3px;padding:5px;margin-bottom:10px;background-color:#f9fffa;font-size:.85rem;line-height:2}#onetrust-banner-sdk .ot-optout-signal .ot-optout-icon,#onetrust-pc-sdk .ot-optout-signal .ot-optout-icon{display:inline;margin-right:5px}#onetrust-banner-sdk .ot-optout-signal svg,#onetrust-pc-sdk .ot-optout-signal svg{height:20px;width:30px;transform:scale(0.5)}#onetrust-banner-sdk .ot-optout-signal svg path,#onetrust-pc-sdk .ot-optout-signal svg path{fill:#32ae88}#onetrust-consent-sdk .ot-general-modal{overflow:hidden;position:fixed;margin:0 auto;top:50%;left:50%;width:40%;padding:1.5rem;max-width:575px;min-width:575px;z-index:2147483647;border-radius:2.5px;transform:translate(-50%, -50%)}#onetrust-consent-sdk .ot-signature-health-group{margin-top:1rem;padding-left:1.25rem;padding-right:1.25rem;margin-bottom:.625rem;width:calc(100% - 2.5rem)}#onetrust-consent-sdk .ot-signature-health-group .ot-signature-health-form{gap:.5rem}#onetrust-consent-sdk .ot-signature-health .ot-signature-health-form{width:70%;gap:.35rem}#onetrust-consent-sdk .ot-signature-health .ot-signature-input{height:38px;padding:6px 10px;background-color:#fff;border:1px solid #d1d1d1;border-radius:4px;box-shadow:none;box-sizing:border-box}#onetrust-consent-sdk .ot-signature-health .ot-signature-subtitle{font-size:1.125rem}#onetrust-consent-sdk .ot-signature-health .ot-signature-group-title{font-size:1.25rem;font-weight:bold}#onetrust-consent-sdk .ot-signature-health,#onetrust-consent-sdk .ot-signature-health-group{display:flex;flex-direction:column;gap:1rem}#onetrust-consent-sdk .ot-signature-health .ot-signature-cont,#onetrust-consent-sdk .ot-signature-health-group .ot-signature-cont{display:flex;flex-direction:column;gap:.25rem}#onetrust-consent-sdk .ot-signature-health .ot-signature-paragraph,#onetrust-consent-sdk .ot-signature-health-group .ot-signature-paragraph{margin:0;line-height:20px;font-size:max(14px,.875rem)}#onetrust-consent-sdk .ot-signature-health .ot-health-signature-error,#onetrust-consent-sdk .ot-signature-health-group .ot-health-signature-error{color:#4d4d4d;font-size:min(12px,.75rem)}#onetrust-consent-sdk .ot-signature-health .ot-signature-buttons-cont,#onetrust-consent-sdk .ot-signature-health-group .ot-signature-buttons-cont{margin-top:max(.75rem,2%);gap:1rem;display:flex;justify-content:flex-end}#onetrust-consent-sdk .ot-signature-health .ot-signature-button,#onetrust-consent-sdk .ot-signature-health-group .ot-signature-button{flex:1;height:auto;color:#fff;cursor:pointer;line-height:1.2;min-width:125px;font-weight:600;font-size:.813em;border-radius:2px;padding:12px 10px;white-space:normal;word-wrap:break-word;word-break:break-word;background-color:#68b631;border:2px solid #68b631}#onetrust-consent-sdk .ot-signature-health .ot-signature-button.reject,#onetrust-consent-sdk .ot-signature-health-group .ot-signature-button.reject{background-color:#fff}#onetrust-consent-sdk .ot-input-field-cont{display:flex;flex-direction:column;gap:.5rem}#onetrust-consent-sdk .ot-input-field-cont .ot-signature-input{width:65%}#onetrust-consent-sdk .ot-signature-health-form{display:flex;flex-direction:column}#onetrust-consent-sdk .ot-signature-health-form .ot-signature-label{margin-bottom:0;line-height:20px;font-size:max(14px,.875rem)}@media only screen and (max-width: 600px){#onetrust-consent-sdk .ot-general-modal{min-width:100%}#onetrust-consent-sdk .ot-signature-health .ot-signature-health-form{width:100%}#onetrust-consent-sdk .ot-input-field-cont .ot-signature-input{width:100%}}#onetrust-banner-sdk,#onetrust-pc-sdk,#ot-sdk-cookie-policy,#ot-sync-ntfy{font-size:16px}#onetrust-banner-sdk *,#onetrust-banner-sdk ::after,#onetrust-banner-sdk ::before,#onetrust-pc-sdk *,#onetrust-pc-sdk ::after,#onetrust-pc-sdk ::before,#ot-sdk-cookie-policy *,#ot-sdk-cookie-policy ::after,#ot-sdk-cookie-policy ::before,#ot-sync-ntfy *,#ot-sync-ntfy ::after,#ot-sync-ntfy ::before{-webkit-box-sizing:content-box;-moz-box-sizing:content-box;box-sizing:content-box}#onetrust-banner-sdk div,#onetrust-banner-sdk span,#onetrust-banner-sdk h1,#onetrust-banner-sdk h2,#onetrust-banner-sdk h3,#onetrust-banner-sdk h4,#onetrust-banner-sdk h5,#onetrust-banner-sdk h6,#onetrust-banner-sdk p,#onetrust-banner-sdk img,#onetrust-banner-sdk svg,#onetrust-banner-sdk button,#onetrust-banner-sdk section,#onetrust-banner-sdk a,#onetrust-banner-sdk label,#onetrust-banner-sdk input,#onetrust-banner-sdk ul,#onetrust-banner-sdk li,#onetrust-banner-sdk nav,#onetrust-banner-sdk table,#onetrust-banner-sdk thead,#onetrust-banner-sdk tr,#onetrust-banner-sdk td,#onetrust-banner-sdk tbody,#onetrust-banner-sdk .ot-main-content,#onetrust-banner-sdk .ot-toggle,#onetrust-banner-sdk #ot-content,#onetrust-banner-sdk #ot-pc-content,#onetrust-banner-sdk .checkbox,#onetrust-pc-sdk div,#onetrust-pc-sdk span,#onetrust-pc-sdk h1,#onetrust-pc-sdk h2,#onetrust-pc-sdk h3,#onetrust-pc-sdk h4,#onetrust-pc-sdk h5,#onetrust-pc-sdk h6,#onetrust-pc-sdk p,#onetrust-pc-sdk img,#onetrust-pc-sdk svg,#onetrust-pc-sdk button,#onetrust-pc-sdk section,#onetrust-pc-sdk a,#onetrust-pc-sdk label,#onetrust-pc-sdk input,#onetrust-pc-sdk ul,#onetrust-pc-sdk li,#onetrust-pc-sdk nav,#onetrust-pc-sdk table,#onetrust-pc-sdk thead,#onetrust-pc-sdk tr,#onetrust-pc-sdk td,#onetrust-pc-sdk tbody,#onetrust-pc-sdk .ot-main-content,#onetrust-pc-sdk .ot-toggle,#onetrust-pc-sdk #ot-content,#onetrust-pc-sdk #ot-pc-content,#onetrust-pc-sdk .checkbox,#ot-sdk-cookie-policy div,#ot-sdk-cookie-policy span,#ot-sdk-cookie-policy h1,#ot-sdk-cookie-policy h2,#ot-sdk-cookie-policy h3,#ot-sdk-cookie-policy h4,#ot-sdk-cookie-policy h5,#ot-sdk-cookie-policy h6,#ot-sdk-cookie-policy p,#ot-sdk-cookie-policy img,#ot-sdk-cookie-policy svg,#ot-sdk-cookie-policy button,#ot-sdk-cookie-policy section,#ot-sdk-cookie-policy a,#ot-sdk-cookie-policy label,#ot-sdk-cookie-policy input,#ot-sdk-cookie-policy ul,#ot-sdk-cookie-policy li,#ot-sdk-cookie-policy nav,#ot-sdk-cookie-policy table,#ot-sdk-cookie-policy thead,#ot-sdk-cookie-policy tr,#ot-sdk-cookie-policy td,#ot-sdk-cookie-policy tbody,#ot-sdk-cookie-policy .ot-main-content,#ot-sdk-cookie-policy .ot-toggle,#ot-sdk-cookie-policy #ot-content,#ot-sdk-cookie-policy #ot-pc-content,#ot-sdk-cookie-policy .checkbox,#ot-sync-ntfy div,#ot-sync-ntfy span,#ot-sync-ntfy h1,#ot-sync-ntfy h2,#ot-sync-ntfy h3,#ot-sync-ntfy h4,#ot-sync-ntfy h5,#ot-sync-ntfy h6,#ot-sync-ntfy p,#ot-sync-ntfy img,#ot-sync-ntfy svg,#ot-sync-ntfy button,#ot-sync-ntfy section,#ot-sync-ntfy a,#ot-sync-ntfy label,#ot-sync-ntfy input,#ot-sync-ntfy ul,#ot-sync-ntfy li,#ot-sync-ntfy nav,#ot-sync-ntfy table,#ot-sync-ntfy thead,#ot-sync-ntfy tr,#ot-sync-ntfy td,#ot-sync-ntfy tbody,#ot-sync-ntfy .ot-main-content,#ot-sync-ntfy .ot-toggle,#ot-sync-ntfy #ot-content,#ot-sync-ntfy #ot-pc-content,#ot-sync-ntfy .checkbox{font-family:inherit;font-weight:normal;-webkit-font-smoothing:auto;letter-spacing:normal;line-height:normal;padding:0;margin:0;height:auto;min-height:0;max-height:none;width:auto;min-width:0;max-width:none;border-radius:0;border:none;clear:none;float:none;position:static;bottom:auto;left:auto;right:auto;top:auto;text-align:left;text-decoration:none;text-indent:0;text-shadow:none;text-transform:none;white-space:normal;background:none;overflow:visible;vertical-align:baseline;visibility:visible;z-index:auto;box-shadow:none}#onetrust-banner-sdk label:before,#onetrust-banner-sdk label:after,#onetrust-banner-sdk .checkbox:after,#onetrust-banner-sdk .checkbox:before,#onetrust-pc-sdk label:before,#onetrust-pc-sdk label:after,#onetrust-pc-sdk .checkbox:after,#onetrust-pc-sdk .checkbox:before,#ot-sdk-cookie-policy label:before,#ot-sdk-cookie-policy label:after,#ot-sdk-cookie-policy .checkbox:after,#ot-sdk-cookie-policy .checkbox:before,#ot-sync-ntfy label:before,#ot-sync-ntfy label:after,#ot-sync-ntfy .checkbox:after,#ot-sync-ntfy .checkbox:before{content:"";content:none}#onetrust-banner-sdk .ot-sdk-container,#onetrust-pc-sdk .ot-sdk-container,#ot-sdk-cookie-policy .ot-sdk-container{position:relative;width:100%;max-width:100%;margin:0 auto;padding:0 20px;box-sizing:border-box}#onetrust-banner-sdk .ot-sdk-column,#onetrust-banner-sdk .ot-sdk-columns,#onetrust-pc-sdk .ot-sdk-column,#onetrust-pc-sdk .ot-sdk-columns,#ot-sdk-cookie-policy .ot-sdk-column,#ot-sdk-cookie-policy .ot-sdk-columns{width:100%;float:left;box-sizing:border-box;padding:0;display:initial}@media(min-width: 400px){#onetrust-banner-sdk .ot-sdk-container,#onetrust-pc-sdk .ot-sdk-container,#ot-sdk-cookie-policy .ot-sdk-container{width:90%;padding:0}}@media(min-width: 550px){#onetrust-banner-sdk .ot-sdk-container,#onetrust-pc-sdk .ot-sdk-container,#ot-sdk-cookie-policy .ot-sdk-container{width:100%}#onetrust-banner-sdk .ot-sdk-column,#onetrust-banner-sdk .ot-sdk-columns,#onetrust-pc-sdk .ot-sdk-column,#onetrust-pc-sdk .ot-sdk-columns,#ot-sdk-cookie-policy .ot-sdk-column,#ot-sdk-cookie-policy .ot-sdk-columns{margin-left:4%}#onetrust-banner-sdk .ot-sdk-column:first-child,#onetrust-banner-sdk .ot-sdk-columns:first-child,#onetrust-pc-sdk .ot-sdk-column:first-child,#onetrust-pc-sdk .ot-sdk-columns:first-child,#ot-sdk-cookie-policy .ot-sdk-column:first-child,#ot-sdk-cookie-policy .ot-sdk-columns:first-child{margin-left:0}#onetrust-banner-sdk .ot-sdk-two.ot-sdk-columns,#onetrust-pc-sdk .ot-sdk-two.ot-sdk-columns,#ot-sdk-cookie-policy .ot-sdk-two.ot-sdk-columns{width:13.3333333333%}#onetrust-banner-sdk .ot-sdk-three.ot-sdk-columns,#onetrust-pc-sdk .ot-sdk-three.ot-sdk-columns,#ot-sdk-cookie-policy .ot-sdk-three.ot-sdk-columns{width:22%}#onetrust-banner-sdk .ot-sdk-four.ot-sdk-columns,#onetrust-pc-sdk .ot-sdk-four.ot-sdk-columns,#ot-sdk-cookie-policy .ot-sdk-four.ot-sdk-columns{width:30.6666666667%}#onetrust-banner-sdk .ot-sdk-eight.ot-sdk-columns,#onetrust-pc-sdk .ot-sdk-eight.ot-sdk-columns,#ot-sdk-cookie-policy .ot-sdk-eight.ot-sdk-columns{width:65.3333333333%}#onetrust-banner-sdk .ot-sdk-nine.ot-sdk-columns,#onetrust-pc-sdk .ot-sdk-nine.ot-sdk-columns,#ot-sdk-cookie-policy .ot-sdk-nine.ot-sdk-columns{width:74%}#onetrust-banner-sdk .ot-sdk-ten.ot-sdk-columns,#onetrust-pc-sdk .ot-sdk-ten.ot-sdk-columns,#ot-sdk-cookie-policy .ot-sdk-ten.ot-sdk-columns{width:82.6666666667%}#onetrust-banner-sdk .ot-sdk-eleven.ot-sdk-columns,#onetrust-pc-sdk .ot-sdk-eleven.ot-sdk-columns,#ot-sdk-cookie-policy .ot-sdk-eleven.ot-sdk-columns{width:91.3333333333%}#onetrust-banner-sdk .ot-sdk-twelve.ot-sdk-columns,#onetrust-pc-sdk .ot-sdk-twelve.ot-sdk-columns,#ot-sdk-cookie-policy .ot-sdk-twelve.ot-sdk-columns{width:100%;margin-left:0}}#onetrust-banner-sdk h1,#onetrust-banner-sdk h2,#onetrust-banner-sdk h3,#onetrust-banner-sdk h4,#onetrust-banner-sdk h5,#onetrust-banner-sdk h6,#onetrust-pc-sdk h1,#onetrust-pc-sdk h2,#onetrust-pc-sdk h3,#onetrust-pc-sdk h4,#onetrust-pc-sdk h5,#onetrust-pc-sdk h6,#ot-sdk-cookie-policy h1,#ot-sdk-cookie-policy h2,#ot-sdk-cookie-policy h3,#ot-sdk-cookie-policy h4,#ot-sdk-cookie-policy h5,#ot-sdk-cookie-policy h6{margin-top:0;font-weight:600;font-family:inherit}#onetrust-banner-sdk h1,#onetrust-pc-sdk h1,#ot-sdk-cookie-policy h1{font-size:1.5rem;line-height:1.2}#onetrust-banner-sdk h2,#onetrust-pc-sdk h2,#ot-sdk-cookie-policy h2{font-size:1.5rem;line-height:1.25}#onetrust-banner-sdk h3,#onetrust-pc-sdk h3,#ot-sdk-cookie-policy h3{font-size:1.5rem;line-height:1.3}#onetrust-banner-sdk h4,#onetrust-pc-sdk h4,#ot-sdk-cookie-policy h4{font-size:1.5rem;line-height:1.35}#onetrust-banner-sdk h5,#onetrust-pc-sdk h5,#ot-sdk-cookie-policy h5{font-size:1.5rem;line-height:1.5}#onetrust-banner-sdk h6,#onetrust-pc-sdk h6,#ot-sdk-cookie-policy h6{font-size:1.5rem;line-height:1.6}@media(min-width: 550px){#onetrust-banner-sdk h1,#onetrust-pc-sdk h1,#ot-sdk-cookie-policy h1{font-size:1.5rem}#onetrust-banner-sdk h2,#onetrust-pc-sdk h2,#ot-sdk-cookie-policy h2{font-size:1.5rem}#onetrust-banner-sdk h3,#onetrust-pc-sdk h3,#ot-sdk-cookie-policy h3{font-size:1.5rem}#onetrust-banner-sdk h4,#onetrust-pc-sdk h4,#ot-sdk-cookie-policy h4{font-size:1.5rem}#onetrust-banner-sdk h5,#onetrust-pc-sdk h5,#ot-sdk-cookie-policy h5{font-size:1.5rem}#onetrust-banner-sdk h6,#onetrust-pc-sdk h6,#ot-sdk-cookie-policy h6{font-size:1.5rem}}#onetrust-banner-sdk p,#onetrust-pc-sdk p,#ot-sdk-cookie-policy p{margin:0 0 1em 0;font-family:inherit;line-height:normal}#onetrust-banner-sdk a,#onetrust-pc-sdk a,#ot-sdk-cookie-policy a{color:#565656;text-decoration:underline}#onetrust-banner-sdk a:hover,#onetrust-pc-sdk a:hover,#ot-sdk-cookie-policy a:hover{color:#565656;text-decoration:none}#onetrust-banner-sdk .ot-sdk-button,#onetrust-banner-sdk button,#onetrust-pc-sdk .ot-sdk-button,#onetrust-pc-sdk button,#ot-sdk-cookie-policy .ot-sdk-button,#ot-sdk-cookie-policy button{margin-bottom:1rem;font-family:inherit}#onetrust-banner-sdk .ot-sdk-button,#onetrust-banner-sdk button,#onetrust-pc-sdk .ot-sdk-button,#onetrust-pc-sdk button,#ot-sdk-cookie-policy .ot-sdk-button,#ot-sdk-cookie-policy button{display:inline-block;height:38px;padding:0 30px;color:#555;text-align:center;font-size:.9em;font-weight:400;line-height:38px;letter-spacing:.01em;text-decoration:none;white-space:nowrap;background-color:rgba(0,0,0,0);border-radius:2px;border:1px solid #bbb;cursor:pointer;box-sizing:border-box}#onetrust-banner-sdk .ot-sdk-button:hover,#onetrust-banner-sdk :not(.ot-leg-btn-container)>button:not(.ot-link-btn):hover,#onetrust-banner-sdk :not(.ot-leg-btn-container)>button:not(.ot-link-btn):focus,#onetrust-pc-sdk .ot-sdk-button:hover,#onetrust-pc-sdk :not(.ot-leg-btn-container)>button:not(.ot-link-btn):hover,#onetrust-pc-sdk :not(.ot-leg-btn-container)>button:not(.ot-link-btn):focus,#ot-sdk-cookie-policy .ot-sdk-button:hover,#ot-sdk-cookie-policy :not(.ot-leg-btn-container)>button:not(.ot-link-btn):hover,#ot-sdk-cookie-policy :not(.ot-leg-btn-container)>button:not(.ot-link-btn):focus{color:#333;border-color:#888;opacity:.7}#onetrust-banner-sdk .ot-sdk-button:focus,#onetrust-banner-sdk :not(.ot-leg-btn-container)>button:focus,#onetrust-pc-sdk .ot-sdk-button:focus,#onetrust-pc-sdk :not(.ot-leg-btn-container)>button:focus,#ot-sdk-cookie-policy .ot-sdk-button:focus,#ot-sdk-cookie-policy :not(.ot-leg-btn-container)>button:focus{outline:2px solid #000}#onetrust-banner-sdk .ot-sdk-button.ot-sdk-button-primary,#onetrust-banner-sdk button.ot-sdk-button-primary,#onetrust-banner-sdk input[type=submit].ot-sdk-button-primary,#onetrust-banner-sdk input[type=reset].ot-sdk-button-primary,#onetrust-banner-sdk input[type=button].ot-sdk-button-primary,#onetrust-pc-sdk .ot-sdk-button.ot-sdk-button-primary,#onetrust-pc-sdk button.ot-sdk-button-primary,#onetrust-pc-sdk input[type=submit].ot-sdk-button-primary,#onetrust-pc-sdk input[type=reset].ot-sdk-button-primary,#onetrust-pc-sdk input[type=button].ot-sdk-button-primary,#ot-sdk-cookie-policy .ot-sdk-button.ot-sdk-button-primary,#ot-sdk-cookie-policy button.ot-sdk-button-primary,#ot-sdk-cookie-policy input[type=submit].ot-sdk-button-primary,#ot-sdk-cookie-policy input[type=reset].ot-sdk-button-primary,#ot-sdk-cookie-policy input[type=button].ot-sdk-button-primary{color:#fff;background-color:#33c3f0;border-color:#33c3f0}#onetrust-banner-sdk .ot-sdk-button.ot-sdk-button-primary:hover,#onetrust-banner-sdk button.ot-sdk-button-primary:hover,#onetrust-banner-sdk input[type=submit].ot-sdk-button-primary:hover,#onetrust-banner-sdk input[type=reset].ot-sdk-button-primary:hover,#onetrust-banner-sdk input[type=button].ot-sdk-button-primary:hover,#onetrust-banner-sdk .ot-sdk-button.ot-sdk-button-primary:focus,#onetrust-banner-sdk button.ot-sdk-button-primary:focus,#onetrust-banner-sdk input[type=submit].ot-sdk-button-primary:focus,#onetrust-banner-sdk input[type=reset].ot-sdk-button-primary:focus,#onetrust-banner-sdk input[type=button].ot-sdk-button-primary:focus,#onetrust-pc-sdk .ot-sdk-button.ot-sdk-button-primary:hover,#onetrust-pc-sdk button.ot-sdk-button-primary:hover,#onetrust-pc-sdk input[type=submit].ot-sdk-button-primary:hover,#onetrust-pc-sdk input[type=reset].ot-sdk-button-primary:hover,#onetrust-pc-sdk input[type=button].ot-sdk-button-primary:hover,#onetrust-pc-sdk .ot-sdk-button.ot-sdk-button-primary:focus,#onetrust-pc-sdk button.ot-sdk-button-primary:focus,#onetrust-pc-sdk input[type=submit].ot-sdk-button-primary:focus,#onetrust-pc-sdk input[type=reset].ot-sdk-button-primary:focus,#onetrust-pc-sdk input[type=button].ot-sdk-button-primary:focus,#ot-sdk-cookie-policy .ot-sdk-button.ot-sdk-button-primary:hover,#ot-sdk-cookie-policy button.ot-sdk-button-primary:hover,#ot-sdk-cookie-policy input[type=submit].ot-sdk-button-primary:hover,#ot-sdk-cookie-policy input[type=reset].ot-sdk-button-primary:hover,#ot-sdk-cookie-policy input[type=button].ot-sdk-button-primary:hover,#ot-sdk-cookie-policy .ot-sdk-button.ot-sdk-button-primary:focus,#ot-sdk-cookie-policy button.ot-sdk-button-primary:focus,#ot-sdk-cookie-policy input[type=submit].ot-sdk-button-primary:focus,#ot-sdk-cookie-policy input[type=reset].ot-sdk-button-primary:focus,#ot-sdk-cookie-policy input[type=button].ot-sdk-button-primary:focus{color:#fff;background-color:#1eaedb;border-color:#1eaedb}#onetrust-banner-sdk input[type=text],#onetrust-pc-sdk input[type=text],#ot-sdk-cookie-policy input[type=text]{height:38px;padding:6px 10px;background-color:#fff;border:1px solid #d1d1d1;border-radius:4px;box-shadow:none;box-sizing:border-box}#onetrust-banner-sdk input[type=text],#onetrust-pc-sdk input[type=text],#ot-sdk-cookie-policy input[type=text]{-webkit-appearance:none;-moz-appearance:none;appearance:none}#onetrust-banner-sdk input[type=text]:focus,#onetrust-pc-sdk input[type=text]:focus,#ot-sdk-cookie-policy input[type=text]:focus{border:1px solid #000;outline:0}#onetrust-banner-sdk label,#onetrust-pc-sdk label,#ot-sdk-cookie-policy label{display:block;margin-bottom:.5rem;font-weight:600}#onetrust-banner-sdk input[type=checkbox],#onetrust-pc-sdk input[type=checkbox],#ot-sdk-cookie-policy input[type=checkbox]{display:inline}#onetrust-banner-sdk ul,#onetrust-pc-sdk ul,#ot-sdk-cookie-policy ul{list-style:circle inside}#onetrust-banner-sdk ul,#onetrust-pc-sdk ul,#ot-sdk-cookie-policy ul{padding-left:0;margin-top:0}#onetrust-banner-sdk ul ul,#onetrust-pc-sdk ul ul,#ot-sdk-cookie-policy ul ul{margin:1.5rem 0 1.5rem 3rem;font-size:90%}#onetrust-banner-sdk li,#onetrust-pc-sdk li,#ot-sdk-cookie-policy li{margin-bottom:1rem}#onetrust-banner-sdk th,#onetrust-banner-sdk td,#onetrust-pc-sdk th,#onetrust-pc-sdk td,#ot-sdk-cookie-policy th,#ot-sdk-cookie-policy td{padding:12px 15px;text-align:left;border-bottom:1px solid #e1e1e1}#onetrust-banner-sdk button,#onetrust-pc-sdk button,#ot-sdk-cookie-policy button{margin-bottom:1rem;font-family:inherit}#onetrust-banner-sdk .ot-sdk-container:after,#onetrust-banner-sdk .ot-sdk-row:after,#onetrust-pc-sdk .ot-sdk-container:after,#onetrust-pc-sdk .ot-sdk-row:after,#ot-sdk-cookie-policy .ot-sdk-container:after,#ot-sdk-cookie-policy .ot-sdk-row:after{content:"";display:table;clear:both}#onetrust-banner-sdk .ot-sdk-row,#onetrust-pc-sdk .ot-sdk-row,#ot-sdk-cookie-policy .ot-sdk-row{margin:0;max-width:none;display:block}#onetrust-banner-sdk{box-shadow:0 0 18px rgba(0,0,0,.2)}#onetrust-banner-sdk.otCenterRounded{z-index:2147483645;top:10%;position:fixed;right:0;background-color:#fff;width:60%;max-width:650px;border-radius:2.5px;left:1em;margin:0 auto;font-size:14px;max-height:90%;overflow-x:hidden;overflow-y:auto}#onetrust-banner-sdk.otRelFont{font-size:.875rem}#onetrust-banner-sdk::-webkit-scrollbar{width:11px}#onetrust-banner-sdk::-webkit-scrollbar-thumb{border-radius:10px;background:#c1c1c1}#onetrust-banner-sdk{scrollbar-arrow-color:#c1c1c1;scrollbar-darkshadow-color:#c1c1c1;scrollbar-face-color:#c1c1c1;scrollbar-shadow-color:#c1c1c1}#onetrust-banner-sdk h3,#onetrust-banner-sdk p{color:dimgray}#onetrust-banner-sdk #onetrust-policy{margin-top:40px}#onetrust-banner-sdk #onetrust-policy-title{float:left;text-align:left;font-size:1em;line-height:1.4;margin-bottom:0;padding:0 0 10px 30px;width:calc(100% - 90px)}#onetrust-banner-sdk #onetrust-policy-text,#onetrust-banner-sdk .ot-b-addl-desc,#onetrust-banner-sdk .ot-gv-list-handler{clear:both;float:left;margin:0 30px 10px 30px;font-size:.813em;line-height:1.5}#onetrust-banner-sdk #onetrust-policy-text *,#onetrust-banner-sdk .ot-b-addl-desc *,#onetrust-banner-sdk .ot-gv-list-handler *{line-height:inherit;font-size:inherit;margin:0}#onetrust-banner-sdk .ot-optout-signal{margin:0 1.875rem .625rem 1.875rem}#onetrust-banner-sdk .ot-gv-list-handler{padding:0;border:0;height:auto;width:auto}#onetrust-banner-sdk .ot-b-addl-desc{display:block}#onetrust-banner-sdk #onetrust-button-group-parent{padding:15px 30px;text-align:center}#onetrust-banner-sdk #onetrust-button-group-parent:not(.has-reject-all-button) #onetrust-button-group{text-align:right}#onetrust-banner-sdk #onetrust-button-group{text-align:center;display:inline-block;width:100%}#onetrust-banner-sdk #onetrust-reject-all-handler,#onetrust-banner-sdk #onetrust-pc-btn-handler{margin-right:1em}#onetrust-banner-sdk #onetrust-pc-btn-handler{border:1px solid #6cc04a;max-width:45%}#onetrust-banner-sdk .banner-actions-container{float:right;width:50%}#onetrust-banner-sdk #onetrust-pc-btn-handler.cookie-setting-link{background-color:#fff;border:none;color:#6cc04a;text-decoration:underline;padding-left:0;padding-right:0}#onetrust-banner-sdk #onetrust-accept-btn-handler,#onetrust-banner-sdk #onetrust-reject-all-handler,#onetrust-banner-sdk #onetrust-pc-btn-handler{background-color:#6cc04a;color:#fff;border-color:#6cc04a;min-width:135px;padding:12px 10px;letter-spacing:.05em;line-height:1.4;font-size:.813em;font-weight:600;height:auto;white-space:normal;word-break:break-word;word-wrap:break-word}#onetrust-banner-sdk .has-reject-all-button #onetrust-pc-btn-handler{float:left;max-width:calc(40% - 18px)}#onetrust-banner-sdk .has-reject-all-button #onetrust-pc-btn-handler.cookie-setting-link{text-align:left;margin-right:0}#onetrust-banner-sdk .has-reject-all-button .banner-actions-container{max-width:60%;width:auto}#onetrust-banner-sdk .ot-close-icon{width:44px;height:44px;background-size:12px;margin:-18px -18px 0 0;border:none;display:inline-block;padding:0}#onetrust-banner-sdk #onetrust-close-btn-container{position:absolute;right:24px;top:20px}#onetrust-banner-sdk .banner_logo{display:none}#onetrust-banner-sdk.ot-bnr-w-logo #onetrust-policy{margin-top:10px}#onetrust-banner-sdk.ot-bnr-w-logo .ot-bnr-logo{margin:4px 25px}#onetrust-banner-sdk #banner-options{float:left;padding:0 30px;width:calc(100% - 90px)}#onetrust-banner-sdk .banner-option{margin-bottom:10px}#onetrust-banner-sdk .banner-option-input{cursor:pointer;width:auto;height:auto;border:none;padding:0;padding-right:3px;margin:0 0 6px;font-size:.82em;line-height:1.4}#onetrust-banner-sdk .banner-option-input *{pointer-events:none;font-size:inherit;line-height:inherit}#onetrust-banner-sdk .banner-option-input[aria-expanded=true] .ot-arrow-container{transform:rotate(90deg)}#onetrust-banner-sdk .banner-option-input[aria-expanded=true]~.banner-option-details{height:auto;display:block}#onetrust-banner-sdk .banner-option-header{cursor:pointer;display:inline-block}#onetrust-banner-sdk .banner-option-header :first-child{color:dimgray;font-weight:bold;float:left}#onetrust-banner-sdk .ot-arrow-container,#onetrust-banner-sdk .banner-option-details{transition:all 300ms ease-in 0s;-webkit-transition:all 300ms ease-in 0s;-moz-transition:all 300ms ease-in 0s;-o-transition:all 300ms ease-in 0s}#onetrust-banner-sdk .ot-arrow-container{display:inline-block;border-top:6px solid rgba(0,0,0,0);border-bottom:6px solid rgba(0,0,0,0);border-left:6px solid dimgray;margin-left:10px;vertical-align:middle}#onetrust-banner-sdk .banner-option-details{display:none;font-size:.83em;line-height:1.5;height:0px;padding:10px 10px 5px 10px}#onetrust-banner-sdk .banner-option-details *{font-size:inherit;line-height:inherit;color:dimgray}#onetrust-banner-sdk .ot-dpd-container{float:left;margin:0 30px 10px 30px}#onetrust-banner-sdk .ot-dpd-title{font-weight:bold;padding-bottom:10px}#onetrust-banner-sdk .ot-dpd-title{font-size:1em;line-height:1.4}#onetrust-banner-sdk .ot-dpd-desc{font-size:.813em;line-height:1.5;margin-bottom:0}#onetrust-banner-sdk .ot-dpd-desc *{margin:0}#onetrust-banner-sdk .onetrust-vendors-list-handler{display:block;margin-left:0px;margin-top:5px;padding:0;margin-bottom:0;border:0;line-height:normal;height:auto;width:auto}#onetrust-banner-sdk :not(.ot-dpd-desc)>.ot-b-addl-desc{float:left;margin:0 30px 10px 30px}#onetrust-banner-sdk .ot-dpd-desc>.ot-b-addl-desc{margin-top:10px;margin-bottom:10px;font-size:1em;line-height:1.5;float:none}#onetrust-banner-sdk #onetrust-policy-text a{font-weight:bold;margin-left:5px}#onetrust-banner-sdk.ot-close-btn-link #onetrust-close-btn-container{top:15px;transform:none;right:15px}#onetrust-banner-sdk.ot-close-btn-link #onetrust-close-btn-container button{padding:0;white-space:pre-wrap;border:none;height:auto;line-height:1.5;text-decoration:underline;font-size:.75em}#onetrust-banner-sdk.ot-close-btn-link.ot-wo-title #onetrust-group-container{margin-top:20px}@media only screen and (max-width: 425px){#onetrust-banner-sdk #onetrust-accept-btn-handler,#onetrust-banner-sdk #onetrust-reject-all-handler,#onetrust-banner-sdk #onetrust-pc-btn-handler{width:100%;margin-bottom:10px}#onetrust-banner-sdk #onetrust-pc-btn-handler,#onetrust-banner-sdk #onetrust-reject-all-handler{margin-right:0}#onetrust-banner-sdk .has-reject-all-button #onetrust-pc-btn-handler.cookie-setting-link{text-align:center}#onetrust-banner-sdk .banner-actions-container,#onetrust-banner-sdk #onetrust-pc-btn-handler{width:100%;max-width:none}#onetrust-banner-sdk.otCenterRounded{left:0;width:95%;top:50%;transform:translateY(-50%);-webkit-transform:translateY(-50%)}}@media only screen and (max-width: 600px){#onetrust-banner-sdk .ot-sdk-container{width:auto;padding:0}#onetrust-banner-sdk #onetrust-policy-title{padding:0 22px 10px 22px}#onetrust-banner-sdk #onetrust-policy-text,#onetrust-banner-sdk :not(.ot-dpd-desc)>.ot-b-addl-desc,#onetrust-banner-sdk .ot-dpd-container{margin:0 22px 10px 22px;width:calc(100% - 44px)}#onetrust-banner-sdk #onetrust-button-group-parent{padding:15px 22px}#onetrust-banner-sdk #banner-options{padding:0 22px;width:calc(100% - 44px)}#onetrust-banner-sdk .banner-option{margin-bottom:6px}#onetrust-banner-sdk .has-reject-all-button #onetrust-pc-btn-handler{float:none;max-width:100%}#onetrust-banner-sdk .has-reject-all-button .banner-actions-container{width:100%;text-align:center;max-width:100%}#onetrust-banner-sdk.ot-close-btn-link #onetrust-group-container{margin-top:20px}}@media only screen and (min-width: 426px)and (max-width: 896px){#onetrust-banner-sdk.otCenterRounded{left:0;top:15%;transform:translateY(-13%);-webkit-transform:translateY(-13%);max-width:600px;width:95%}}
#onetrust-consent-sdk #onetrust-banner-sdk {background-color: #FFFFFF;}
#onetrust-consent-sdk #onetrust-policy-title,
#onetrust-consent-sdk #onetrust-policy-text,
#onetrust-consent-sdk .ot-b-addl-desc,
#onetrust-consent-sdk .ot-dpd-desc,
#onetrust-consent-sdk .ot-dpd-title,
#onetrust-consent-sdk #onetrust-policy-text *:not(.onetrust-vendors-list-handler),
#onetrust-consent-sdk .ot-dpd-desc *:not(.onetrust-vendors-list-handler),
#onetrust-consent-sdk #onetrust-banner-sdk #banner-options *,
#onetrust-banner-sdk .ot-cat-header,
#onetrust-banner-sdk .ot-optout-signal
{
    color: #555555;
}
#onetrust-consent-sdk #onetrust-banner-sdk .banner-option-details {
    background-color: #f2f3f4;}
#onetrust-consent-sdk #onetrust-banner-sdk a[href],
#onetrust-consent-sdk #onetrust-banner-sdk a[href] font,
#onetrust-consent-sdk #onetrust-banner-sdk .ot-link-btn
{
    color: #767676;
}#onetrust-consent-sdk #onetrust-accept-btn-handler,
 #onetrust-banner-sdk #onetrust-reject-all-handler {
     background-color: #3c9700;border-color: #3c9700;
     color: #FFFFFF;
 }
#onetrust-consent-sdk #onetrust-banner-sdk *:focus,
#onetrust-consent-sdk #onetrust-banner-sdk:focus {
    outline-color: #000000;
    outline-width: 1px;
}
#onetrust-consent-sdk #onetrust-pc-btn-handler,
#onetrust-consent-sdk #onetrust-pc-btn-handler.cookie-setting-link {
    color: #3c9700; border-color: #3c9700;
    background-color:
            #FFFFFF;
}#onetrust-banner-sdk {
     --zpot-color-text-default: #343332;
     --zpot-color-text-primary: #237803;
     --zpot-color-surface-action-neutral-default: #E5E2DC;
     --zpot-color-surface-action-neutral-hover: #D3D0CA;
     --zpot-color-surface-action-neutral-active: #C3BEB6;
     --zpot-color-surface-action-primary-default: #237803;
     --zpot-color-surface-action-primary-hover: #1C5E02;
     --zpot-color-surface-action-primary-active:  #154902;

     --zpot-radius-xs: 4px;
     --zpot-radius-s: 8px;
     --zpot-radius-m: 12px;
     --zpot-radius-l: 16px;
     --zpot-borderRadius-full: 99999px;

     --zpot-spacing-2xs: 4px;
     --zpot-spacing-xs: 8px;
     --zpot-spacing-s: 12px;
     --zpot-spacing-m: 16px;
     --zpot-spacing-l: 20px;
     --zpot-spacing-xl: 24px;
     --zpot-spacing-2xl: 32px;
     --zpot-spacing-3xl: 40px;
 }

#onetrust-banner-sdk * {
    letter-spacing: 0 !important;
}

#onetrust-banner-sdk.otFlat {
    margin: 0 auto 15px auto;
    border-radius: 5px;
    box-shadow: 0 6px 15px 0px rgba(0, 0, 0, 0.1);
}

#onetrust-banner-sdk.otCenterRounded {
    border-radius: var(--zpot-radius-s);
}

#onetrust-banner-sdk .ot-sdk-container {
    padding: var(--zpot-spacing-m) var(--zpot-spacing-l);
}

#onetrust-policy-title {
    font-size: 20px !important;
    line-height: 1.2 !important;
}

@media (min-width: 544px) {
    #onetrust-policy-title {
        font-size: 24px !important;
        line-height: 1.166666 !important;
    }
}

#onetrust-banner-sdk #onetrust-policy-text {
    margin: 0;
    font-size: 12px !important;
    line-height: 1.5 !important;
}

#onetrust-consent-sdk #onetrust-banner-sdk button:is(
  #onetrust-accept-btn-handler,
  #onetrust-reject-all-handler,
  #onetrust-pc-btn-handler) {
    display: inline-block;
    width: 100%;
    max-width: 100%;
    height: 48px;
    margin: 0;
    padding: 0;
    border-radius: var(--zpot-borderRadius-full);
    font-size: 14px;
    font-weight: bold;
    text-align: center;
    text-decoration: none;
    opacity: 1;
    transition: background-color 0.25s, color 0.25s;
}

#onetrust-consent-sdk #onetrust-banner-sdk button:is(#onetrust-reject-all-handler, #onetrust-pc-btn-handler):hover {
    color: var(--zpot-color-text-default);
    background: var(--zpot-color-surface-action-neutral-hover);
}

#onetrust-consent-sdk button#onetrust-accept-btn-handler {
    color: #ffffff;
    min-width: 226px;
    margin: 0;
    display: block;
    background: var(--zpot-color-surface-action-primary-default);
}

#onetrust-consent-sdk button#onetrust-accept-btn-handler:hover {
    background: var(--zpot-color-surface-action-primary-hover);
}

#onetrust-consent-sdk button#onetrust-accept-btn-handler:active {
    background: var(--zpot-color-surface-action-primary-active);
}

#onetrust-consent-sdk #onetrust-pc-btn-handler.zp-onetrust-pc-btn-handler {
    min-width: auto;
    width: auto;
}

#onetrust-consent-sdk #onetrust-banner-sdk button:is(#onetrust-reject-all-handler, #onetrust-pc-btn-handler) {
    color: var(--zpot-color-text-default);
    background: var(--zpot-color-surface-action-neutral-default);
}

#onetrust-consent-sdk #onetrust-banner-sdk a[href],
#onetrust-consent-sdk #onetrust-banner-sdk a[href] font,
#onetrust-consent-sdk #onetrust-banner-sdk .ot-link-btn {
    color: var(--zpot-color-text-primary);
}

#onetrust-banner-sdk #onetrust-button-group {
    text-align: center;
    display: flex;
    gap: var(--zpot-spacing-s);
    width: 100%;
    flex-wrap: wrap;
}

#onetrust-banner-sdk #onetrust-policy {
    display: flex;
    padding: 0;
    flex-wrap: wrap;
    margin-top: 0;
}

/* #onetrust-banner-sdk #onetrust-policy:before {
  background-image: url(data:image/png;base64,iVBORw0KGgoAAAANSUhEUgAAABgAAAAYCAMAAADXqc3KAAAAk1BMVEUAAAA8mABDmwA9mAA8mAA8lwA8lwA8mABDngBMnQA8mAA9mAA9mQBAmgBIoAA8mAA8mAA8mAA9mAA9mAA9lwA9mQA9mQA+nAA8lwA8mAA8mAA9mAA8mAA+mgBBmwA8mAA8lwA9mAA8mAA8mQA8mQA+mAA+mQBAmgBAmwA8mAA9mQA8mQA8lwA9lwA9lwA9mAA8lwCoiE+UAAAAMHRSTlMA+hrZ7qXz3hAIuKBKJQ3UzK6njmxPORTnq5p1cjAf48/Jk3BnRD4rGIh8VceCYFQ6JSwNAAABJ0lEQVQoz11R17aCMBDckISqFEEEAXu7esv8/9fdTQwcdV6yZzY7W4YcNn0cNBv6hKcFmgzzT/7PF+VAPdIPfinygZ8ZHu/8WcSRDaSqierfSd/fpS7KsJUQkUtoMQ0TdkWyxtJ9E4nR784uGcmmZpaow5WoAJC4zFVCbnGiOOOx0Ed3XGjxnZqao26blrb8846IVqgo33uuLJbkf5kNuvCHK8KRJ61IcIIWANYjWciUDoqCxC55vNCIQHgsZZq/wwqqlnp709QuWWd++RwZFS+obfnNHCtoMSPTU6yINAaOduZCvq5x4newk3hqP/pwAJTHTXK1IsYD+3B0prI861lU2L2YOs/FabKQrZ07+iDUjCbcEgGpy3IRQKyN/kvqWATKl0U10v/QCRWJVPNNJgAAAABJRU5ErkJggg==);
  background-repeat: no-repeat !important;
  content: '';
  width: 29px;
  display: block;
  height: 29px;
  margin-right: 10px;
} */



#onetrust-banner-sdk #onetrust-policy-title {
    position: relative;
    width: auto;
    padding-left: 36px;
}

#onetrust-banner-sdk #onetrust-policy-title:before {
    position: absolute;
    top: 0;
    left: 0;
    background-image: url(data:image/png;base64,iVBORw0KGgoAAAANSUhEUgAAABgAAAAYCAMAAADXqc3KAAAAk1BMVEUAAAA8mABDmwA9mAA8mAA8lwA8lwA8mABDngBMnQA8mAA9mAA9mQBAmgBIoAA8mAA8mAA8mAA9mAA9mAA9lwA9mQA9mQA+nAA8lwA8mAA8mAA9mAA8mAA+mgBBmwA8mAA8lwA9mAA8mAA8mQA8mQA+mAA+mQBAmgBAmwA8mAA9mQA8mQA8lwA9lwA9lwA9mAA8lwCoiE+UAAAAMHRSTlMA+hrZ7qXz3hAIuKBKJQ3UzK6njmxPORTnq5p1cjAf48/Jk3BnRD4rGIh8VceCYFQ6JSwNAAABJ0lEQVQoz11R17aCMBDckISqFEEEAXu7esv8/9fdTQwcdV6yZzY7W4YcNn0cNBv6hKcFmgzzT/7PF+VAPdIPfinygZ8ZHu/8WcSRDaSqierfSd/fpS7KsJUQkUtoMQ0TdkWyxtJ9E4nR784uGcmmZpaow5WoAJC4zFVCbnGiOOOx0Ed3XGjxnZqao26blrb8846IVqgo33uuLJbkf5kNuvCHK8KRJ61IcIIWANYjWciUDoqCxC55vNCIQHgsZZq/wwqqlnp709QuWWd++RwZFS+obfnNHCtoMSPTU6yINAaOduZCvq5x4newk3hqP/pwAJTHTXK1IsYD+3B0prI861lU2L2YOs/FabKQrZ07+iDUjCbcEgGpy3IRQKyN/kvqWATKl0U10v/QCRWJVPNNJgAAAABJRU5ErkJggg==);
    background-repeat: no-repeat !important;
    content: '';
    width: 24px;
    display: block;
    height: 24px;
}

@media (max-width: 768px) {
    #onetrust-banner-sdk #onetrust-group-container #onetrust-policy {
        margin-top: 0;
    }

    div#onetrust-banner-sdk div.ot-sdk-row {
        flex-wrap: wrap;
    }

    #onetrust-banner-sdk #onetrust-button-group-parent {
        order: 3;
    }

    #onetrust-banner-sdk .ot-sdk-container #onetrust-group-container {
        order: 2;
    }

    #onetrust-banner-sdk #onetrust-close-btn-container {
        width: 100%;
        margin: 0;
    }

    #onetrust-banner-sdk .ot-sdk-container #onetrust-group-container {
        padding-left: 0;
    }
}

#onetrust-consent-sdk button#onetrust-accept-btn-handler,
#onetrust-banner-sdk .banner-actions-container {
    width: 100% !important;
    max-width: 100% !important;
}

#onetrust-banner-sdk .banner-actions-container {
    order: 2;
    display: flex;
    flex-wrap: wrap;
    gap: var(--zpot-spacing-s);
    /* margin-top: 10px; */
}

#onetrust-banner-sdk #onetrust-button-group-parent {
    padding: var(--zpot-spacing-m) 0 0;
}


@media (min-width: 543px) {
    #onetrust-banner-sdk.otCenterRounded {
        max-width: 575px;
    }
}

@media (max-width: 544px) {
    #onetrust-banner-sdk.otCenterRounded {
        width: 100%;
        bottom: 0;
        top: auto;
        transform: translateY(0);
        border-bottom-left-radius: 0;
        border-bottom-right-radius: 0;
        /* padding: 15px 20px; */
    }
}


/* @media (max-width: 768px) {
  #onetrust-consent-sdk #onetrust-banner-sdk .ot-sdk-container {
    padding: 20px 0 0;
  }
} */

@media only screen and (max-width: 600px) {
    /* #onetrust-banner-sdk #onetrust-button-group-parent {
      padding: 15px 0px;
    } */

    #onetrust-banner-sdk #onetrust-policy-title {
        padding-right: 0;
    }

    #onetrust-banner-sdk #onetrust-policy-text {
        width: auto;
    }

    #onetrust-banner-sdk #onetrust-group-container #onetrust-policy {
        padding: 0px;
    }
}



#onetrust-banner-sdk #onetrust-button-group-parent:not(.has-reject-all-button) #onetrust-button-group {
    text-align: center;
}

#onetrust-banner-sdk .banner-header {
    display: none;
}

#onetrust-banner-sdk #onetrust-reject-all-handler {
    height: 46px;
    color: #767676;
    background-color: white;
    border: 0;
    order: 2;
    margin: 10px 0 0;
    font-size: 14px;
    width: 100%;
    letter-spacing: inherit;
}
#onetrust-pc-sdk.otPcCenter{overflow:hidden;position:fixed;margin:0 auto;top:5%;right:0;left:0;width:40%;max-width:575px;min-width:575px;border-radius:2.5px;z-index:2147483647;background-color:#fff;-webkit-box-shadow:0px 2px 10px -3px #999;-moz-box-shadow:0px 2px 10px -3px #999;box-shadow:0px 2px 10px -3px #999}#onetrust-pc-sdk.otPcCenter[dir=rtl]{right:0;left:0}#onetrust-pc-sdk.otRelFont{font-size:1rem}#onetrust-pc-sdk .ot-optout-signal{margin-top:.625rem}#onetrust-pc-sdk #ot-addtl-venlst .ot-arw-cntr,#onetrust-pc-sdk #ot-addtl-venlst .ot-plus-minus,#onetrust-pc-sdk .ot-hide-tgl{visibility:hidden}#onetrust-pc-sdk #ot-addtl-venlst .ot-arw-cntr *,#onetrust-pc-sdk #ot-addtl-venlst .ot-plus-minus *,#onetrust-pc-sdk .ot-hide-tgl *{visibility:hidden}#onetrust-pc-sdk #ot-gn-venlst .ot-ven-item .ot-acc-hdr{min-height:40px}#onetrust-pc-sdk .ot-pc-header{height:39px;padding:10px 0 10px 30px;border-bottom:1px solid #e9e9e9}#onetrust-pc-sdk #ot-pc-title,#onetrust-pc-sdk #ot-category-title,#onetrust-pc-sdk .ot-cat-header,#onetrust-pc-sdk #ot-lst-title,#onetrust-pc-sdk .ot-ven-hdr .ot-ven-name,#onetrust-pc-sdk .ot-always-active{font-weight:bold;color:dimgray}#onetrust-pc-sdk .ot-always-active-group .ot-cat-header{width:55%;font-weight:700}#onetrust-pc-sdk .ot-cat-item p{clear:both;float:left;margin-top:10px;margin-bottom:5px;line-height:1.5;font-size:.812em;color:dimgray}#onetrust-pc-sdk .ot-close-icon{height:44px;width:44px;background-size:10px}#onetrust-pc-sdk #ot-pc-title{float:left;font-size:1em;line-height:1.5;margin-bottom:10px;margin-top:10px;width:100%}#onetrust-pc-sdk #accept-recommended-btn-handler{margin-right:10px;margin-bottom:25px;outline-offset:-1px}#onetrust-pc-sdk #ot-pc-desc{clear:both;width:100%;font-size:.812em;line-height:1.5;margin-bottom:25px}#onetrust-pc-sdk #ot-pc-desc a{margin-left:5px}#onetrust-pc-sdk #ot-pc-desc *{font-size:inherit;line-height:inherit}#onetrust-pc-sdk #ot-pc-desc ul li{padding:10px 0px}#onetrust-pc-sdk a{color:#656565;cursor:pointer}#onetrust-pc-sdk a:hover{color:#3860be}#onetrust-pc-sdk label{margin-bottom:0}#onetrust-pc-sdk #vdr-lst-dsc{font-size:.812em;line-height:1.5;padding:10px 15px 5px 15px}#onetrust-pc-sdk button{max-width:394px;padding:12px 30px;line-height:1;word-break:break-word;word-wrap:break-word;white-space:normal;font-weight:bold;height:auto}#onetrust-pc-sdk .ot-link-btn{padding:0;margin-bottom:0;border:0;font-weight:normal;line-height:normal;width:auto;height:auto}#onetrust-pc-sdk #ot-pc-content{position:absolute;overflow-y:scroll;padding-left:0px;padding-right:30px;top:60px;bottom:110px;margin:1px 3px 0 30px;width:calc(100% - 63px)}#onetrust-pc-sdk .ot-vs-list .ot-always-active,#onetrust-pc-sdk .ot-cat-grp .ot-always-active{float:right;clear:none;color:#3860be;margin:0;font-size:.813em;line-height:1.3}#onetrust-pc-sdk .ot-pc-scrollbar::-webkit-scrollbar-track{margin-right:20px}#onetrust-pc-sdk .ot-pc-scrollbar::-webkit-scrollbar{width:11px}#onetrust-pc-sdk .ot-pc-scrollbar::-webkit-scrollbar-thumb{border-radius:10px;background:#d8d8d8}#onetrust-pc-sdk input[type=checkbox]:focus+.ot-acc-hdr{outline:#000 1px solid}#onetrust-pc-sdk .ot-pc-scrollbar{scrollbar-arrow-color:#d8d8d8;scrollbar-darkshadow-color:#d8d8d8;scrollbar-face-color:#d8d8d8;scrollbar-shadow-color:#d8d8d8}#onetrust-pc-sdk .save-preference-btn-handler{margin-right:20px}#onetrust-pc-sdk .ot-pc-refuse-all-handler{margin-right:10px}#onetrust-pc-sdk #ot-pc-desc .privacy-notice-link{margin-left:0;margin-right:8px}#onetrust-pc-sdk #ot-pc-desc .ot-imprint-handler{margin-left:0;margin-right:8px}#onetrust-pc-sdk .ot-subgrp-cntr{display:inline-block;clear:both;width:100%;padding-top:15px}#onetrust-pc-sdk .ot-switch+.ot-subgrp-cntr{padding-top:10px}#onetrust-pc-sdk ul.ot-subgrps{margin:0;font-size:initial}#onetrust-pc-sdk ul.ot-subgrps li p,#onetrust-pc-sdk ul.ot-subgrps li h5{font-size:.813em;line-height:1.4;color:dimgray}#onetrust-pc-sdk ul.ot-subgrps .ot-switch{min-height:auto}#onetrust-pc-sdk ul.ot-subgrps .ot-switch-nob{top:0}#onetrust-pc-sdk ul.ot-subgrps .ot-acc-hdr{display:inline-block;width:100%}#onetrust-pc-sdk ul.ot-subgrps .ot-acc-txt{margin:0}#onetrust-pc-sdk ul.ot-subgrps li{padding:0;border:none}#onetrust-pc-sdk ul.ot-subgrps li h5{position:relative;top:5px;font-weight:bold;margin-bottom:0;float:left}#onetrust-pc-sdk li.ot-subgrp{margin-left:20px;overflow:auto}#onetrust-pc-sdk li.ot-subgrp>h5{width:calc(100% - 100px)}#onetrust-pc-sdk .ot-cat-item p>ul,#onetrust-pc-sdk li.ot-subgrp p>ul{margin:0px;list-style:disc;margin-left:15px;font-size:inherit}#onetrust-pc-sdk .ot-cat-item p>ul li,#onetrust-pc-sdk li.ot-subgrp p>ul li{font-size:inherit;padding-top:10px;padding-left:0px;padding-right:0px;border:none}#onetrust-pc-sdk .ot-cat-item p>ul li:last-child,#onetrust-pc-sdk li.ot-subgrp p>ul li:last-child{padding-bottom:10px}#onetrust-pc-sdk .ot-pc-logo{height:40px;width:120px}#onetrust-pc-sdk .ot-pc-footer{position:absolute;bottom:0px;width:100%;max-height:160px;border-top:1px solid #d8d8d8}#onetrust-pc-sdk.ot-ftr-stacked .ot-pc-refuse-all-handler{margin-bottom:0px}#onetrust-pc-sdk.ot-ftr-stacked #ot-pc-content{bottom:160px}#onetrust-pc-sdk.ot-ftr-stacked .ot-pc-footer button{width:100%;max-width:none}#onetrust-pc-sdk.ot-ftr-stacked .ot-btn-container{margin:0 30px;width:calc(100% - 60px);padding-right:0}#onetrust-pc-sdk .ot-pc-footer-logo{height:30px;width:100%;text-align:right;background:#f4f4f4}#onetrust-pc-sdk .ot-pc-footer-logo a{display:inline-block;margin-top:5px;margin-right:10px}#onetrust-pc-sdk[dir=rtl] .ot-pc-footer-logo{direction:rtl}#onetrust-pc-sdk[dir=rtl] .ot-pc-footer-logo a{margin-right:25px}#onetrust-pc-sdk .ot-tgl{float:right;position:relative;z-index:1}#onetrust-pc-sdk .ot-tgl input:checked+.ot-switch .ot-switch-nob{background-color:#468254;border:1px solid #fff}#onetrust-pc-sdk .ot-tgl input:checked+.ot-switch .ot-switch-nob:before{-webkit-transform:translateX(20px);-ms-transform:translateX(20px);transform:translateX(20px);background-color:#fff;border-color:#fff}#onetrust-pc-sdk .ot-tgl input:focus+.ot-switch{outline:#000 solid 1px}#onetrust-pc-sdk .ot-switch{position:relative;display:inline-block;width:45px;height:25px}#onetrust-pc-sdk .ot-switch-nob{position:absolute;cursor:pointer;top:0;left:0;right:0;bottom:0;background-color:#767676;border:1px solid #ddd;transition:all .2s ease-in 0s;-moz-transition:all .2s ease-in 0s;-o-transition:all .2s ease-in 0s;-webkit-transition:all .2s ease-in 0s;border-radius:20px}#onetrust-pc-sdk .ot-switch-nob:before{position:absolute;content:"";height:18px;width:18px;bottom:3px;left:3px;background-color:#fff;-webkit-transition:.4s;transition:.4s;border-radius:20px}#onetrust-pc-sdk .ot-chkbox input:checked~label::before{background-color:#3860be}#onetrust-pc-sdk .ot-chkbox input+label::after{content:none;color:#fff}#onetrust-pc-sdk .ot-chkbox input:checked+label::after{content:""}#onetrust-pc-sdk .ot-chkbox input:focus+label::before{outline-style:solid;outline-width:2px;outline-style:auto}#onetrust-pc-sdk .ot-chkbox label{position:relative;display:inline-block;padding-left:30px;cursor:pointer;font-weight:500}#onetrust-pc-sdk .ot-chkbox label::before,#onetrust-pc-sdk .ot-chkbox label::after{position:absolute;content:"";display:inline-block;border-radius:3px}#onetrust-pc-sdk .ot-chkbox label::before{height:18px;width:18px;border:1px solid #3860be;left:0px;top:auto}#onetrust-pc-sdk .ot-chkbox label::after{height:5px;width:9px;border-left:3px solid;border-bottom:3px solid;transform:rotate(-45deg);-o-transform:rotate(-45deg);-ms-transform:rotate(-45deg);-webkit-transform:rotate(-45deg);left:4px;top:5px}#onetrust-pc-sdk .ot-label-txt{display:none}#onetrust-pc-sdk .ot-chkbox input,#onetrust-pc-sdk .ot-tgl input{position:absolute;opacity:0;width:0;height:0}#onetrust-pc-sdk .ot-arw-cntr{float:right;position:relative;pointer-events:none}#onetrust-pc-sdk .ot-arw-cntr .ot-arw{width:16px;height:16px;margin-left:5px;color:dimgray;display:inline-block;vertical-align:middle;-webkit-transition:all 150ms ease-in 0s;-moz-transition:all 150ms ease-in 0s;-o-transition:all 150ms ease-in 0s;transition:all 150ms ease-in 0s}#onetrust-pc-sdk input:checked~.ot-acc-hdr .ot-arw,#onetrust-pc-sdk button[aria-expanded=true]~.ot-acc-hdr .ot-arw-cntr svg{transform:rotate(90deg);-o-transform:rotate(90deg);-ms-transform:rotate(90deg);-webkit-transform:rotate(90deg)}#onetrust-pc-sdk input[type=checkbox]:focus+.ot-acc-hdr{outline:#000 1px solid}#onetrust-pc-sdk .ot-tgl-cntr,#onetrust-pc-sdk .ot-arw-cntr{display:inline-block}#onetrust-pc-sdk .ot-tgl-cntr{width:45px;float:right;margin-top:2px}#onetrust-pc-sdk #ot-lst-cnt .ot-tgl-cntr{margin-top:10px}#onetrust-pc-sdk .ot-always-active-subgroup{width:auto;padding-left:0px !important;top:3px;position:relative}#onetrust-pc-sdk .ot-label-status{padding-left:5px;font-size:.75em;display:none}#onetrust-pc-sdk .ot-arw-cntr{margin-top:-1px}#onetrust-pc-sdk .ot-arw-cntr svg{-webkit-transition:all 300ms ease-in 0s;-moz-transition:all 300ms ease-in 0s;-o-transition:all 300ms ease-in 0s;transition:all 300ms ease-in 0s;height:10px;width:10px}#onetrust-pc-sdk input:checked~.ot-acc-hdr .ot-arw{transform:rotate(90deg);-o-transform:rotate(90deg);-ms-transform:rotate(90deg);-webkit-transform:rotate(90deg)}#onetrust-pc-sdk .ot-arw{width:10px;margin-left:15px;transition:all 300ms ease-in 0s;-webkit-transition:all 300ms ease-in 0s;-moz-transition:all 300ms ease-in 0s;-o-transition:all 300ms ease-in 0s}#onetrust-pc-sdk .ot-vlst-cntr{margin-bottom:0}#onetrust-pc-sdk .ot-hlst-cntr{margin-top:5px;display:inline-block;width:100%}#onetrust-pc-sdk .category-vendors-list-handler,#onetrust-pc-sdk .category-vendors-list-handler+a,#onetrust-pc-sdk .category-host-list-handler{clear:both;color:#3860be;margin-left:0;font-size:.813em;text-decoration:none;float:left;overflow:hidden}#onetrust-pc-sdk .category-vendors-list-handler:hover,#onetrust-pc-sdk .category-vendors-list-handler+a:hover,#onetrust-pc-sdk .category-host-list-handler:hover{text-decoration-line:underline}#onetrust-pc-sdk .category-vendors-list-handler+a{clear:none}#onetrust-pc-sdk .ot-vlst-cntr .ot-ext-lnk,#onetrust-pc-sdk .ot-ven-hdr .ot-ext-lnk{display:inline-block;height:13px;width:13px;background-repeat:no-repeat;margin-left:1px;margin-top:6px;cursor:pointer}#onetrust-pc-sdk .ot-ven-hdr .ot-ext-lnk{margin-bottom:-1px}#onetrust-pc-sdk .back-btn-handler{font-size:1em;text-decoration:none}#onetrust-pc-sdk .back-btn-handler:hover{opacity:.6}#onetrust-pc-sdk #ot-lst-title h3{display:inline-block;word-break:break-word;word-wrap:break-word;margin-bottom:0;color:#656565;font-size:1em;font-weight:bold;margin-left:15px}#onetrust-pc-sdk #ot-lst-title{margin:10px 0 10px 0px;font-size:1em;text-align:left}#onetrust-pc-sdk #ot-pc-hdr{margin:0 0 0 30px;height:auto;width:auto}#onetrust-pc-sdk #ot-pc-hdr input::placeholder{color:#d4d4d4;font-style:italic}#onetrust-pc-sdk #vendor-search-handler{height:31px;width:100%;border-radius:50px;font-size:.8em;padding-right:35px;padding-left:15px;float:left;margin-left:15px}#onetrust-pc-sdk .ot-ven-name{display:block;width:auto;padding-right:5px}#onetrust-pc-sdk #ot-lst-cnt{overflow-y:auto;margin-left:20px;margin-right:7px;width:calc(100% - 27px);max-height:calc(100% - 80px);height:100%;transform:translate3d(0, 0, 0)}#onetrust-pc-sdk #ot-pc-lst{width:100%;bottom:100px;position:absolute;top:60px}#onetrust-pc-sdk #ot-pc-lst:not(.ot-enbl-chr) .ot-tgl-cntr .ot-arw-cntr,#onetrust-pc-sdk #ot-pc-lst:not(.ot-enbl-chr) .ot-tgl-cntr .ot-arw-cntr *{visibility:hidden}#onetrust-pc-sdk #ot-pc-lst .ot-tgl-cntr{right:12px;position:absolute}#onetrust-pc-sdk #ot-pc-lst .ot-arw-cntr{float:right;position:relative}#onetrust-pc-sdk #ot-pc-lst .ot-arw{margin-left:10px}#onetrust-pc-sdk #ot-pc-lst .ot-acc-hdr{overflow:hidden;cursor:pointer}#onetrust-pc-sdk .ot-vlst-cntr{overflow:hidden}#onetrust-pc-sdk #ot-sel-blk{overflow:hidden;width:100%;position:sticky;position:-webkit-sticky;top:0;z-index:3}#onetrust-pc-sdk #ot-back-arw{height:12px;width:12px}#onetrust-pc-sdk .ot-lst-subhdr{width:100%;display:inline-block}#onetrust-pc-sdk .ot-search-cntr{float:left;width:78%;position:relative}#onetrust-pc-sdk .ot-search-cntr>svg{width:30px;height:30px;position:absolute;float:left;right:-15px}#onetrust-pc-sdk .ot-fltr-cntr{float:right;right:50px;position:relative}#onetrust-pc-sdk #filter-btn-handler{background-color:#3860be;border-radius:17px;display:inline-block;position:relative;width:32px;height:32px;-moz-transition:.1s ease;-o-transition:.1s ease;-webkit-transition:1s ease;transition:.1s ease;padding:0;margin:0}#onetrust-pc-sdk #filter-btn-handler:hover{background-color:#3860be}#onetrust-pc-sdk #filter-btn-handler svg{width:12px;height:12px;margin:3px 10px 0 10px;display:block;position:static;right:auto;top:auto}#onetrust-pc-sdk .ot-ven-link,#onetrust-pc-sdk .ot-ven-legclaim-link{color:#3860be;text-decoration:none;font-weight:100;display:inline-block;padding-top:10px;transform:translate(0, 1%);-o-transform:translate(0, 1%);-ms-transform:translate(0, 1%);-webkit-transform:translate(0, 1%);position:relative;z-index:2}#onetrust-pc-sdk .ot-ven-link *,#onetrust-pc-sdk .ot-ven-legclaim-link *{font-size:inherit}#onetrust-pc-sdk .ot-ven-link:hover,#onetrust-pc-sdk .ot-ven-legclaim-link:hover{text-decoration:underline}#onetrust-pc-sdk .ot-ven-hdr{width:calc(100% - 160px);height:auto;float:left;word-break:break-word;word-wrap:break-word;vertical-align:middle;padding-bottom:3px}#onetrust-pc-sdk .ot-ven-link,#onetrust-pc-sdk .ot-ven-legclaim-link{letter-spacing:.03em;font-size:.75em;font-weight:400}#onetrust-pc-sdk .ot-ven-dets{border-radius:2px;background-color:#f8f8f8}#onetrust-pc-sdk .ot-ven-dets li:first-child p:first-child{border-top:none}#onetrust-pc-sdk .ot-ven-dets .ot-ven-disc:not(:first-child){border-top:1px solid #ddd !important}#onetrust-pc-sdk .ot-ven-dets .ot-ven-disc:nth-child(n+3) p{display:inline-block}#onetrust-pc-sdk .ot-ven-dets .ot-ven-disc:nth-child(n+3) p:nth-of-type(odd){width:30%}#onetrust-pc-sdk .ot-ven-dets .ot-ven-disc:nth-child(n+3) p:nth-of-type(even){width:50%;word-break:break-word;word-wrap:break-word}#onetrust-pc-sdk .ot-ven-dets .ot-ven-disc p,#onetrust-pc-sdk .ot-ven-dets .ot-ven-disc h5{padding-top:5px;padding-bottom:5px;display:block}#onetrust-pc-sdk .ot-ven-dets .ot-ven-disc h5{display:inline-block}#onetrust-pc-sdk .ot-ven-dets .ot-ven-disc p:nth-last-child(-n+1){padding-bottom:10px}#onetrust-pc-sdk .ot-ven-dets .ot-ven-disc p:nth-child(-n+2):not(.disc-pur){padding-top:10px}#onetrust-pc-sdk .ot-ven-dets .ot-ven-disc .disc-pur-cont{display:inline}#onetrust-pc-sdk .ot-ven-dets .ot-ven-disc .disc-pur{position:relative;width:50% !important;word-break:break-word;word-wrap:break-word;left:calc(30% + 17px)}#onetrust-pc-sdk .ot-ven-dets .ot-ven-disc .disc-pur:nth-child(-n+1){position:static}#onetrust-pc-sdk .ot-ven-dets p,#onetrust-pc-sdk .ot-ven-dets h5,#onetrust-pc-sdk .ot-ven-dets span{font-size:.69em;text-align:left;vertical-align:middle;word-break:break-word;word-wrap:break-word;margin:0;padding-bottom:10px;padding-left:15px;color:#2e3644}#onetrust-pc-sdk .ot-ven-dets h5{padding-top:5px}#onetrust-pc-sdk .ot-ven-dets span{color:dimgray;padding:0;vertical-align:baseline}#onetrust-pc-sdk .ot-ven-dets .ot-ven-pur h5{border-top:1px solid #e9e9e9;border-bottom:1px solid #e9e9e9;padding-bottom:5px;margin-bottom:5px;font-weight:bold}#onetrust-pc-sdk #ot-host-lst .ot-sel-all{float:right;position:relative;margin-right:42px;top:10px}#onetrust-pc-sdk #ot-host-lst .ot-sel-all input[type=checkbox]{width:auto;height:auto}#onetrust-pc-sdk #ot-host-lst .ot-sel-all label{height:20px;width:20px;padding-left:0px}#onetrust-pc-sdk #ot-host-lst .ot-acc-txt{overflow:hidden;width:95%}#onetrust-pc-sdk .ot-host-hdr{position:relative;z-index:1;pointer-events:none;width:calc(100% - 125px);float:left}#onetrust-pc-sdk .ot-host-name,#onetrust-pc-sdk .ot-host-desc{display:inline-block;width:90%}#onetrust-pc-sdk .ot-host-name{pointer-events:none}#onetrust-pc-sdk .ot-host-hdr>a{text-decoration:underline;font-size:.82em;position:relative;z-index:2;float:left;margin-bottom:5px;pointer-events:initial}#onetrust-pc-sdk .ot-host-name+a{margin-top:5px}#onetrust-pc-sdk .ot-host-name,#onetrust-pc-sdk .ot-host-name a,#onetrust-pc-sdk .ot-host-desc,#onetrust-pc-sdk .ot-host-info{color:dimgray;word-break:break-word;word-wrap:break-word}#onetrust-pc-sdk .ot-host-name,#onetrust-pc-sdk .ot-host-name a{font-weight:bold;font-size:.82em;line-height:1.3}#onetrust-pc-sdk .ot-host-name a{font-size:1em}#onetrust-pc-sdk .ot-host-expand{margin-top:3px;margin-bottom:3px;clear:both;display:block;color:#3860be;font-size:.72em;font-weight:normal}#onetrust-pc-sdk .ot-host-expand *{font-size:inherit}#onetrust-pc-sdk .ot-host-desc,#onetrust-pc-sdk .ot-host-info{font-size:.688em;line-height:1.4;font-weight:normal}#onetrust-pc-sdk .ot-host-desc{margin-top:10px}#onetrust-pc-sdk .ot-host-opt{margin:0;font-size:inherit;display:inline-block;width:100%}#onetrust-pc-sdk .ot-host-opt li>div div{font-size:.8em;padding:5px 0}#onetrust-pc-sdk .ot-host-opt li>div div:nth-child(1){width:30%;float:left}#onetrust-pc-sdk .ot-host-opt li>div div:nth-child(2){width:70%;float:left;word-break:break-word;word-wrap:break-word}#onetrust-pc-sdk .ot-host-info{border:none;display:inline-block;width:calc(100% - 10px);padding:10px;margin-bottom:10px;background-color:#f8f8f8}#onetrust-pc-sdk .ot-host-info>div{overflow:auto}#onetrust-pc-sdk #no-results{text-align:center;margin-top:30px}#onetrust-pc-sdk #no-results p{font-size:1em;color:#2e3644;word-break:break-word;word-wrap:break-word}#onetrust-pc-sdk #no-results p span{font-weight:bold}#onetrust-pc-sdk #ot-fltr-modal{width:100%;height:auto;display:none;-moz-transition:.2s ease;-o-transition:.2s ease;-webkit-transition:2s ease;transition:.2s ease;overflow:hidden;opacity:1;right:0}#onetrust-pc-sdk #ot-fltr-modal .ot-label-txt{display:inline-block;font-size:.85em;color:dimgray}#onetrust-pc-sdk #ot-fltr-cnt{z-index:2147483646;background-color:#fff;position:absolute;height:90%;max-height:300px;width:325px;left:210px;margin-top:10px;margin-bottom:20px;padding-right:10px;border-radius:3px;-webkit-box-shadow:0px 0px 12px 2px #c7c5c7;-moz-box-shadow:0px 0px 12px 2px #c7c5c7;box-shadow:0px 0px 12px 2px #c7c5c7}#onetrust-pc-sdk .ot-fltr-scrlcnt{overflow-y:auto;overflow-x:hidden;clear:both;max-height:calc(100% - 60px)}#onetrust-pc-sdk #ot-anchor{border:12px solid rgba(0,0,0,0);display:none;position:absolute;z-index:2147483647;right:55px;top:75px;transform:rotate(45deg);-o-transform:rotate(45deg);-ms-transform:rotate(45deg);-webkit-transform:rotate(45deg);background-color:#fff;-webkit-box-shadow:-3px -3px 5px -2px #c7c5c7;-moz-box-shadow:-3px -3px 5px -2px #c7c5c7;box-shadow:-3px -3px 5px -2px #c7c5c7}#onetrust-pc-sdk .ot-fltr-btns{margin-left:15px}#onetrust-pc-sdk #filter-apply-handler{margin-right:15px}#onetrust-pc-sdk .ot-fltr-opt{margin-bottom:25px;margin-left:15px;width:75%;position:relative}#onetrust-pc-sdk .ot-fltr-opt p{display:inline-block;margin:0;font-size:.9em;color:#2e3644}#onetrust-pc-sdk .ot-chkbox label span{font-size:.85em;color:dimgray}#onetrust-pc-sdk .ot-chkbox input[type=checkbox]+label::after{content:none;color:#fff}#onetrust-pc-sdk .ot-chkbox input[type=checkbox]:checked+label::after{content:""}#onetrust-pc-sdk .ot-chkbox input[type=checkbox]:focus+label::before{outline-style:solid;outline-width:2px;outline-style:auto}#onetrust-pc-sdk #ot-selall-vencntr,#onetrust-pc-sdk #ot-selall-adtlvencntr,#onetrust-pc-sdk #ot-selall-hostcntr,#onetrust-pc-sdk #ot-selall-licntr,#onetrust-pc-sdk #ot-selall-gnvencntr{right:15px;position:relative;width:20px;height:20px;float:right}#onetrust-pc-sdk #ot-selall-vencntr label,#onetrust-pc-sdk #ot-selall-adtlvencntr label,#onetrust-pc-sdk #ot-selall-hostcntr label,#onetrust-pc-sdk #ot-selall-licntr label,#onetrust-pc-sdk #ot-selall-gnvencntr label{float:left;padding-left:0}#onetrust-pc-sdk #ot-ven-lst:first-child{border-top:1px solid #e2e2e2}#onetrust-pc-sdk ul{list-style:none;padding:0}#onetrust-pc-sdk ul li{position:relative;margin:0;padding:15px 15px 15px 10px;border-bottom:1px solid #e2e2e2}#onetrust-pc-sdk ul li h3,#onetrust-pc-sdk ul li h4{font-size:.75em;color:#656565;margin:0;display:inline-block;width:70%;height:auto;word-break:break-word;word-wrap:break-word}#onetrust-pc-sdk ul li p{margin:0;font-size:.7em}#onetrust-pc-sdk ul li input[type=checkbox]{position:absolute;cursor:pointer;width:100%;height:100%;opacity:0;margin:0;top:0;left:0}#onetrust-pc-sdk .ot-cat-item>button:focus,#onetrust-pc-sdk .ot-acc-cntr>button:focus,#onetrust-pc-sdk li>button:focus{outline:#000 solid 2px}#onetrust-pc-sdk .ot-cat-item>button,#onetrust-pc-sdk .ot-acc-cntr>button,#onetrust-pc-sdk li>button{position:absolute;cursor:pointer;width:100%;height:100%;margin:0;top:0;left:0;z-index:1;max-width:none;border:none}#onetrust-pc-sdk .ot-cat-item>button[aria-expanded=false]~.ot-acc-txt,#onetrust-pc-sdk .ot-acc-cntr>button[aria-expanded=false]~.ot-acc-txt,#onetrust-pc-sdk li>button[aria-expanded=false]~.ot-acc-txt{margin-top:0;max-height:0;opacity:0;overflow:hidden;width:100%;transition:.25s ease-out;display:none}#onetrust-pc-sdk .ot-cat-item>button[aria-expanded=true]~.ot-acc-txt,#onetrust-pc-sdk .ot-acc-cntr>button[aria-expanded=true]~.ot-acc-txt,#onetrust-pc-sdk li>button[aria-expanded=true]~.ot-acc-txt{transition:.1s ease-in;margin-top:10px;width:100%;overflow:auto;display:block}#onetrust-pc-sdk .ot-cat-item>button[aria-expanded=true]~.ot-acc-grpcntr,#onetrust-pc-sdk .ot-acc-cntr>button[aria-expanded=true]~.ot-acc-grpcntr,#onetrust-pc-sdk li>button[aria-expanded=true]~.ot-acc-grpcntr{width:auto;margin-top:0px;padding-bottom:10px}#onetrust-pc-sdk .ot-host-item>button:focus,#onetrust-pc-sdk .ot-ven-item>button:focus{outline:0;border:2px solid #000}#onetrust-pc-sdk .ot-hide-acc>button{pointer-events:none}#onetrust-pc-sdk .ot-hide-acc .ot-plus-minus>*,#onetrust-pc-sdk .ot-hide-acc .ot-arw-cntr>*{visibility:hidden}#onetrust-pc-sdk .ot-hide-acc .ot-acc-hdr{min-height:30px}#onetrust-pc-sdk.ot-addtl-vendors #ot-lst-cnt:not(.ot-host-cnt){padding-right:10px;width:calc(100% - 37px);margin-top:10px;max-height:calc(100% - 90px)}#onetrust-pc-sdk.ot-addtl-vendors #ot-lst-cnt:not(.ot-host-cnt) #ot-sel-blk{background-color:#f9f9fc;border:1px solid #e2e2e2;width:calc(100% - 2px);padding-bottom:5px;padding-top:5px}#onetrust-pc-sdk.ot-addtl-vendors #ot-lst-cnt:not(.ot-host-cnt) #ot-sel-blk.ot-vnd-list-cnt{border:unset;background-color:unset}#onetrust-pc-sdk.ot-addtl-vendors #ot-lst-cnt:not(.ot-host-cnt) #ot-sel-blk.ot-vnd-list-cnt .ot-sel-all-hdr{display:none}#onetrust-pc-sdk.ot-addtl-vendors #ot-lst-cnt:not(.ot-host-cnt) #ot-sel-blk.ot-vnd-list-cnt .ot-sel-all{padding-right:.5rem}#onetrust-pc-sdk.ot-addtl-vendors #ot-lst-cnt:not(.ot-host-cnt) #ot-sel-blk.ot-vnd-list-cnt .ot-sel-all .ot-chkbox{right:0}#onetrust-pc-sdk.ot-addtl-vendors #ot-lst-cnt:not(.ot-host-cnt) .ot-sel-all{padding-right:34px}#onetrust-pc-sdk.ot-addtl-vendors #ot-lst-cnt:not(.ot-host-cnt) .ot-sel-all-chkbox{width:auto}#onetrust-pc-sdk.ot-addtl-vendors #ot-lst-cnt:not(.ot-host-cnt) ul li{border:1px solid #e2e2e2;margin-bottom:10px}#onetrust-pc-sdk.ot-addtl-vendors #ot-lst-cnt:not(.ot-host-cnt) .ot-acc-cntr>.ot-acc-hdr{padding:10px 0 10px 15px}#onetrust-pc-sdk.ot-addtl-vendors .ot-sel-all-chkbox{float:right}#onetrust-pc-sdk.ot-addtl-vendors .ot-plus-minus~.ot-sel-all-chkbox{right:34px}#onetrust-pc-sdk.ot-addtl-vendors #ot-ven-lst:first-child{border-top:none}#onetrust-pc-sdk .ot-acc-cntr{position:relative;border-left:1px solid #e2e2e2;border-right:1px solid #e2e2e2;border-bottom:1px solid #e2e2e2}#onetrust-pc-sdk .ot-acc-cntr input{z-index:1}#onetrust-pc-sdk .ot-acc-cntr>.ot-acc-hdr{background-color:#f9f9fc;padding:5px 0 5px 15px;width:auto}#onetrust-pc-sdk .ot-acc-cntr>.ot-acc-hdr .ot-plus-minus{vertical-align:middle;top:auto}#onetrust-pc-sdk .ot-acc-cntr>.ot-acc-hdr .ot-arw-cntr{right:10px}#onetrust-pc-sdk .ot-acc-cntr>.ot-acc-hdr input{z-index:2}#onetrust-pc-sdk .ot-acc-cntr.ot-add-tech .ot-acc-hdr{padding:10px 0 10px 15px}#onetrust-pc-sdk .ot-acc-cntr>input[type=checkbox]:checked~.ot-acc-hdr{border-bottom:1px solid #e2e2e2}#onetrust-pc-sdk .ot-acc-cntr>.ot-acc-txt{padding-left:10px;padding-right:10px}#onetrust-pc-sdk .ot-acc-cntr button[aria-expanded=true]~.ot-acc-txt{width:auto}#onetrust-pc-sdk .ot-acc-cntr .ot-addtl-venbox{display:none}#onetrust-pc-sdk .ot-vlst-cntr{margin-bottom:0;width:100%}#onetrust-pc-sdk .ot-vensec-title{font-size:.813em;vertical-align:middle;display:inline-block}#onetrust-pc-sdk .category-vendors-list-handler,#onetrust-pc-sdk .category-vendors-list-handler+a{margin-left:0;margin-top:10px}#onetrust-pc-sdk #ot-selall-vencntr.line-through label::after,#onetrust-pc-sdk #ot-selall-adtlvencntr.line-through label::after,#onetrust-pc-sdk #ot-selall-licntr.line-through label::after,#onetrust-pc-sdk #ot-selall-hostcntr.line-through label::after,#onetrust-pc-sdk #ot-selall-gnvencntr.line-through label::after{height:auto;border-left:0;transform:none;-o-transform:none;-ms-transform:none;-webkit-transform:none;left:5px;top:9px}#onetrust-pc-sdk #ot-category-title{float:left;padding-bottom:10px;font-size:1em;width:100%}#onetrust-pc-sdk .ot-cat-grp{margin-top:10px}#onetrust-pc-sdk .ot-cat-item{line-height:1.1;margin-top:10px;display:inline-block;width:100%}#onetrust-pc-sdk .ot-btn-container{text-align:right}#onetrust-pc-sdk .ot-btn-container button{display:inline-block;font-size:.75em;letter-spacing:.08em;margin-top:19px}#onetrust-pc-sdk #close-pc-btn-handler.ot-close-icon{position:absolute;top:10px;right:0;z-index:1;padding:0;background-color:rgba(0,0,0,0);border:none}#onetrust-pc-sdk #close-pc-btn-handler.ot-close-icon svg{display:block;height:10px;width:10px}#onetrust-pc-sdk #clear-filters-handler{margin-top:20px;margin-bottom:10px;float:right;max-width:200px;text-decoration:none;color:#3860be;font-size:.9em;font-weight:bold;background-color:rgba(0,0,0,0);border-color:rgba(0,0,0,0);padding:1px}#onetrust-pc-sdk #clear-filters-handler:hover{color:#2285f7}#onetrust-pc-sdk #clear-filters-handler:focus{outline:#000 solid 1px}#onetrust-pc-sdk .ot-enbl-chr h4~.ot-tgl,#onetrust-pc-sdk .ot-enbl-chr h4~.ot-always-active{right:45px}#onetrust-pc-sdk .ot-enbl-chr h4~.ot-tgl+.ot-tgl{right:120px}#onetrust-pc-sdk .ot-enbl-chr .ot-pli-hdr.ot-leg-border-color span:first-child{width:90px}#onetrust-pc-sdk .ot-enbl-chr li.ot-subgrp>h5+.ot-tgl-cntr{padding-right:25px}#onetrust-pc-sdk .ot-plus-minus{width:20px;height:20px;font-size:1.5em;position:relative;display:inline-block;margin-right:5px;top:3px}#onetrust-pc-sdk .ot-plus-minus span{position:absolute;background:#27455c;border-radius:1px}#onetrust-pc-sdk .ot-plus-minus span:first-of-type{top:25%;bottom:25%;width:10%;left:45%}#onetrust-pc-sdk .ot-plus-minus span:last-of-type{left:25%;right:25%;height:10%;top:45%}#onetrust-pc-sdk button[aria-expanded=true]~.ot-acc-hdr .ot-arw,#onetrust-pc-sdk button[aria-expanded=true]~.ot-acc-hdr .ot-plus-minus span:first-of-type,#onetrust-pc-sdk button[aria-expanded=true]~.ot-acc-hdr .ot-plus-minus span:last-of-type{transform:rotate(90deg)}#onetrust-pc-sdk button[aria-expanded=true]~.ot-acc-hdr .ot-plus-minus span:last-of-type{left:50%;right:50%}#onetrust-pc-sdk #ot-selall-vencntr label,#onetrust-pc-sdk #ot-selall-adtlvencntr label,#onetrust-pc-sdk #ot-selall-hostcntr label,#onetrust-pc-sdk #ot-selall-licntr label{position:relative;display:inline-block;width:20px;height:20px}#onetrust-pc-sdk .ot-host-item .ot-plus-minus,#onetrust-pc-sdk .ot-ven-item .ot-plus-minus{float:left;margin-right:8px;top:10px}#onetrust-pc-sdk .ot-ven-item ul{list-style:none inside;font-size:100%;margin:0}#onetrust-pc-sdk .ot-ven-item ul li{margin:0 !important;padding:0;border:none !important}#onetrust-pc-sdk .ot-pli-hdr{color:#77808e;overflow:hidden;padding-top:7.5px;padding-bottom:7.5px;width:calc(100% - 2px);border-top-left-radius:3px;border-top-right-radius:3px}#onetrust-pc-sdk .ot-pli-hdr span:first-child{top:50%;transform:translateY(50%);max-width:90px}#onetrust-pc-sdk .ot-pli-hdr span:last-child{padding-right:10px;max-width:95px;text-align:center}#onetrust-pc-sdk .ot-li-title{float:right;font-size:.813em}#onetrust-pc-sdk .ot-pli-hdr.ot-leg-border-color{background-color:#f4f4f4;border:1px solid #d8d8d8}#onetrust-pc-sdk .ot-pli-hdr.ot-leg-border-color span:first-child{text-align:left;width:70px}#onetrust-pc-sdk li.ot-subgrp>h5,#onetrust-pc-sdk .ot-cat-header{width:calc(100% - 130px)}#onetrust-pc-sdk li.ot-subgrp>h5+.ot-tgl-cntr{padding-left:13px}#onetrust-pc-sdk .ot-acc-grpcntr .ot-acc-grpdesc{margin-bottom:5px}#onetrust-pc-sdk .ot-acc-grpcntr .ot-subgrp-cntr{border-top:1px solid #d8d8d8}#onetrust-pc-sdk .ot-acc-grpcntr .ot-vlst-cntr+.ot-subgrp-cntr{border-top:none}#onetrust-pc-sdk .ot-acc-hdr .ot-arw-cntr+.ot-tgl-cntr,#onetrust-pc-sdk .ot-acc-txt h4+.ot-tgl-cntr{padding-left:13px}#onetrust-pc-sdk .ot-pli-hdr~.ot-cat-item .ot-subgrp>h5,#onetrust-pc-sdk .ot-pli-hdr~.ot-cat-item .ot-cat-header{width:calc(100% - 145px)}#onetrust-pc-sdk .ot-pli-hdr~.ot-cat-item h5+.ot-tgl-cntr,#onetrust-pc-sdk .ot-pli-hdr~.ot-cat-item .ot-cat-header+.ot-tgl{padding-left:28px}#onetrust-pc-sdk .ot-sel-all-hdr,#onetrust-pc-sdk .ot-sel-all-chkbox{display:inline-block;width:100%;position:relative}#onetrust-pc-sdk .ot-sel-all-chkbox{z-index:1}#onetrust-pc-sdk .ot-sel-all{margin:0;position:relative;padding-right:23px;float:right}#onetrust-pc-sdk .ot-consent-hdr,#onetrust-pc-sdk .ot-li-hdr{float:right;font-size:.812em;line-height:normal;text-align:center;word-break:break-word;word-wrap:break-word}#onetrust-pc-sdk .ot-li-hdr{max-width:100px;padding-right:10px}#onetrust-pc-sdk .ot-consent-hdr{max-width:55px}#onetrust-pc-sdk #ot-selall-licntr{display:block;width:21px;height:auto;float:right;position:relative;right:80px}#onetrust-pc-sdk #ot-selall-licntr label{position:absolute}#onetrust-pc-sdk .ot-ven-ctgl{margin-left:66px}#onetrust-pc-sdk .ot-ven-litgl+.ot-arw-cntr{margin-left:81px}#onetrust-pc-sdk .ot-enbl-chr .ot-host-cnt .ot-tgl-cntr{width:auto}#onetrust-pc-sdk #ot-lst-cnt:not(.ot-host-cnt) .ot-tgl-cntr{width:auto;top:auto;height:20px}#onetrust-pc-sdk #ot-lst-cnt .ot-chkbox{position:relative;display:inline-block;width:20px;height:20px}#onetrust-pc-sdk #ot-lst-cnt .ot-chkbox label{position:absolute;padding:0;width:20px;height:20px}#onetrust-pc-sdk #ot-lst-cnt .ot-vnd-info-cntr{border:1px solid #d8d8d8;padding:.75rem 2rem;padding-bottom:0;width:auto;margin-top:.5rem}#onetrust-pc-sdk .ot-acc-grpdesc+.ot-leg-btn-container{padding-left:20px;padding-right:20px;width:calc(100% - 40px);margin-bottom:5px}#onetrust-pc-sdk .ot-subgrp .ot-leg-btn-container{margin-bottom:5px}#onetrust-pc-sdk #ot-ven-lst .ot-leg-btn-container{margin-top:10px}#onetrust-pc-sdk .ot-leg-btn-container{display:inline-block;width:100%;margin-bottom:10px}#onetrust-pc-sdk .ot-leg-btn-container button{height:auto;padding:6.5px 8px;margin-bottom:0;letter-spacing:0;font-size:.75em;line-height:normal}#onetrust-pc-sdk .ot-leg-btn-container svg{display:none;height:14px;width:14px;padding-right:5px;vertical-align:sub}#onetrust-pc-sdk .ot-active-leg-btn{cursor:default;pointer-events:none}#onetrust-pc-sdk .ot-active-leg-btn svg{display:inline-block}#onetrust-pc-sdk .ot-remove-objection-handler{text-decoration:underline;padding:0;font-size:.75em;font-weight:600;line-height:1;padding-left:10px}#onetrust-pc-sdk .ot-obj-leg-btn-handler span{font-weight:bold;text-align:center;font-size:inherit;line-height:1.5}#onetrust-pc-sdk.ot-close-btn-link #close-pc-btn-handler{border:none;height:auto;line-height:1.5;text-decoration:underline;font-size:.69em;background:none;right:15px;top:15px;width:auto;font-weight:normal}#onetrust-pc-sdk .ot-pgph-link{font-size:.813em !important;margin-top:5px;position:relative}#onetrust-pc-sdk .ot-pgph-link.ot-pgph-link-subgroup{margin-bottom:1rem}#onetrust-pc-sdk .ot-pgph-contr{margin:0 2.5rem}#onetrust-pc-sdk .ot-pgph-title{font-size:1.18rem;margin-bottom:2rem}#onetrust-pc-sdk .ot-pgph-desc{font-size:1rem;font-weight:400;margin-bottom:2rem;line-height:1.5rem}#onetrust-pc-sdk .ot-pgph-desc:not(:last-child):after{content:"";width:96%;display:block;margin:0 auto;padding-bottom:2rem;border-bottom:1px solid #e9e9e9}#onetrust-pc-sdk .ot-cat-header{float:left;font-weight:600;font-size:.875em;line-height:1.5;max-width:90%;vertical-align:middle}#onetrust-pc-sdk .ot-vnd-item>button:focus{outline:#000 solid 2px}#onetrust-pc-sdk .ot-vnd-item>button{position:absolute;cursor:pointer;width:100%;height:100%;margin:0;top:0;left:0;z-index:1;max-width:none;border:none}#onetrust-pc-sdk .ot-vnd-item>button[aria-expanded=false]~.ot-acc-txt{margin-top:0;max-height:0;opacity:0;overflow:hidden;width:100%;transition:.25s ease-out;display:none}#onetrust-pc-sdk .ot-vnd-item>button[aria-expanded=true]~.ot-acc-txt{transition:.1s ease-in;margin-top:10px;width:100%;overflow:auto;display:block}#onetrust-pc-sdk .ot-vnd-item>button[aria-expanded=true]~.ot-acc-grpcntr{width:auto;margin-top:0px;padding-bottom:10px}#onetrust-pc-sdk .ot-accordion-layout.ot-cat-item{position:relative;border-radius:2px;margin:0;padding:0;border:1px solid #d8d8d8;border-top:none;width:calc(100% - 2px);float:left}#onetrust-pc-sdk .ot-accordion-layout.ot-cat-item:first-of-type{margin-top:10px;border-top:1px solid #d8d8d8}#onetrust-pc-sdk .ot-accordion-layout .ot-acc-grpdesc{padding-left:20px;padding-right:20px;width:calc(100% - 40px);font-size:.812em;margin-bottom:10px;margin-top:15px}#onetrust-pc-sdk .ot-accordion-layout .ot-acc-grpdesc>ul{padding-top:10px}#onetrust-pc-sdk .ot-accordion-layout .ot-acc-grpdesc>ul li{padding-top:0;line-height:1.5;padding-bottom:10px}#onetrust-pc-sdk .ot-accordion-layout div+.ot-acc-grpdesc{margin-top:5px}#onetrust-pc-sdk .ot-accordion-layout .ot-vlst-cntr:first-child{margin-top:10px}#onetrust-pc-sdk .ot-accordion-layout .ot-vlst-cntr:last-child,#onetrust-pc-sdk .ot-accordion-layout .ot-hlst-cntr:last-child{margin-bottom:5px}#onetrust-pc-sdk .ot-accordion-layout .ot-acc-hdr{padding-top:11.5px;padding-bottom:11.5px;padding-left:20px;padding-right:20px;width:calc(100% - 40px);display:inline-block}#onetrust-pc-sdk .ot-accordion-layout .ot-acc-txt{width:100%;padding:0}#onetrust-pc-sdk .ot-accordion-layout .ot-subgrp-cntr{padding-left:20px;padding-right:15px;padding-bottom:0;width:calc(100% - 35px)}#onetrust-pc-sdk .ot-accordion-layout .ot-subgrp{padding-right:5px}#onetrust-pc-sdk .ot-accordion-layout .ot-acc-grpcntr{z-index:1;position:relative}#onetrust-pc-sdk .ot-accordion-layout .ot-cat-header+.ot-arw-cntr{position:absolute;top:50%;transform:translateY(-50%);right:20px;margin-top:-2px}#onetrust-pc-sdk .ot-accordion-layout .ot-cat-header+.ot-arw-cntr .ot-arw{width:15px;height:20px;margin-left:5px;color:dimgray}#onetrust-pc-sdk .ot-accordion-layout .ot-cat-header{float:none;color:#2e3644;margin:0;display:inline-block;height:auto;word-wrap:break-word;min-height:inherit}#onetrust-pc-sdk .ot-accordion-layout .ot-vlst-cntr,#onetrust-pc-sdk .ot-accordion-layout .ot-hlst-cntr{padding-left:20px;width:calc(100% - 20px);display:inline-block;margin-top:0;padding-bottom:2px}#onetrust-pc-sdk .ot-accordion-layout .ot-acc-hdr{position:relative;min-height:25px}#onetrust-pc-sdk .ot-accordion-layout h4~.ot-tgl,#onetrust-pc-sdk .ot-accordion-layout h4~.ot-always-active{position:absolute;top:50%;transform:translateY(-50%);right:20px}#onetrust-pc-sdk .ot-accordion-layout h4~.ot-tgl+.ot-tgl{right:95px}#onetrust-pc-sdk .ot-accordion-layout .category-vendors-list-handler,#onetrust-pc-sdk .ot-accordion-layout .category-vendors-list-handler+a{margin-top:5px}#onetrust-pc-sdk #ot-lst-cnt{margin-top:1rem;max-height:calc(100% - 96px)}#onetrust-pc-sdk #ot-lst-cnt .ot-vnd-info-cntr{border:1px solid #d8d8d8;padding:.75rem 2rem;padding-bottom:0;width:auto;margin-top:.5rem}#onetrust-pc-sdk #ot-lst-cnt .ot-vnd-info{margin-bottom:1rem;padding-left:.75rem;padding-right:.75rem;display:flex;flex-direction:column}#onetrust-pc-sdk #ot-lst-cnt .ot-vnd-info[data-vnd-info-key*=DPOEmail]{border-top:1px solid #d8d8d8;padding-top:1rem}#onetrust-pc-sdk #ot-lst-cnt .ot-vnd-info[data-vnd-info-key*=DPOLink]{border-bottom:1px solid #d8d8d8;padding-bottom:1rem}#onetrust-pc-sdk #ot-lst-cnt .ot-vnd-info .ot-vnd-lbl{font-weight:bold;font-size:.85em;margin-bottom:.5rem}#onetrust-pc-sdk #ot-lst-cnt .ot-vnd-info .ot-vnd-cnt{margin-left:.5rem;font-weight:500;font-size:.85rem}#onetrust-pc-sdk .ot-vs-list,#onetrust-pc-sdk .ot-vnd-serv{width:auto;padding:1rem 1.25rem;padding-bottom:0}#onetrust-pc-sdk .ot-vs-list .ot-vnd-serv-hdr-cntr,#onetrust-pc-sdk .ot-vnd-serv .ot-vnd-serv-hdr-cntr{padding-bottom:.75rem;border-bottom:1px solid #d8d8d8}#onetrust-pc-sdk .ot-vs-list .ot-vnd-serv-hdr-cntr .ot-vnd-serv-hdr,#onetrust-pc-sdk .ot-vnd-serv .ot-vnd-serv-hdr-cntr .ot-vnd-serv-hdr{font-weight:600;font-size:.95em;line-height:2;margin-left:.5rem}#onetrust-pc-sdk .ot-vs-list .ot-vnd-item,#onetrust-pc-sdk .ot-vnd-serv .ot-vnd-item{border:none;margin:0;padding:0}#onetrust-pc-sdk .ot-vs-list .ot-vnd-item button,#onetrust-pc-sdk .ot-vnd-serv .ot-vnd-item button{outline:none;border-bottom:1px solid #d8d8d8}#onetrust-pc-sdk .ot-vs-list .ot-vnd-item button[aria-expanded=true],#onetrust-pc-sdk .ot-vnd-serv .ot-vnd-item button[aria-expanded=true]{border-bottom:none}#onetrust-pc-sdk .ot-vs-list .ot-vnd-item:first-child,#onetrust-pc-sdk .ot-vnd-serv .ot-vnd-item:first-child{margin-top:.25rem;border-top:unset}#onetrust-pc-sdk .ot-vs-list .ot-vnd-item:last-child,#onetrust-pc-sdk .ot-vnd-serv .ot-vnd-item:last-child{margin-bottom:.5rem}#onetrust-pc-sdk .ot-vs-list .ot-vnd-item:last-child button,#onetrust-pc-sdk .ot-vnd-serv .ot-vnd-item:last-child button{border-bottom:none}#onetrust-pc-sdk .ot-vs-list .ot-vnd-item .ot-vnd-info-cntr,#onetrust-pc-sdk .ot-vnd-serv .ot-vnd-item .ot-vnd-info-cntr{border:1px solid #d8d8d8;padding:.75rem 1.75rem;padding-bottom:0;width:auto;margin-top:.5rem}#onetrust-pc-sdk .ot-vs-list .ot-vnd-item .ot-vnd-info,#onetrust-pc-sdk .ot-vnd-serv .ot-vnd-item .ot-vnd-info{margin-bottom:1rem;padding-left:.75rem;padding-right:.75rem;display:flex;flex-direction:column}#onetrust-pc-sdk .ot-vs-list .ot-vnd-item .ot-vnd-info[data-vnd-info-key*=DPOEmail],#onetrust-pc-sdk .ot-vnd-serv .ot-vnd-item .ot-vnd-info[data-vnd-info-key*=DPOEmail]{border-top:1px solid #d8d8d8;padding-top:1rem}#onetrust-pc-sdk .ot-vs-list .ot-vnd-item .ot-vnd-info[data-vnd-info-key*=DPOLink],#onetrust-pc-sdk .ot-vnd-serv .ot-vnd-item .ot-vnd-info[data-vnd-info-key*=DPOLink]{border-bottom:1px solid #d8d8d8;padding-bottom:1rem}#onetrust-pc-sdk .ot-vs-list .ot-vnd-item .ot-vnd-info .ot-vnd-lbl,#onetrust-pc-sdk .ot-vnd-serv .ot-vnd-item .ot-vnd-info .ot-vnd-lbl{font-weight:bold;font-size:.85em;margin-bottom:.5rem}#onetrust-pc-sdk .ot-vs-list .ot-vnd-item .ot-vnd-info .ot-vnd-cnt,#onetrust-pc-sdk .ot-vnd-serv .ot-vnd-item .ot-vnd-info .ot-vnd-cnt{margin-left:.5rem;font-weight:500;font-size:.85rem}#onetrust-pc-sdk .ot-vs-list.ot-vnd-subgrp-cnt,#onetrust-pc-sdk .ot-vnd-serv.ot-vnd-subgrp-cnt{padding-left:40px}#onetrust-pc-sdk .ot-vs-list.ot-vnd-subgrp-cnt .ot-vnd-serv-hdr-cntr .ot-vnd-serv-hdr,#onetrust-pc-sdk .ot-vnd-serv.ot-vnd-subgrp-cnt .ot-vnd-serv-hdr-cntr .ot-vnd-serv-hdr{font-size:.8em}#onetrust-pc-sdk .ot-vs-list.ot-vnd-subgrp-cnt .ot-cat-header,#onetrust-pc-sdk .ot-vnd-serv.ot-vnd-subgrp-cnt .ot-cat-header{font-size:.8em}#onetrust-pc-sdk .ot-subgrp-cntr .ot-vnd-serv{margin-bottom:1rem;padding:1rem .95rem}#onetrust-pc-sdk .ot-subgrp-cntr .ot-vnd-serv .ot-vnd-serv-hdr-cntr{padding-bottom:.75rem;border-bottom:1px solid #d8d8d8}#onetrust-pc-sdk .ot-subgrp-cntr .ot-vnd-serv .ot-vnd-serv-hdr-cntr .ot-vnd-serv-hdr{font-weight:700;font-size:.8em;line-height:20px;margin-left:.82rem}#onetrust-pc-sdk .ot-subgrp-cntr .ot-cat-header{font-weight:700;font-size:.8em;line-height:20px}#onetrust-pc-sdk .ot-subgrp-cntr ul.ot-subgrps .ot-vnd-serv .ot-vnd-lst-cont .ot-accordion-layout .ot-acc-hdr div.ot-chkbox{margin-left:.82rem}#onetrust-pc-sdk .ot-vs-config .ot-acc-hdr,#onetrust-pc-sdk ul.ot-subgrps .ot-acc-hdr,#onetrust-pc-sdk .ot-subgrp-cntr ul.ot-subgrps .ot-acc-hdr,#onetrust-pc-sdk .ot-vs-list .ot-vnd-item .ot-acc-hdr,#onetrust-pc-sdk .ot-vnd-serv .ot-vnd-item .ot-acc-hdr,#onetrust-pc-sdk #ot-pc-lst .ot-vs-list .ot-vnd-item .ot-acc-hdr,#onetrust-pc-sdk .ot-accordion-layout.ot-checkbox-consent .ot-acc-hdr{padding:.7rem 0;margin:0;display:flex;width:100%;align-items:center;justify-content:space-between}#onetrust-pc-sdk .ot-vs-config .ot-acc-hdr div:first-child,#onetrust-pc-sdk ul.ot-subgrps .ot-acc-hdr div:first-child,#onetrust-pc-sdk .ot-subgrp-cntr ul.ot-subgrps .ot-acc-hdr div:first-child,#onetrust-pc-sdk .ot-vs-list .ot-vnd-item .ot-acc-hdr div:first-child,#onetrust-pc-sdk .ot-vnd-serv .ot-vnd-item .ot-acc-hdr div:first-child,#onetrust-pc-sdk #ot-pc-lst .ot-vs-list .ot-vnd-item .ot-acc-hdr div:first-child,#onetrust-pc-sdk .ot-accordion-layout.ot-checkbox-consent .ot-acc-hdr div:first-child{margin-left:.5rem}#onetrust-pc-sdk .ot-vs-config .ot-acc-hdr div:last-child,#onetrust-pc-sdk ul.ot-subgrps .ot-acc-hdr div:last-child,#onetrust-pc-sdk .ot-subgrp-cntr ul.ot-subgrps .ot-acc-hdr div:last-child,#onetrust-pc-sdk .ot-vs-list .ot-vnd-item .ot-acc-hdr div:last-child,#onetrust-pc-sdk .ot-vnd-serv .ot-vnd-item .ot-acc-hdr div:last-child,#onetrust-pc-sdk #ot-pc-lst .ot-vs-list .ot-vnd-item .ot-acc-hdr div:last-child,#onetrust-pc-sdk .ot-accordion-layout.ot-checkbox-consent .ot-acc-hdr div:last-child{margin-right:.5rem;margin-left:.5rem}#onetrust-pc-sdk .ot-vs-config .ot-acc-hdr .ot-always-active,#onetrust-pc-sdk ul.ot-subgrps .ot-acc-hdr .ot-always-active,#onetrust-pc-sdk .ot-subgrp-cntr ul.ot-subgrps .ot-acc-hdr .ot-always-active,#onetrust-pc-sdk .ot-vs-list .ot-vnd-item .ot-acc-hdr .ot-always-active,#onetrust-pc-sdk .ot-vnd-serv .ot-vnd-item .ot-acc-hdr .ot-always-active,#onetrust-pc-sdk #ot-pc-lst .ot-vs-list .ot-vnd-item .ot-acc-hdr .ot-always-active,#onetrust-pc-sdk .ot-accordion-layout.ot-checkbox-consent .ot-acc-hdr .ot-always-active{position:relative;right:unset;top:unset;transform:unset}#onetrust-pc-sdk .ot-vs-config .ot-acc-hdr .ot-plus-minus,#onetrust-pc-sdk ul.ot-subgrps .ot-acc-hdr .ot-plus-minus,#onetrust-pc-sdk .ot-subgrp-cntr ul.ot-subgrps .ot-acc-hdr .ot-plus-minus,#onetrust-pc-sdk .ot-vs-list .ot-vnd-item .ot-acc-hdr .ot-plus-minus,#onetrust-pc-sdk .ot-vnd-serv .ot-vnd-item .ot-acc-hdr .ot-plus-minus,#onetrust-pc-sdk #ot-pc-lst .ot-vs-list .ot-vnd-item .ot-acc-hdr .ot-plus-minus,#onetrust-pc-sdk .ot-accordion-layout.ot-checkbox-consent .ot-acc-hdr .ot-plus-minus{top:0}#onetrust-pc-sdk .ot-vs-config .ot-acc-hdr .ot-arw-cntr,#onetrust-pc-sdk ul.ot-subgrps .ot-acc-hdr .ot-arw-cntr,#onetrust-pc-sdk .ot-subgrp-cntr ul.ot-subgrps .ot-acc-hdr .ot-arw-cntr,#onetrust-pc-sdk .ot-vs-list .ot-vnd-item .ot-acc-hdr .ot-arw-cntr,#onetrust-pc-sdk .ot-vnd-serv .ot-vnd-item .ot-acc-hdr .ot-arw-cntr,#onetrust-pc-sdk #ot-pc-lst .ot-vs-list .ot-vnd-item .ot-acc-hdr .ot-arw-cntr,#onetrust-pc-sdk .ot-accordion-layout.ot-checkbox-consent .ot-acc-hdr .ot-arw-cntr{float:none;top:unset;right:unset;transform:unset;margin-top:-2px;position:relative}#onetrust-pc-sdk .ot-vs-config .ot-acc-hdr .ot-cat-header,#onetrust-pc-sdk ul.ot-subgrps .ot-acc-hdr .ot-cat-header,#onetrust-pc-sdk .ot-subgrp-cntr ul.ot-subgrps .ot-acc-hdr .ot-cat-header,#onetrust-pc-sdk .ot-vs-list .ot-vnd-item .ot-acc-hdr .ot-cat-header,#onetrust-pc-sdk .ot-vnd-serv .ot-vnd-item .ot-acc-hdr .ot-cat-header,#onetrust-pc-sdk #ot-pc-lst .ot-vs-list .ot-vnd-item .ot-acc-hdr .ot-cat-header,#onetrust-pc-sdk .ot-accordion-layout.ot-checkbox-consent .ot-acc-hdr .ot-cat-header{flex:1;margin:0 .5rem}#onetrust-pc-sdk .ot-vs-config .ot-acc-hdr .ot-tgl,#onetrust-pc-sdk ul.ot-subgrps .ot-acc-hdr .ot-tgl,#onetrust-pc-sdk .ot-subgrp-cntr ul.ot-subgrps .ot-acc-hdr .ot-tgl,#onetrust-pc-sdk .ot-vs-list .ot-vnd-item .ot-acc-hdr .ot-tgl,#onetrust-pc-sdk .ot-vnd-serv .ot-vnd-item .ot-acc-hdr .ot-tgl,#onetrust-pc-sdk #ot-pc-lst .ot-vs-list .ot-vnd-item .ot-acc-hdr .ot-tgl,#onetrust-pc-sdk .ot-accordion-layout.ot-checkbox-consent .ot-acc-hdr .ot-tgl{position:relative;transform:none;right:0;top:0;float:none}#onetrust-pc-sdk .ot-vs-config .ot-acc-hdr .ot-chkbox,#onetrust-pc-sdk ul.ot-subgrps .ot-acc-hdr .ot-chkbox,#onetrust-pc-sdk .ot-subgrp-cntr ul.ot-subgrps .ot-acc-hdr .ot-chkbox,#onetrust-pc-sdk .ot-vs-list .ot-vnd-item .ot-acc-hdr .ot-chkbox,#onetrust-pc-sdk .ot-vnd-serv .ot-vnd-item .ot-acc-hdr .ot-chkbox,#onetrust-pc-sdk #ot-pc-lst .ot-vs-list .ot-vnd-item .ot-acc-hdr .ot-chkbox,#onetrust-pc-sdk .ot-accordion-layout.ot-checkbox-consent .ot-acc-hdr .ot-chkbox{position:relative;margin:0 .5rem}#onetrust-pc-sdk .ot-vs-config .ot-acc-hdr .ot-chkbox label,#onetrust-pc-sdk ul.ot-subgrps .ot-acc-hdr .ot-chkbox label,#onetrust-pc-sdk .ot-subgrp-cntr ul.ot-subgrps .ot-acc-hdr .ot-chkbox label,#onetrust-pc-sdk .ot-vs-list .ot-vnd-item .ot-acc-hdr .ot-chkbox label,#onetrust-pc-sdk .ot-vnd-serv .ot-vnd-item .ot-acc-hdr .ot-chkbox label,#onetrust-pc-sdk #ot-pc-lst .ot-vs-list .ot-vnd-item .ot-acc-hdr .ot-chkbox label,#onetrust-pc-sdk .ot-accordion-layout.ot-checkbox-consent .ot-acc-hdr .ot-chkbox label{padding:0}#onetrust-pc-sdk .ot-vs-config .ot-acc-hdr .ot-chkbox label::before,#onetrust-pc-sdk ul.ot-subgrps .ot-acc-hdr .ot-chkbox label::before,#onetrust-pc-sdk .ot-subgrp-cntr ul.ot-subgrps .ot-acc-hdr .ot-chkbox label::before,#onetrust-pc-sdk .ot-vs-list .ot-vnd-item .ot-acc-hdr .ot-chkbox label::before,#onetrust-pc-sdk .ot-vnd-serv .ot-vnd-item .ot-acc-hdr .ot-chkbox label::before,#onetrust-pc-sdk #ot-pc-lst .ot-vs-list .ot-vnd-item .ot-acc-hdr .ot-chkbox label::before,#onetrust-pc-sdk .ot-accordion-layout.ot-checkbox-consent .ot-acc-hdr .ot-chkbox label::before{position:relative}#onetrust-pc-sdk .ot-vs-config .ot-acc-hdr .ot-chkbox input,#onetrust-pc-sdk ul.ot-subgrps .ot-acc-hdr .ot-chkbox input,#onetrust-pc-sdk .ot-subgrp-cntr ul.ot-subgrps .ot-acc-hdr .ot-chkbox input,#onetrust-pc-sdk .ot-vs-list .ot-vnd-item .ot-acc-hdr .ot-chkbox input,#onetrust-pc-sdk .ot-vnd-serv .ot-vnd-item .ot-acc-hdr .ot-chkbox input,#onetrust-pc-sdk #ot-pc-lst .ot-vs-list .ot-vnd-item .ot-acc-hdr .ot-chkbox input,#onetrust-pc-sdk .ot-accordion-layout.ot-checkbox-consent .ot-acc-hdr .ot-chkbox input{position:absolute;cursor:pointer;width:100%;height:100%;opacity:0;margin:0;top:0;left:0;z-index:1}#onetrust-pc-sdk .ot-subgrp-cntr ul.ot-subgrps li.ot-subgrp .ot-acc-hdr h5.ot-cat-header,#onetrust-pc-sdk .ot-subgrp-cntr ul.ot-subgrps li.ot-subgrp .ot-acc-hdr h4.ot-cat-header{margin:0}#onetrust-pc-sdk .ot-vs-config .ot-subgrp-cntr ul.ot-subgrps li.ot-subgrp h5{top:0;line-height:20px}#onetrust-pc-sdk .ot-vs-list{display:flex;flex-direction:column;padding:0;margin:.5rem 4px}#onetrust-pc-sdk .ot-vs-selc-all{display:flex;padding:0;float:unset;align-items:center;justify-content:flex-start}#onetrust-pc-sdk .ot-vs-selc-all.ot-toggle-conf{justify-content:flex-end}#onetrust-pc-sdk .ot-vs-selc-all.ot-toggle-conf.ot-caret-conf .ot-sel-all-chkbox{margin-right:48px}#onetrust-pc-sdk .ot-vs-selc-all.ot-toggle-conf .ot-sel-all-chkbox{margin:0;padding:0;margin-right:14px;justify-content:flex-end}#onetrust-pc-sdk .ot-vs-selc-all.ot-toggle-conf #ot-selall-vencntr.ot-chkbox,#onetrust-pc-sdk .ot-vs-selc-all.ot-toggle-conf #ot-selall-vencntr.ot-tgl{display:inline-block;right:unset;width:auto;height:auto;float:none}#onetrust-pc-sdk .ot-vs-selc-all.ot-toggle-conf #ot-selall-vencntr label{width:45px;height:25px}#onetrust-pc-sdk .ot-vs-selc-all .ot-sel-all-chkbox{margin-right:11px;margin-left:.75rem;display:flex;align-items:center}#onetrust-pc-sdk .ot-vs-selc-all .sel-all-hdr{margin:0 1.25rem;font-size:.812em;line-height:normal;text-align:center;word-break:break-word;word-wrap:break-word}#onetrust-pc-sdk .ot-vnd-list-cnt #ot-selall-vencntr.ot-chkbox{float:unset;right:0}#onetrust-pc-sdk[dir=rtl] #ot-back-arw,#onetrust-pc-sdk[dir=rtl] input~.ot-acc-hdr .ot-arw{transform:rotate(180deg);-o-transform:rotate(180deg);-ms-transform:rotate(180deg);-webkit-transform:rotate(180deg)}#onetrust-pc-sdk[dir=rtl] input:checked~.ot-acc-hdr .ot-arw{transform:rotate(270deg);-o-transform:rotate(270deg);-ms-transform:rotate(270deg);-webkit-transform:rotate(270deg)}#onetrust-pc-sdk[dir=rtl] .ot-chkbox label::after{transform:rotate(45deg);-webkit-transform:rotate(45deg);-o-transform:rotate(45deg);-ms-transform:rotate(45deg);border-left:0;border-right:3px solid}#onetrust-pc-sdk[dir=rtl] .ot-search-cntr>svg{right:0}@media only screen and (max-width: 600px){#onetrust-pc-sdk.otPcCenter{left:0;min-width:100%;height:100%;top:0;border-radius:0}#onetrust-pc-sdk #ot-pc-content,#onetrust-pc-sdk.ot-ftr-stacked .ot-btn-container{margin:1px 3px 0 10px;padding-right:10px;width:calc(100% - 23px)}#onetrust-pc-sdk .ot-btn-container button{max-width:none;letter-spacing:.01em}#onetrust-pc-sdk #close-pc-btn-handler{top:10px;right:17px}#onetrust-pc-sdk p{font-size:.7em}#onetrust-pc-sdk #ot-pc-hdr{margin:10px 10px 0 5px;width:calc(100% - 15px)}#onetrust-pc-sdk .vendor-search-handler{font-size:1em}#onetrust-pc-sdk #ot-back-arw{margin-left:12px}#onetrust-pc-sdk #ot-lst-cnt{margin:0;padding:0 5px 0 10px;min-width:95%}#onetrust-pc-sdk .switch+p{max-width:80%}#onetrust-pc-sdk .ot-ftr-stacked button{width:100%}#onetrust-pc-sdk #ot-fltr-cnt{max-width:320px;width:90%;border-top-right-radius:0;border-bottom-right-radius:0;margin:0;margin-left:15px;left:auto;right:40px;top:85px}#onetrust-pc-sdk .ot-fltr-opt{margin-left:25px;margin-bottom:10px}#onetrust-pc-sdk .ot-pc-refuse-all-handler{margin-bottom:0}#onetrust-pc-sdk #ot-fltr-cnt{right:40px}}@media only screen and (max-width: 476px){#onetrust-pc-sdk .ot-fltr-cntr,#onetrust-pc-sdk #ot-fltr-cnt{right:10px}#onetrust-pc-sdk #ot-anchor{right:25px}#onetrust-pc-sdk button{width:100%}#onetrust-pc-sdk:not(.ot-addtl-vendors) #ot-pc-lst:not(.ot-enbl-chr) .ot-sel-all{padding-right:9px}#onetrust-pc-sdk:not(.ot-addtl-vendors) #ot-pc-lst:not(.ot-enbl-chr) .ot-tgl-cntr{right:0}}@media only screen and (max-width: 896px)and (max-height: 425px)and (orientation: landscape){#onetrust-pc-sdk.otPcCenter{left:0;top:0;min-width:100%;height:100%;border-radius:0}#onetrust-pc-sdk .ot-pc-header{height:auto;min-height:20px}#onetrust-pc-sdk .ot-pc-header .ot-pc-logo{max-height:30px}#onetrust-pc-sdk .ot-pc-footer{max-height:60px;overflow-y:auto}#onetrust-pc-sdk #ot-pc-content,#onetrust-pc-sdk #ot-pc-lst{bottom:70px}#onetrust-pc-sdk.ot-ftr-stacked #ot-pc-content{bottom:70px}#onetrust-pc-sdk #ot-anchor{left:initial;right:50px}#onetrust-pc-sdk #ot-lst-title{margin-top:12px}#onetrust-pc-sdk #ot-lst-title *{font-size:inherit}#onetrust-pc-sdk #ot-pc-hdr input{margin-right:0;padding-right:45px}#onetrust-pc-sdk .switch+p{max-width:85%}#onetrust-pc-sdk #ot-sel-blk{position:static}#onetrust-pc-sdk #ot-pc-lst{overflow:auto}#onetrust-pc-sdk #ot-lst-cnt{max-height:none;overflow:initial}#onetrust-pc-sdk #ot-lst-cnt.no-results{height:auto}#onetrust-pc-sdk input{font-size:1em !important}#onetrust-pc-sdk p{font-size:.6em}#onetrust-pc-sdk #ot-fltr-modal{width:100%;top:0}#onetrust-pc-sdk ul li p,#onetrust-pc-sdk .category-vendors-list-handler,#onetrust-pc-sdk .category-vendors-list-handler+a,#onetrust-pc-sdk .category-host-list-handler{font-size:.6em}#onetrust-pc-sdk.ot-shw-fltr #ot-anchor{display:none !important}#onetrust-pc-sdk.ot-shw-fltr #ot-pc-lst{height:100% !important;overflow:hidden;top:0px}#onetrust-pc-sdk.ot-shw-fltr #ot-fltr-cnt{margin:0;height:100%;max-height:none;padding:10px;top:0;width:calc(100% - 20px);position:absolute;right:0;left:0;max-width:none}#onetrust-pc-sdk.ot-shw-fltr .ot-fltr-scrlcnt{max-height:calc(100% - 65px)}}
#onetrust-consent-sdk #onetrust-pc-sdk,
#onetrust-consent-sdk #ot-search-cntr,
#onetrust-consent-sdk #onetrust-pc-sdk .ot-switch.ot-toggle,
#onetrust-consent-sdk #onetrust-pc-sdk ot-grp-hdr1 .checkbox,
#onetrust-consent-sdk #onetrust-pc-sdk #ot-pc-title:after
,#onetrust-consent-sdk #onetrust-pc-sdk #ot-sel-blk,
#onetrust-consent-sdk #onetrust-pc-sdk #ot-fltr-cnt,
#onetrust-consent-sdk #onetrust-pc-sdk #ot-anchor {
    background-color: #FFFFFF;
}

#onetrust-consent-sdk #onetrust-pc-sdk h3,
#onetrust-consent-sdk #onetrust-pc-sdk h4,
#onetrust-consent-sdk #onetrust-pc-sdk h5,
#onetrust-consent-sdk #onetrust-pc-sdk h6,
#onetrust-consent-sdk #onetrust-pc-sdk p,
#onetrust-consent-sdk #onetrust-pc-sdk #ot-ven-lst .ot-ven-opts p,
#onetrust-consent-sdk #onetrust-pc-sdk #ot-pc-desc,
#onetrust-consent-sdk #onetrust-pc-sdk #ot-pc-title,
#onetrust-consent-sdk #onetrust-pc-sdk .ot-li-title,
#onetrust-consent-sdk #onetrust-pc-sdk .ot-sel-all-hdr span,
#onetrust-consent-sdk #onetrust-pc-sdk #ot-host-lst .ot-host-info,
#onetrust-consent-sdk #onetrust-pc-sdk #ot-fltr-modal #modal-header,
#onetrust-consent-sdk #onetrust-pc-sdk .ot-checkbox label span,
#onetrust-consent-sdk #onetrust-pc-sdk #ot-pc-lst #ot-sel-blk p,
#onetrust-consent-sdk #onetrust-pc-sdk #ot-pc-lst #ot-lst-title h3,
#onetrust-consent-sdk #onetrust-pc-sdk #ot-pc-lst .back-btn-handler p,
#onetrust-consent-sdk #onetrust-pc-sdk #ot-pc-lst .ot-ven-name,
#onetrust-consent-sdk #onetrust-pc-sdk #ot-pc-lst #ot-ven-lst .consent-category,
#onetrust-consent-sdk #onetrust-pc-sdk .ot-leg-btn-container .ot-inactive-leg-btn,
#onetrust-consent-sdk #onetrust-pc-sdk .ot-label-status,
#onetrust-consent-sdk #onetrust-pc-sdk .ot-chkbox label span,
#onetrust-consent-sdk #onetrust-pc-sdk #clear-filters-handler,
#onetrust-consent-sdk #onetrust-pc-sdk .ot-optout-signal
{
    color: #555555;
}
#onetrust-consent-sdk #onetrust-pc-sdk .privacy-notice-link,
#onetrust-consent-sdk #onetrust-pc-sdk .ot-pgph-link,
#onetrust-consent-sdk #onetrust-pc-sdk .category-vendors-list-handler,
#onetrust-consent-sdk #onetrust-pc-sdk .category-vendors-list-handler + a,
#onetrust-consent-sdk #onetrust-pc-sdk .category-host-list-handler,
#onetrust-consent-sdk #onetrust-pc-sdk .ot-ven-link,
#onetrust-consent-sdk #onetrust-pc-sdk .ot-ven-legclaim-link,
#onetrust-consent-sdk #onetrust-pc-sdk #ot-host-lst .ot-host-name a,
#onetrust-consent-sdk #onetrust-pc-sdk #ot-host-lst .ot-acc-hdr .ot-host-expand,
#onetrust-consent-sdk #onetrust-pc-sdk #ot-host-lst .ot-host-info a,
#onetrust-consent-sdk #onetrust-pc-sdk #ot-pc-content #ot-pc-desc .ot-link-btn,
#onetrust-consent-sdk #onetrust-pc-sdk .ot-vnd-serv .ot-vnd-item .ot-vnd-info a,
#onetrust-consent-sdk #onetrust-pc-sdk #ot-lst-cnt .ot-vnd-info a
{
    color: #237803;
}
#onetrust-consent-sdk #onetrust-pc-sdk .category-vendors-list-handler:hover { text-decoration: underline;}
#onetrust-consent-sdk #onetrust-pc-sdk .ot-acc-grpcntr.ot-acc-txt,
#onetrust-consent-sdk #onetrust-pc-sdk .ot-acc-txt .ot-subgrp-tgl .ot-switch.ot-toggle
{
    background-color: #FAF8F5;
}
#onetrust-consent-sdk #onetrust-pc-sdk #ot-host-lst .ot-host-info,
#onetrust-consent-sdk #onetrust-pc-sdk .ot-acc-txt .ot-ven-dets
{
    background-color: #FAF8F5;
}
#onetrust-consent-sdk #onetrust-pc-sdk
button:not(#clear-filters-handler):not(.ot-close-icon):not(#filter-btn-handler):not(.ot-remove-objection-handler):not(.ot-obj-leg-btn-handler):not([aria-expanded]):not(.ot-link-btn),
#onetrust-consent-sdk #onetrust-pc-sdk .ot-leg-btn-container .ot-active-leg-btn {
    background-color: #237803;border-color: #237803;
    color: #FFFFFF;
}
#onetrust-consent-sdk #onetrust-pc-sdk .ot-active-menu {
    border-color: #237803;
}

#onetrust-consent-sdk #onetrust-pc-sdk .ot-leg-btn-container .ot-remove-objection-handler{
    background-color: transparent;
    border: 1px solid transparent;
}
#onetrust-consent-sdk #onetrust-pc-sdk .ot-leg-btn-container .ot-inactive-leg-btn {
    background-color: #FFFFFF;
    color: #78808E; border-color: #78808E;
}
#onetrust-consent-sdk #onetrust-pc-sdk .ot-tgl input:focus + .ot-switch, .ot-switch .ot-switch-nob, .ot-switch .ot-switch-nob:before,
#onetrust-pc-sdk .ot-checkbox input[type="checkbox"]:focus + label::before,
#onetrust-pc-sdk .ot-chkbox input[type="checkbox"]:focus + label::before {
    outline-color: #000000;
    outline-width: 1px;
}
#onetrust-pc-sdk .ot-host-item > button:focus, #onetrust-pc-sdk .ot-ven-item > button:focus {
    border: 1px solid #000000;
}
#onetrust-consent-sdk #onetrust-pc-sdk *:focus,
#onetrust-consent-sdk #onetrust-pc-sdk .ot-vlst-cntr > a:focus {
    outline: 1px solid #000000;
}#onetrust-pc-sdk .ot-vlst-cntr .ot-ext-lnk,  #onetrust-pc-sdk .ot-ven-hdr .ot-ext-lnk{
     background-image: url('https://cdn.cookielaw.org/logos/static/ot_external_link.svg');
 }
#onetrust-pc-sdk {
    --zpot-color-text-default: #343332;
    --zpot-color-text-primary: #237803;
    --zpot-color-surface-action-neutral-default: #E5E2DC;
    --zpot-color-surface-action-neutral-hover: #D3D0CA;
    --zpot-color-surface-action-neutral-active: #C3BEB6;
    --zpot-color-surface-action-primary-default: #237803;
    --zpot-color-surface-action-primary-hover: #1C5E02;
    --zpot-color-surface-action-primary-active:  #154902;

    --zpot-radius-xs: 4px;
    --zpot-radius-s: 8px;
    --zpot-radius-m: 12px;
    --zpot-radius-l: 16px;
    --zpot-borderRadius-full: 99999px;

    --zpot-spacing-2xs: 4px;
    --zpot-spacing-xs: 8px;
    --zpot-spacing-s: 12px;
    --zpot-spacing-m: 16px;
    --zpot-spacing-l: 20px;
    --zpot-spacing-xl: 24px;
    --zpot-spacing-2xl: 32px;
    --zpot-spacing-3xl: 40px;
}

#onetrust-pc-sdk * {
    letter-spacing: 0 !important;
}

#onetrust-pc-sdk.otPcCenter {
    border-radius: var(--zpot-radius-s);
}

#onetrust-pc-sdk .ot-pc-header {
    padding: var(--zpot-spacing-s) var(--zpot-spacing-l);
}

#onetrust-pc-sdk .ot-pc-logo {
    width: auto;
    vertical-align: top;
}

#onetrust-pc-sdk #ot-pc-title {
    font-size: 20px !important;
    line-height: 1.2 !important;
}

@media (min-width: 544px) {
    #onetrust-pc-sdk #ot-pc-title {
        font-size: 24px !important;
        line-height: 1.166666 !important;
    }
}

#onetrust-pc-sdk #ot-pc-content {
    width: auto;
    top: 64px;
    margin: 0;
    padding-inline: var(--zpot-spacing-l);
}

#onetrust-consent-sdk #onetrust-pc-sdk #ot-pc-desc {
    color: var(--zpot-color-text-default);
    font-size: 12px;
    line-height: 1.5;
}

#onetrust-consent-sdk #accept-recommended-btn-handler {
    background: var(--zpot-color-surface-action-primary-default) !important;
    transition: background-color 0.25s;
}

#onetrust-consent-sdk #accept-recommended-btn-handler:hover {
    background: var(--zpot-color-surface-action-primary-hover) !important;
}

#onetrust-consent-sdk #accept-recommended-btn-handler:active {
    background: var(--zpot-color-surface-action-primary-active) !important;
}

#onetrust-pc-sdk .ot-pc-footer-logo {
    display: none;
}
#onetrust-pc-sdk .ot-btn-container {
    text-align: center;
}

#onetrust-pc-sdk .ot-btn-container button {
    display: inline-block;
    font-size: 14px;
    margin-top: 19px;
    background-color: transparent !important;
    border: none !important;
    color: var(--zpot-color-text-primary) !important;
    letter-spacing: normal !important;
    opacity: 1 !important;
    text-decoration-color: rgba(0, 0, 0, 0);
    transition: text-decoration-color 0.3s ease-in-out;
}

#onetrust-pc-sdk .ot-btn-container button:hover {
    text-decoration: underline;
    text-decoration-color: var(--zpot-color-text-primary);
}

#onetrust-pc-sdk .save-preference-btn-handler {
    margin-right: 0px;
}


#onetrust-pc-sdk .ot-cat-grp .ot-always-active {
    color: var(--zpot-color-surface-action-primary-default);
}
#onetrust-pc-sdk #accept-recommended-btn-handler {
    margin-right: 0;
    margin-bottom: 25px;
    width: 100%;
    max-width: 100%;
    border-radius: var(--zpot-borderRadius-full);
    height: 48px;
    opacity: 1 !important;
}

#onetrust-pc-sdk .ot-host-desc, #onetrust-pc-sdk .ot-host-info {
    font-size: 1em;
    line-height: 1.4;
    font-weight: normal;
}
#onetrust-pc-sdk #filter-btn-handler {
    background-color: var(--zpot-color-surface-action-primary-default);
    border-radius: 5px;
    border: none !important;
}
#onetrust-pc-sdk #filter-btn-handler svg {
    fill: #fff;
}

#onetrust-pc-sdk .ot-switch {
    width: 56px;
    height: 32px;
    border-radius: var(--zpot-borderRadius-full);
}

#onetrust-pc-sdk .ot-switch-nob {
    border: 1px solid transparent !important;
    background: var(--zpot-color-surface-action-neutral-default);
    border-radius: var(--zpot-borderRadius-full);
}

#onetrust-pc-sdk .ot-switch:hover .ot-switch-nob {
    background: var(--zpot-color-surface-action-neutral-hover);
}

#onetrust-pc-sdk .ot-switch:active .ot-switch-nob {
    background: var(--zpot-color-surface-action-neutral-active);
}

#onetrust-pc-sdk .ot-tgl input:checked+.ot-switch .ot-switch-nob {
    background: var(--zpot-color-surface-action-primary-default);
}

#onetrust-pc-sdk .ot-tgl input:checked:hover+.ot-switch .ot-switch-nob {
    background: var(--zpot-color-surface-action-primary-hover) !important;
}

#onetrust-pc-sdk .ot-tgl input:checked:active+.ot-switch .ot-switch-nob {
    background: var(--zpot-color-surface-action-primary-active) !important;
}

#onetrust-pc-sdk .ot-switch-nob::before {
    width: 24px;
    height: 24px;
    background: white !important;
    box-shadow: 0 2px 6px 0 rgb(0 0 0 / 10%), 0 1px 4px 0 rgb(0 0 0 / 8%);
}

#onetrust-pc-sdk .ot-tgl input:checked+.ot-switch .ot-switch-nob::before {
    -webkit-transform: translateX(24px);
    -ms-transform: translateX(24px);
    transform: translateX(24px);
}
.ot-sdk-cookie-policy{font-family:inherit;font-size:16px}.ot-sdk-cookie-policy.otRelFont{font-size:1rem}.ot-sdk-cookie-policy h3,.ot-sdk-cookie-policy h4,.ot-sdk-cookie-policy h6,.ot-sdk-cookie-policy p,.ot-sdk-cookie-policy li,.ot-sdk-cookie-policy a,.ot-sdk-cookie-policy th,.ot-sdk-cookie-policy #cookie-policy-description,.ot-sdk-cookie-policy .ot-sdk-cookie-policy-group,.ot-sdk-cookie-policy #cookie-policy-title{color:dimgray}.ot-sdk-cookie-policy #cookie-policy-description{margin-bottom:1em}.ot-sdk-cookie-policy h4{font-size:1.2em}.ot-sdk-cookie-policy h6{font-size:1em;margin-top:2em}.ot-sdk-cookie-policy th{min-width:75px}.ot-sdk-cookie-policy a,.ot-sdk-cookie-policy a:hover{background:#fff}.ot-sdk-cookie-policy thead{background-color:#f6f6f4;font-weight:bold}.ot-sdk-cookie-policy .ot-mobile-border{display:none}.ot-sdk-cookie-policy section{margin-bottom:2em}.ot-sdk-cookie-policy table{border-collapse:inherit}#ot-sdk-cookie-policy-v2.ot-sdk-cookie-policy{font-family:inherit;font-size:1rem}#ot-sdk-cookie-policy-v2.ot-sdk-cookie-policy h3,#ot-sdk-cookie-policy-v2.ot-sdk-cookie-policy h4,#ot-sdk-cookie-policy-v2.ot-sdk-cookie-policy h6,#ot-sdk-cookie-policy-v2.ot-sdk-cookie-policy p,#ot-sdk-cookie-policy-v2.ot-sdk-cookie-policy li,#ot-sdk-cookie-policy-v2.ot-sdk-cookie-policy a,#ot-sdk-cookie-policy-v2.ot-sdk-cookie-policy th,#ot-sdk-cookie-policy-v2.ot-sdk-cookie-policy #cookie-policy-description,#ot-sdk-cookie-policy-v2.ot-sdk-cookie-policy .ot-sdk-cookie-policy-group,#ot-sdk-cookie-policy-v2.ot-sdk-cookie-policy #cookie-policy-title{color:dimgray}#ot-sdk-cookie-policy-v2.ot-sdk-cookie-policy #cookie-policy-description{margin-bottom:1em}#ot-sdk-cookie-policy-v2.ot-sdk-cookie-policy .ot-sdk-subgroup{margin-left:1.5em}#ot-sdk-cookie-policy-v2.ot-sdk-cookie-policy #cookie-policy-description,#ot-sdk-cookie-policy-v2.ot-sdk-cookie-policy .ot-sdk-cookie-policy-group-desc,#ot-sdk-cookie-policy-v2.ot-sdk-cookie-policy .ot-table-header,#ot-sdk-cookie-policy-v2.ot-sdk-cookie-policy a,#ot-sdk-cookie-policy-v2.ot-sdk-cookie-policy span,#ot-sdk-cookie-policy-v2.ot-sdk-cookie-policy td{font-size:.9em}#ot-sdk-cookie-policy-v2.ot-sdk-cookie-policy td span,#ot-sdk-cookie-policy-v2.ot-sdk-cookie-policy td a{font-size:inherit}#ot-sdk-cookie-policy-v2.ot-sdk-cookie-policy .ot-sdk-cookie-policy-group{font-size:1em;margin-bottom:.6em}#ot-sdk-cookie-policy-v2.ot-sdk-cookie-policy .ot-sdk-cookie-policy-title{margin-bottom:1.2em}#ot-sdk-cookie-policy-v2.ot-sdk-cookie-policy>section{margin-bottom:1em}#ot-sdk-cookie-policy-v2.ot-sdk-cookie-policy th{min-width:75px}#ot-sdk-cookie-policy-v2.ot-sdk-cookie-policy a,#ot-sdk-cookie-policy-v2.ot-sdk-cookie-policy a:hover{background:#fff}#ot-sdk-cookie-policy-v2.ot-sdk-cookie-policy thead{background-color:#f6f6f4;font-weight:bold}#ot-sdk-cookie-policy-v2.ot-sdk-cookie-policy .ot-mobile-border{display:none}#ot-sdk-cookie-policy-v2.ot-sdk-cookie-policy section{margin-bottom:2em}#ot-sdk-cookie-policy-v2.ot-sdk-cookie-policy .ot-sdk-subgroup ul li{list-style:disc;margin-left:1.5em}#ot-sdk-cookie-policy-v2.ot-sdk-cookie-policy .ot-sdk-subgroup ul li h4{display:inline-block}#ot-sdk-cookie-policy-v2.ot-sdk-cookie-policy table{border-collapse:inherit;margin:auto;border:1px solid #d7d7d7;border-radius:5px;border-spacing:initial;width:100%;overflow:hidden}#ot-sdk-cookie-policy-v2.ot-sdk-cookie-policy table th,#ot-sdk-cookie-policy-v2.ot-sdk-cookie-policy table td{border-bottom:1px solid #d7d7d7;border-right:1px solid #d7d7d7}#ot-sdk-cookie-policy-v2.ot-sdk-cookie-policy table tr:last-child td{border-bottom:0px}#ot-sdk-cookie-policy-v2.ot-sdk-cookie-policy table tr th:last-child,#ot-sdk-cookie-policy-v2.ot-sdk-cookie-policy table tr td:last-child{border-right:0px}#ot-sdk-cookie-policy-v2.ot-sdk-cookie-policy table .ot-host,#ot-sdk-cookie-policy-v2.ot-sdk-cookie-policy table .ot-cookies-type{width:25%}.ot-sdk-cookie-policy[dir=rtl]{text-align:left}#ot-sdk-cookie-policy h3{font-size:1.5em}@media only screen and (max-width: 530px){.ot-sdk-cookie-policy:not(#ot-sdk-cookie-policy-v2) table,.ot-sdk-cookie-policy:not(#ot-sdk-cookie-policy-v2) thead,.ot-sdk-cookie-policy:not(#ot-sdk-cookie-policy-v2) tbody,.ot-sdk-cookie-policy:not(#ot-sdk-cookie-policy-v2) th,.ot-sdk-cookie-policy:not(#ot-sdk-cookie-policy-v2) td,.ot-sdk-cookie-policy:not(#ot-sdk-cookie-policy-v2) tr{display:block}.ot-sdk-cookie-policy:not(#ot-sdk-cookie-policy-v2) thead tr{position:absolute;top:-9999px;left:-9999px}.ot-sdk-cookie-policy:not(#ot-sdk-cookie-policy-v2) tr{margin:0 0 1em 0}.ot-sdk-cookie-policy:not(#ot-sdk-cookie-policy-v2) tr:nth-child(odd),.ot-sdk-cookie-policy:not(#ot-sdk-cookie-policy-v2) tr:nth-child(odd) a{background:#f6f6f4}.ot-sdk-cookie-policy:not(#ot-sdk-cookie-policy-v2) td{border:none;border-bottom:1px solid #eee;position:relative;padding-left:50%}.ot-sdk-cookie-policy:not(#ot-sdk-cookie-policy-v2) td:before{position:absolute;height:100%;left:6px;width:40%;padding-right:10px}.ot-sdk-cookie-policy:not(#ot-sdk-cookie-policy-v2) .ot-mobile-border{display:inline-block;background-color:#e4e4e4;position:absolute;height:100%;top:0;left:45%;width:2px}.ot-sdk-cookie-policy:not(#ot-sdk-cookie-policy-v2) td:before{content:attr(data-label);font-weight:bold}.ot-sdk-cookie-policy:not(#ot-sdk-cookie-policy-v2) li{word-break:break-word;word-wrap:break-word}#ot-sdk-cookie-policy-v2.ot-sdk-cookie-policy table{overflow:hidden}#ot-sdk-cookie-policy-v2.ot-sdk-cookie-policy table td{border:none;border-bottom:1px solid #d7d7d7}#ot-sdk-cookie-policy-v2.ot-sdk-cookie-policy table,#ot-sdk-cookie-policy-v2.ot-sdk-cookie-policy thead,#ot-sdk-cookie-policy-v2.ot-sdk-cookie-policy tbody,#ot-sdk-cookie-policy-v2.ot-sdk-cookie-policy th,#ot-sdk-cookie-policy-v2.ot-sdk-cookie-policy td,#ot-sdk-cookie-policy-v2.ot-sdk-cookie-policy tr{display:block}#ot-sdk-cookie-policy-v2.ot-sdk-cookie-policy table .ot-host,#ot-sdk-cookie-policy-v2.ot-sdk-cookie-policy table .ot-cookies-type{width:auto}#ot-sdk-cookie-policy-v2.ot-sdk-cookie-policy tr{margin:0 0 1em 0}#ot-sdk-cookie-policy-v2.ot-sdk-cookie-policy td:before{height:100%;width:40%;padding-right:10px}#ot-sdk-cookie-policy-v2.ot-sdk-cookie-policy td:before{content:attr(data-label);font-weight:bold}#ot-sdk-cookie-policy-v2.ot-sdk-cookie-policy li{word-break:break-word;word-wrap:break-word}#ot-sdk-cookie-policy-v2.ot-sdk-cookie-policy thead tr{position:absolute;top:-9999px;left:-9999px;z-index:-9999}#ot-sdk-cookie-policy-v2.ot-sdk-cookie-policy table tr:last-child td{border-bottom:1px solid #d7d7d7;border-right:0px}#ot-sdk-cookie-policy-v2.ot-sdk-cookie-policy table tr:last-child td:last-child{border-bottom:0px}}

#ot-sdk-cookie-policy-v2.ot-sdk-cookie-policy h5,
#ot-sdk-cookie-policy-v2.ot-sdk-cookie-policy h6,
#ot-sdk-cookie-policy-v2.ot-sdk-cookie-policy li,
#ot-sdk-cookie-policy-v2.ot-sdk-cookie-policy p,
#ot-sdk-cookie-policy-v2.ot-sdk-cookie-policy a,
#ot-sdk-cookie-policy-v2.ot-sdk-cookie-policy span,
#ot-sdk-cookie-policy-v2.ot-sdk-cookie-policy td,
#ot-sdk-cookie-policy-v2.ot-sdk-cookie-policy #cookie-policy-description {
    color: #696969;
}
#ot-sdk-cookie-policy-v2.ot-sdk-cookie-policy th {
    color: #696969;
}
#ot-sdk-cookie-policy-v2.ot-sdk-cookie-policy .ot-sdk-cookie-policy-group {
    color: #696969;
}

#ot-sdk-cookie-policy-v2.ot-sdk-cookie-policy #cookie-policy-title {
    color: #696969;
}


#ot-sdk-cookie-policy-v2.ot-sdk-cookie-policy table th {
    background-color: #F8F8F8;
}

.ot-floating-button__front{background-image:url('https://cdn.cookielaw.org/logos/static/ot_persistent_cookie_icon.png')}</style><script src="https://adtm-assets.public.zooplus.net/f26cfb49ba51/f5630916434d/17ee0707d6ea/RC4c62135680994e579f3ba448d43ed45f-source.min.js" async=""></script><script src="https://adtm-assets.public.zooplus.net/f26cfb49ba51/f5630916434d/17ee0707d6ea/RC0ad14f93c5cc4982bd7ee1e5a8732dae-source.min.js" async=""></script><script type="text/javascript" src="//dynamic.criteo.com/js/ld/ld.js?a=1598"></script><script type="text/javascript" async="" src="//d.criteo.com/Delivery/ClientPaths/Library/rm.js?a=1598&amp;1016447908"></script><script src="https://bat.bing.com/p/action/4033276.js" type="text/javascript" async="" data-ueto="ueto_fd8dca0f02"></script><meta http-equiv="origin-trial" content="AwnOWg2dzaxHPelVjqOT/Y02cSxnG2FkjXO7DlX9VZF0eyD0In8IIJ9fbDFZGXvxNvn6HaF51qFHycDGLOkj1AUAAACAeyJvcmlnaW4iOiJodHRwczovL2NyaXRlby5jb206NDQzIiwiZmVhdHVyZSI6IlByaXZhY3lTYW5kYm94QWRzQVBJcyIsImV4cGlyeSI6MTY5NTE2Nzk5OSwiaXNTdWJkb21haW4iOnRydWUsImlzVGhpcmRQYXJ0eSI6dHJ1ZX0="></head><body class="z-brand-theme-2024-zooplus"><div id="__next"><div id="app-main-container"><div class="PageContainer_page__1koaA"><div class="PageContainer_headerContainer__q6nqO" data-zta="shop-header-wrapper"><div class="App-module_wrapper__0HTj- z-brand-theme-2024-zooplus" data-zta="shop-header"><style data-zta="shop-header-fonts">
    @font-face {
        font-family: Nunito;
        font-style: normal;
        font-weight: 400;
        src: url(https://cdn.public.zooplus.net/media/ui-components/v6-latest/fonts/nunito-cyrillic_latin-regular.woff2) format(woff2);
    }

    @font-face {
        font-family: Nunito;
        font-style: italic;
        font-weight: 400;
        src: url(https://cdn.public.zooplus.net/media/ui-components/v6-latest/fonts/nunito-cyrillic_latin-italic.woff2) format(woff2);
    }

    @font-face {
        font-family: Nunito;
        font-style: normal;
        font-weight: 500;
        src: url(https://cdn.public.zooplus.net/media/ui-components/v6-latest/fonts/nunito-cyrillic_latin-500.woff2) format(woff2);
    }

    @font-face {
        font-family: Nunito;
        font-style: normal;
        font-weight: 700;
        src: url(https://cdn.public.zooplus.net/media/ui-components/v6-latest/fonts/nunito-cyrillic_latin-700.woff2) format(woff2);
    }
</style><header class="App-module_header__7xtqT" data-zta="shop-header-component" id="shop-header"><div class="App-module_topBarWrapper__6pjoY"><div data-zta="top-bar-container" data-variant="narrow" class="TopBar-module_topBar__bavkr z-layout-container z-layout-container--narrow"><div class="TopBar-module_desktopSectionContainer__7RFo9"></div><div class="TopBar-module_topBarText__68Uvf">




    <meta charset="utf-8">
    <meta http-equiv="x-ua-compatible" content="ie=edge; chrome=1">
    <meta name="viewport" content="width=device-width, initial-scale=1.0, user-scalable=no">









    <div data-component-name="shopHeaderDeliveryInformation">
        <a class="shop-header-delivery-information-link" href="https://www.zooplus.co.uk/content/shippingcosts" target="_self">
            <span class="shop-header-delivery-information-message">Free delivery from £39 (T&amp;C’s apply)**</span>
        </a>

    </div>



</div><div class="TopBar-module_desktopSectionContainer__7RFo9"><a href="/contact_us" data-link-type="neutral" class="Link-module_link__35Vo1 Link-module_linkPadding__37gME Link-module_linkNoWrap__bHgXT Link-module_linkBold__1zYHp Link-module_linkNeutral__xXpzG" id="srh-help" target="_blank">Contact us</a><div class="TopBar-module_linkSeparator__cXC71"></div><a data-zta="AnchorUIC" id="srh-reorder" href="/account/orders/reorder" class="z-anchor z-anchor--bold z-anchor--neutral TopBar-module_reorderLink__hiNJG">Re-order<svg fill="currentColor" width="24" height="24" xmlns="http://www.w3.org/2000/svg" viewBox="0 0 24 24" role="img" title="Re-order"><path d="M20.364 7.981a8.064 8.064 0 1 1-13.6 8.668.75.75 0 1 1 1.264-.806 6.564 6.564 0 1 0-1.022-3.798l-.004.143.968-.967a.75.75 0 0 1 .976-.073l.084.073a.75.75 0 0 1 .073.976l-.073.084-2.235 2.237a.748.748 0 0 1-1.09 0L3.47 12.281a.75.75 0 0 1 .976-1.133l.084.073.972.97.003-.162a8.064 8.064 0 0 1 14.86-4.048Z" fill-rule="evenodd"></path></svg></a><div class="TopBar-module_linkSeparator__cXC71"></div><div class="TopBar-module_headerAccountFlyoutWrapper__h0Wja"><div tabindex="0" id="srh-account" aria-label="my zooplus Menu" aria-describedby="shopHeaderAccountFlyoutDescription" aria-haspopup="true" aria-expanded="false" aria-controls="shopHeaderAccountFlyout" class="Account-module_accountWrapper__QiiTp"><div id="shopHeaderAccountFlyoutDescription" aria-hidden="true" class="Account-module_accessibleText__6Scha">Press ENTER to open account submenu</div><a data-zta="AnchorUIC" href="/account" class="z-anchor z-anchor--bold"><i aria-hidden="true" class="Account-module_primaryIconNoMargin__cw6Y2 Account-module_primaryIcon__2zRft "><svg fill="currentColor" width="24" height="24" xmlns="http://www.w3.org/2000/svg" viewBox="0 0 24 24" role="img"><path d="M12.313 12.812a8.062 8.062 0 0 1 8.062 8.063.75.75 0 1 1-1.5 0 6.562 6.562 0 1 0-13.125 0 .75.75 0 1 1-1.5 0 8.062 8.062 0 0 1 8.063-8.063Zm3.314-8.19a4.688 4.688 0 1 1-6.63 6.63 4.688 4.688 0 0 1 6.63-6.63ZM10.06 5.685a3.188 3.188 0 1 0 4.646.147l-.139-.147-.147-.139a3.188 3.188 0 0 0-4.36.139Z" fill-rule="evenodd"></path></svg></i><div id="shopHeaderAccountLink" class="Account-module_linkText__YMluc">my zooplus</div><i aria-hidden="true" class="Account-module_inlinedPrimaryIcon__RbTiG"><svg fill="currentColor" width="24" height="24" xmlns="http://www.w3.org/2000/svg" viewBox="0 0 24 24" role="img"><path d="M6.57 9.93a.75.75 0 0 1 .977-1.134l.084.073 4.625 4.626 4.627-4.626a.75.75 0 0 1 .976-.073l.085.073a.75.75 0 0 1 .072.976l-.072.085-4.913 4.913a1.093 1.093 0 0 1-1.451.085l-.095-.084L6.57 9.93Z" fill-rule="evenodd"></path></svg></i></a><div id="shopHeaderAccountFlyout" role="menu" aria-labelledby="srh-account" aria-hidden="true" class="Flyout-module_flyout__qLvdx"><a href="/account/overview" role="menuitem" aria-label="my zooplus" class="Flyout-module_link__o7Tl6" rel="nofollow"><span class="Flyout-module_linkText__OZGD8">my zooplus</span></a><a href="/account/orders/overview" role="menuitem" aria-label="My orders" class="Flyout-module_link__o7Tl6" rel="nofollow"><span class="Flyout-module_linkText__OZGD8">My orders</span></a><a href="/account/orders/reorder" role="menuitem" aria-label="Re-order" class="Flyout-module_link__o7Tl6" rel="nofollow"><span class="Flyout-module_linkText__OZGD8">Re-order</span></a><a href="/account/wishlist" role="menuitem" aria-label="My Wish List" class="Flyout-module_link__o7Tl6" rel="nofollow"><span class="Flyout-module_linkText__OZGD8">My Wish List</span></a><a href="/account/bonuspoints/products/overview" role="menuitem" aria-label="Rewards" class="Flyout-module_link__o7Tl6" rel="nofollow"><span class="Flyout-module_linkText__OZGD8">Rewards</span></a></div></div></div></div></div></div><div class="App-module_middleBarWrapper__LZYq0"><div data-zta="middle-bar" data-variant="narrow" class="MiddleBar-module_middleBar__s5v-r z-layout-container z-layout-container--narrow"><button type="button" class="MobileBurgerButton-module_hamburger__Off6-" data-zta="hamburger-button" id="srh-burger-mbbutton" aria-expanded="false" aria-label="Menu"><div class="MobileBurgerButton-module_hamburgerBox__Ljmqc"><span></span><span></span><span></span></div><div class="MobileBurgerButton-module_accessibleText__FcmVF">Menu</div></button><a class="BrandLogo-module_logoWrapper__YwgLq" href="/"><img class="BrandLogo-module_logoImg__Oq5Qs" data-zta="brand_logo" id="srh-logo" src="https://cdn-prod.shphdrp.ext.aws.zooplus.io/3.25.0/images/zooplus/logo/2024/zooplus.png" srcset="https://cdn-prod.shphdrp.ext.aws.zooplus.io/3.25.0/images/zooplus/logo/2024/zooplus.png 1x, https://cdn-prod.shphdrp.ext.aws.zooplus.io/3.25.0/images/zooplus/logo/2024/zooplus@2x.png 2x" alt="zooplus logo"></a><div class="MiddleBar-module_desktopSearchBarWrapper__CG85H"><div class="SearchBar-module_desktopSearchBar__-iXH9" data-zta="header-search-bar-desktop"><div role="presentation" class="SearchBar-module_searchBarWrapper__4FlDN"><form data-zta="search_form_desktop" class="SearchBar-module_searchForm__wiD4m" name="miniSearchBox" autocomplete="off" role="search"><label for="search_query_field_desktop" class="SearchBar-module_accessibleText__x-6wN" id="search_query_field-label-desktop">Search</label><input data-zta="search_form_input_desktop" id="search_query_field_desktop" name="q" type="search" inputmode="search" placeholder="Search the store" aria-labelledby="search_query_field-label-desktop" class="SearchBar-module_searchBarInput__hERsV" value=""><button class="SearchBar-module_submitButton__DZWsQ" data-zta="search_form_button_desktop" type="submit" aria-labelledby="search_query_field-label-desktop"><svg fill="currentColor" width="24" height="24" xmlns="http://www.w3.org/2000/svg" viewBox="0 0 24 24" role="img" class="Icon-module_iconPrimary__1j-pU" aria-labelledby="search_query_field-label-desktop"><path d="M15.027 3.082a8.518 8.518 0 0 1 3.344 13.371l5.516 5.517a.75.75 0 1 1-1.06 1.06l-5.517-5.516a8.518 8.518 0 1 1-2.283-14.431ZM5.331 8.356a7.018 7.018 0 0 0 11.47 7.588l.02-.016a7.018 7.018 0 1 0-11.49-7.572Z" fill-rule="evenodd"></path></svg></button></form></div></div></div><div class="MiddleBar-module_mobileHeaderAccountFlyoutContainer__ZX6Ia"><div tabindex="0" id="srh-account" aria-label="my zooplus Menu" aria-describedby="shopHeaderAccountFlyoutDescription" aria-haspopup="true" aria-expanded="false" aria-controls="shopHeaderAccountFlyout" class="Account-module_accountWrapper__QiiTp"><div id="shopHeaderAccountFlyoutDescription" aria-hidden="true" class="Account-module_accessibleText__6Scha">Press ENTER to open account submenu</div><a data-zta="AnchorUIC" href="/account" class="z-anchor z-anchor--bold"><i aria-hidden="true" class="Account-module_primaryIconNoMargin__cw6Y2 Account-module_primaryIcon__2zRft "><svg fill="currentColor" width="24" height="24" xmlns="http://www.w3.org/2000/svg" viewBox="0 0 24 24" role="img"><path d="M12.313 12.812a8.062 8.062 0 0 1 8.062 8.063.75.75 0 1 1-1.5 0 6.562 6.562 0 1 0-13.125 0 .75.75 0 1 1-1.5 0 8.062 8.062 0 0 1 8.063-8.063Zm3.314-8.19a4.688 4.688 0 1 1-6.63 6.63 4.688 4.688 0 0 1 6.63-6.63ZM10.06 5.685a3.188 3.188 0 1 0 4.646.147l-.139-.147-.147-.139a3.188 3.188 0 0 0-4.36.139Z" fill-rule="evenodd"></path></svg></i><div id="shopHeaderAccountLink" class="Account-module_linkText__YMluc">my zooplus</div><i aria-hidden="true" class="Account-module_inlinedPrimaryIcon__RbTiG"><svg fill="currentColor" width="24" height="24" xmlns="http://www.w3.org/2000/svg" viewBox="0 0 24 24" role="img"><path d="M6.57 9.93a.75.75 0 0 1 .977-1.134l.084.073 4.625 4.626 4.627-4.626a.75.75 0 0 1 .976-.073l.085.073a.75.75 0 0 1 .072.976l-.072.085-4.913 4.913a1.093 1.093 0 0 1-1.451.085l-.095-.084L6.57 9.93Z" fill-rule="evenodd"></path></svg></i></a><div id="shopHeaderAccountFlyout" role="menu" aria-labelledby="srh-account" aria-hidden="true" class="Flyout-module_flyout__qLvdx"><a href="/account/overview" role="menuitem" aria-label="my zooplus" class="Flyout-module_link__o7Tl6" rel="nofollow"><span class="Flyout-module_linkText__OZGD8">my zooplus</span></a><a href="/account/orders/overview" role="menuitem" aria-label="My orders" class="Flyout-module_link__o7Tl6" rel="nofollow"><span class="Flyout-module_linkText__OZGD8">My orders</span></a><a href="/account/orders/reorder" role="menuitem" aria-label="Re-order" class="Flyout-module_link__o7Tl6" rel="nofollow"><span class="Flyout-module_linkText__OZGD8">Re-order</span></a><a href="/account/wishlist" role="menuitem" aria-label="My Wish List" class="Flyout-module_link__o7Tl6" rel="nofollow"><span class="Flyout-module_linkText__OZGD8">My Wish List</span></a><a href="/account/bonuspoints/products/overview" role="menuitem" aria-label="Rewards" class="Flyout-module_link__o7Tl6" rel="nofollow"><span class="Flyout-module_linkText__OZGD8">Rewards</span></a></div></div></div><div class="MiddleBar-module_miniCartContainer__0ZMK0" data-zta="mini-cart-container"><div data-testid="mini-cart-app" data-realm="zooplus"><a data-zta="ButtonAnchorUIC" href="/checkout/cart" data-testid="MiniCartLink" class="z-btn z-btn--cart cartButton-module_uiLinkButton__SDsAq" data-om-event-listener="true"><svg width="24" height="24" viewBox="0 0 24 24" fill="currentColor" xmlns="http://www.w3.org/2000/svg" role="img" aria-hidden="true" aria-labelledby="cartButton" data-testid="cartIcon"><path fill-rule="evenodd" clip-rule="evenodd" d="M16.0457 19.9265C16.6305 19.9265 17.1046 20.4005 17.1046 20.9853 17.1046 21.5701 16.6305 22.0442 16.0457 22.0442 15.4609 22.0442 14.9869 21.5701 14.9869 20.9853 14.9869 20.4005 15.4609 19.9265 16.0457 19.9265ZM9.86845 19.9265C10.4532 19.9265 10.9273 20.4005 10.9273 20.9853 10.9273 21.5701 10.4532 22.0442 9.86845 22.0442 9.28366 22.0442 8.80959 21.5701 8.80959 20.9853 8.80959 20.4005 9.28366 19.9265 9.86845 19.9265Z"></path><path d="M7.46117 17.9199L5.2893 5.15391C5.24945 4.9207 5.04708 4.74995 4.81047 4.75H4C3.58579 4.75 3.25 4.41421 3.25 4C3.25 3.58579 3.58579 3.25 4 3.25H4.81047C5.77839 3.24987 6.6054 3.94794 6.76802 4.90212L7.11653 6.95064H20.6786C21.0997 6.95054 21.4977 7.14449 21.7569 7.47643C22.0163 7.80845 22.1081 8.24147 22.0059 8.65018L20.8117 13.4273C20.4531 14.8609 19.165 15.8666 17.6873 15.8667H8.63342L8.94002 17.6689C8.97964 17.9024 9.18198 18.0732 9.41877 18.0732H17.5902C18.0044 18.0732 18.3402 18.4089 18.3402 18.8232C18.3402 19.2374 18.0044 19.5732 17.5902 19.5732H9.41877C8.45038 19.5732 7.62321 18.8747 7.46117 17.9199Z"></path></svg><span data-testid="buttonText">Cart</span></a></div></div><div class="MiddleBar-module_securityIcons__r5x86" data-zta="security-icons">




    <meta charset="utf-8">
    <meta http-equiv="x-ua-compatible" content="ie=edge; chrome=1">
    <meta name="viewport" content="width=device-width, initial-scale=1.0, user-scalable=no">









    <div data-component-name="shopHeaderLogos">
        <div class="uxt-shop-header-logos">
            <a href="https://www.zooplus.co.uk/info/about/security" target="_blank">
                <img alt="Secure Sockets Layer" src="//images.ctfassets.net/qp85kbzn8noe/6XrLFr6fKAu3Fq8RGCx58V/2a0accd71a85455189ce638598dbd88b/encryption_zooplus_2x.png?fl=progressive&amp;w=120&amp;q=85" srcset="//images.ctfassets.net/qp85kbzn8noe/6XrLFr6fKAu3Fq8RGCx58V/2a0accd71a85455189ce638598dbd88b/encryption_zooplus_2x.png?fl=progressive&amp;w=120&amp;q=85 120w, //images.ctfassets.net/qp85kbzn8noe/6XrLFr6fKAu3Fq8RGCx58V/2a0accd71a85455189ce638598dbd88b/encryption_zooplus_2x.png?fl=progressive&amp;w=1&amp;q=85 1w" sizes="(max-width: 543px) 1px, (min-width: 544px) 120px">

            </a>
        </div>

    </div>



</div></div></div><div id="burger-panel-portal-container"></div><div class="App-module_lowerBarWrapper__HBLdD"><nav><div data-zta="lower-bar" data-variant="narrow" class="LowerBar-module_desktopNavigation__OVmPW z-layout-container z-layout-container--narrow" id="header-category-links" aria-label="zooplus main menu"><div data-zta="lower-bar-category-slider" class="LowerBar-module_categorySlider__8GCeL"><ul class="LowerBar-module_categoryBar__evM0O" data-zta="lower-bar-categories"><li class="LowerBar-module_categoryItem__1A96K" data-zta="lower-bar-category-item"><a class="LowerBar-module_categoryItemLink__STvI8" data-zta="lower-bar-category-item-link" href="/shop/dogs">Dog</a><button aria-expanded="false" aria-labelledby="category-button-label-Dog" class="LowerBar-module_categoryItemButton__Q8AZL" data-zta="lower-bar-category-item-btn" type="button"><svg fill="currentColor" width="18" height="18" xmlns="http://www.w3.org/2000/svg" viewBox="3 3 18 18" role="img" class="Icon-module_iconNeutralDark__UC55P" aria-labelledby="category-button-label-Dog"><path d="M6.57 9.93a.75.75 0 0 1 .977-1.134l.084.073 4.625 4.626 4.627-4.626a.75.75 0 0 1 .976-.073l.085.073a.75.75 0 0 1 .072.976l-.072.085-4.913 4.913a1.093 1.093 0 0 1-1.451.085l-.095-.084L6.57 9.93Z" fill-rule="evenodd"></path></svg><div class="LowerBar-module_accessibleText__ZELSJ" id="category-button-label-Dog">Open category menu: Dog</div></button></li><li class="LowerBar-module_categoryItem__1A96K" data-zta="lower-bar-category-item"><a class="LowerBar-module_categoryItemLink__STvI8 LowerBar-module_categoryItemLinkActive__TMTcZ" data-zta="lower-bar-category-item-link" href="/shop/cats">Cat</a><button aria-expanded="false" aria-labelledby="category-button-label-Cat" class="LowerBar-module_categoryItemButton__Q8AZL" data-zta="lower-bar-category-item-btn" type="button"><svg fill="currentColor" width="18" height="18" xmlns="http://www.w3.org/2000/svg" viewBox="3 3 18 18" role="img" class="Icon-module_iconNeutralDark__UC55P" aria-labelledby="category-button-label-Cat"><path d="M6.57 9.93a.75.75 0 0 1 .977-1.134l.084.073 4.625 4.626 4.627-4.626a.75.75 0 0 1 .976-.073l.085.073a.75.75 0 0 1 .072.976l-.072.085-4.913 4.913a1.093 1.093 0 0 1-1.451.085l-.095-.084L6.57 9.93Z" fill-rule="evenodd"></path></svg><div class="LowerBar-module_accessibleText__ZELSJ" id="category-button-label-Cat">Open category menu: Cat</div></button></li><li class="LowerBar-module_categoryItem__1A96K" data-zta="lower-bar-category-item"><a class="LowerBar-module_categoryItemLink__STvI8" data-zta="lower-bar-category-item-link" href="/shop/small_pets">Small Pet</a><button aria-expanded="false" aria-labelledby="category-button-label-Small Pet" class="LowerBar-module_categoryItemButton__Q8AZL" data-zta="lower-bar-category-item-btn" type="button"><svg fill="currentColor" width="18" height="18" xmlns="http://www.w3.org/2000/svg" viewBox="3 3 18 18" role="img" class="Icon-module_iconNeutralDark__UC55P" aria-labelledby="category-button-label-Small Pet"><path d="M6.57 9.93a.75.75 0 0 1 .977-1.134l.084.073 4.625 4.626 4.627-4.626a.75.75 0 0 1 .976-.073l.085.073a.75.75 0 0 1 .072.976l-.072.085-4.913 4.913a1.093 1.093 0 0 1-1.451.085l-.095-.084L6.57 9.93Z" fill-rule="evenodd"></path></svg><div class="LowerBar-module_accessibleText__ZELSJ" id="category-button-label-Small Pet">Open category menu: Small Pet</div></button></li><li class="LowerBar-module_categoryItem__1A96K" data-zta="lower-bar-category-item"><a class="LowerBar-module_categoryItemLink__STvI8" data-zta="lower-bar-category-item-link" href="/shop/birds">Bird</a><button aria-expanded="false" aria-labelledby="category-button-label-Bird" class="LowerBar-module_categoryItemButton__Q8AZL" data-zta="lower-bar-category-item-btn" type="button"><svg fill="currentColor" width="18" height="18" xmlns="http://www.w3.org/2000/svg" viewBox="3 3 18 18" role="img" class="Icon-module_iconNeutralDark__UC55P" aria-labelledby="category-button-label-Bird"><path d="M6.57 9.93a.75.75 0 0 1 .977-1.134l.084.073 4.625 4.626 4.627-4.626a.75.75 0 0 1 .976-.073l.085.073a.75.75 0 0 1 .072.976l-.072.085-4.913 4.913a1.093 1.093 0 0 1-1.451.085l-.095-.084L6.57 9.93Z" fill-rule="evenodd"></path></svg><div class="LowerBar-module_accessibleText__ZELSJ" id="category-button-label-Bird">Open category menu: Bird</div></button></li><li class="LowerBar-module_categoryItem__1A96K" data-zta="lower-bar-category-item"><a class="LowerBar-module_categoryItemLink__STvI8" data-zta="lower-bar-category-item-link" href="/shop/veterinary_food">+ Vet</a><button aria-expanded="false" aria-labelledby="category-button-label-+ Vet" class="LowerBar-module_categoryItemButton__Q8AZL" data-zta="lower-bar-category-item-btn" type="button"><svg fill="currentColor" width="18" height="18" xmlns="http://www.w3.org/2000/svg" viewBox="3 3 18 18" role="img" class="Icon-module_iconNeutralDark__UC55P" aria-labelledby="category-button-label-+ Vet"><path d="M6.57 9.93a.75.75 0 0 1 .977-1.134l.084.073 4.625 4.626 4.627-4.626a.75.75 0 0 1 .976-.073l.085.073a.75.75 0 0 1 .072.976l-.072.085-4.913 4.913a1.093 1.093 0 0 1-1.451.085l-.095-.084L6.57 9.93Z" fill-rule="evenodd"></path></svg><div class="LowerBar-module_accessibleText__ZELSJ" id="category-button-label-+ Vet">Open category menu: + Vet</div></button></li><li class="LowerBar-module_categoryItem__1A96K" data-zta="lower-bar-category-item"><a class="LowerBar-module_categoryItemLink__STvI8" data-zta="lower-bar-category-item-link" href="/shop/pet_food">Top Brands</a><button aria-expanded="false" aria-labelledby="category-button-label-Top Brands" class="LowerBar-module_categoryItemButton__Q8AZL" data-zta="lower-bar-category-item-btn" type="button"><svg fill="currentColor" width="18" height="18" xmlns="http://www.w3.org/2000/svg" viewBox="3 3 18 18" role="img" class="Icon-module_iconNeutralDark__UC55P" aria-labelledby="category-button-label-Top Brands"><path d="M6.57 9.93a.75.75 0 0 1 .977-1.134l.084.073 4.625 4.626 4.627-4.626a.75.75 0 0 1 .976-.073l.085.073a.75.75 0 0 1 .072.976l-.072.085-4.913 4.913a1.093 1.093 0 0 1-1.451.085l-.095-.084L6.57 9.93Z" fill-rule="evenodd"></path></svg><div class="LowerBar-module_accessibleText__ZELSJ" id="category-button-label-Top Brands">Open category menu: Top Brands</div></button></li><li class="LowerBar-module_categoryItem__1A96K" data-zta="lower-bar-category-item"><a class="LowerBar-module_categoryItemLink__STvI8" data-zta="lower-bar-category-item-link" href="/shop/pet_supplies_specials">Special Offers</a><button aria-expanded="false" aria-labelledby="category-button-label-Special Offers" class="LowerBar-module_categoryItemButton__Q8AZL" data-zta="lower-bar-category-item-btn" type="button"><svg fill="currentColor" width="18" height="18" xmlns="http://www.w3.org/2000/svg" viewBox="3 3 18 18" role="img" class="Icon-module_iconNeutralDark__UC55P" aria-labelledby="category-button-label-Special Offers"><path d="M6.57 9.93a.75.75 0 0 1 .977-1.134l.084.073 4.625 4.626 4.627-4.626a.75.75 0 0 1 .976-.073l.085.073a.75.75 0 0 1 .072.976l-.072.085-4.913 4.913a1.093 1.093 0 0 1-1.451.085l-.095-.084L6.57 9.93Z" fill-rule="evenodd"></path></svg><div class="LowerBar-module_accessibleText__ZELSJ" id="category-button-label-Special Offers">Open category menu: Special Offers</div></button></li></ul></div><div data-zta="LayoutContainerUIC" data-variant="narrow" class="CategoryFlyout-module_flyOut__07b7z z-layout-container z-layout-container--narrow" id="header-category-flyout" style="--header-category-flyout-display-flag:none"><div class="CategoryFlyout-module_flyOutContainer__mUJsx"><div class="CategoryFlyout-module_groupHeader__pGxMZ CategoryFlyout-module_groupHeaderMain__GkvMC"><a href="/shop/dogs" data-zta="category-flyout-animal-level2-link" data-link-type="primary" class="Link-module_link__35Vo1 Link-module_linkBold__1zYHp Link-module_linkHeading__wM1bP Link-module_linkPrimary__yCQng">Dog Food &amp; Dog Supplies &amp; Accessories</a></div><div class="CategoryFlyout-module_animalPanel__TrJ4O"><ul id="header-category-flyout-animal-level4-links-Dog-0-Dry-Dog-Food" class="CategoryFlyout-module_animalPanelGroup__5uS8W"><li class="CategoryFlyout-module_groupHeader__pGxMZ"><a href="/shop/dogs/dry_dog_food" data-zta="category-flyout-animal-group-header" data-link-type="primary" class="Link-module_link__35Vo1 Link-module_linkBold__1zYHp Link-module_linkPrimary__yCQng" aria-label="group-header">Dry Dog Food</a></li><li class="CategoryFlyout-module_groupItem__Iy0FX"><a href="/shop/dogs/dry_dog_food/arden_grange" data-zta="category-flyout-animal-level4-link" data-link-type="neutral" class="Link-module_link__35Vo1 Link-module_linkPadding__37gME Link-module_linkEllipsis__om-ux Link-module_linkNeutral__xXpzG">Arden Grange</a></li><li class="CategoryFlyout-module_groupItem__Iy0FX"><a href="/shop/dogs/dry_dog_food/burns" data-zta="category-flyout-animal-level4-link" data-link-type="neutral" class="Link-module_link__35Vo1 Link-module_linkPadding__37gME Link-module_linkEllipsis__om-ux Link-module_linkNeutral__xXpzG">Burns</a></li><li class="CategoryFlyout-module_groupItem__Iy0FX"><a href="/shop/dogs/dry_dog_food/concept_for_life" data-zta="category-flyout-animal-level4-link" data-link-type="neutral" class="Link-module_link__35Vo1 Link-module_linkPadding__37gME Link-module_linkEllipsis__om-ux Link-module_linkNeutral__xXpzG">Concept for Life</a></li><li class="CategoryFlyout-module_groupItem__Iy0FX"><a href="/shop/dogs/dry_dog_food/eukanuba" data-zta="category-flyout-animal-level4-link" data-link-type="neutral" class="Link-module_link__35Vo1 Link-module_linkPadding__37gME Link-module_linkEllipsis__om-ux Link-module_linkNeutral__xXpzG">Eukanuba</a></li><li class="CategoryFlyout-module_groupItem__Iy0FX"><a href="/shop/dogs/dry_dog_food/hills_prescription" data-zta="category-flyout-animal-level4-link" data-link-type="neutral" class="Link-module_link__35Vo1 Link-module_linkPadding__37gME Link-module_linkEllipsis__om-ux Link-module_linkNeutral__xXpzG">Hill's Prescription Diet Canine</a></li><li class="CategoryFlyout-module_groupItem__Iy0FX"><a href="/shop/dogs/dry_dog_food/hills_science_plan" data-zta="category-flyout-animal-level4-link" data-link-type="neutral" class="Link-module_link__35Vo1 Link-module_linkPadding__37gME Link-module_linkEllipsis__om-ux Link-module_linkNeutral__xXpzG">Hill's Science Plan</a></li><li class="CategoryFlyout-module_groupItem__Iy0FX"><a href="/shop/dogs/dry_dog_food/james_wellbeloved" data-zta="category-flyout-animal-level4-link" data-link-type="neutral" class="Link-module_link__35Vo1 Link-module_linkPadding__37gME Link-module_linkEllipsis__om-ux Link-module_linkNeutral__xXpzG">James Wellbeloved</a></li><li class="CategoryFlyout-module_groupItem__Iy0FX"><a href="/shop/dogs/dry_dog_food/purizon_dog_food" data-zta="category-flyout-animal-level4-link" data-link-type="neutral" class="Link-module_link__35Vo1 Link-module_linkPadding__37gME Link-module_linkEllipsis__om-ux Link-module_linkNeutral__xXpzG">Purizon</a></li><li class="CategoryFlyout-module_groupItem__Iy0FX"><a href="/shop/dogs/dry_dog_food/rosies_farm" data-zta="category-flyout-animal-level4-link" data-link-type="neutral" class="Link-module_link__35Vo1 Link-module_linkPadding__37gME Link-module_linkEllipsis__om-ux Link-module_linkNeutral__xXpzG">Rosie's Farm</a></li><li class="CategoryFlyout-module_groupItem__Iy0FX"><a href="/shop/dogs/dry_dog_food/royal_canin_breed" data-zta="category-flyout-animal-level4-link" data-link-type="neutral" class="Link-module_link__35Vo1 Link-module_linkPadding__37gME Link-module_linkEllipsis__om-ux Link-module_linkNeutral__xXpzG">Royal Canin Breed</a></li><li class="CategoryFlyout-module_groupItem__Iy0FX"><a href="/shop/dogs/dry_dog_food/royal_canin_care_nutrition" data-zta="category-flyout-animal-level4-link" data-link-type="neutral" class="Link-module_link__35Vo1 Link-module_linkPadding__37gME Link-module_linkEllipsis__om-ux Link-module_linkNeutral__xXpzG">Royal Canin Care Nutrition</a></li><li class="CategoryFlyout-module_groupItem__Iy0FX"><a href="/shop/dogs/dry_dog_food/royal_canin_size" data-zta="category-flyout-animal-level4-link" data-link-type="neutral" class="Link-module_link__35Vo1 Link-module_linkPadding__37gME Link-module_linkEllipsis__om-ux Link-module_linkNeutral__xXpzG">Royal Canin Size</a></li><li class="CategoryFlyout-module_groupItem__Iy0FX"><a href="/shop/dogs/dry_dog_food/royal_canin_vet_diet" data-zta="category-flyout-animal-level4-link" data-link-type="neutral" class="Link-module_link__35Vo1 Link-module_linkPadding__37gME Link-module_linkEllipsis__om-ux Link-module_linkNeutral__xXpzG">Royal Canin Veterinary</a></li><li class="CategoryFlyout-module_groupItem__Iy0FX"><a href="/shop/dogs/dry_dog_food/wolf_of_wilderness" data-zta="category-flyout-animal-level4-link" data-link-type="neutral" class="Link-module_link__35Vo1 Link-module_linkPadding__37gME Link-module_linkEllipsis__om-ux Link-module_linkNeutral__xXpzG">Wolf of Wilderness</a></li><li class="CategoryFlyout-module_groupFooter__Z5B1f"><a href="/shop/dogs/dry_dog_food" data-zta="category-flyout-animal-group-footer" data-link-type="primary" class="Link-module_link__35Vo1 Link-module_linkBold__1zYHp Link-module_linkPrimary__yCQng" aria-label="group-footer">View all</a></li></ul><ul id="header-category-flyout-animal-level4-links-Dog-1-Wet-Dog-Food" class="CategoryFlyout-module_animalPanelGroup__5uS8W"><li class="CategoryFlyout-module_groupHeader__pGxMZ"><a href="/shop/dogs/wet_dog_food" data-zta="category-flyout-animal-group-header" data-link-type="primary" class="Link-module_link__35Vo1 Link-module_linkBold__1zYHp Link-module_linkPrimary__yCQng" aria-label="group-header">Wet Dog Food</a></li><li class="CategoryFlyout-module_groupItem__Iy0FX"><a href="/shop/dogs/wet_dog_food/applaws" data-zta="category-flyout-animal-level4-link" data-link-type="neutral" class="Link-module_link__35Vo1 Link-module_linkPadding__37gME Link-module_linkEllipsis__om-ux Link-module_linkNeutral__xXpzG">Applaws</a></li><li class="CategoryFlyout-module_groupItem__Iy0FX"><a href="/shop/dogs/wet_dog_food/arden_grange" data-zta="category-flyout-animal-level4-link" data-link-type="neutral" class="Link-module_link__35Vo1 Link-module_linkPadding__37gME Link-module_linkEllipsis__om-ux Link-module_linkNeutral__xXpzG">Arden Grange</a></li><li class="CategoryFlyout-module_groupItem__Iy0FX"><a href="/shop/dogs/wet_dog_food/forthglade" data-zta="category-flyout-animal-level4-link" data-link-type="neutral" class="Link-module_link__35Vo1 Link-module_linkPadding__37gME Link-module_linkEllipsis__om-ux Link-module_linkNeutral__xXpzG">Forthglade</a></li><li class="CategoryFlyout-module_groupItem__Iy0FX"><a href="/shop/dogs/wet_dog_food/hills_prescription_diet" data-zta="category-flyout-animal-level4-link" data-link-type="neutral" class="Link-module_link__35Vo1 Link-module_linkPadding__37gME Link-module_linkEllipsis__om-ux Link-module_linkNeutral__xXpzG">Hill's Prescription Diet</a></li><li class="CategoryFlyout-module_groupItem__Iy0FX"><a href="/shop/dogs/wet_dog_food/hills_science_plan" data-zta="category-flyout-animal-level4-link" data-link-type="neutral" class="Link-module_link__35Vo1 Link-module_linkPadding__37gME Link-module_linkEllipsis__om-ux Link-module_linkNeutral__xXpzG">Hill's Science Plan</a></li><li class="CategoryFlyout-module_groupItem__Iy0FX"><a href="/shop/dogs/wet_dog_food/jameswellbeloved" data-zta="category-flyout-animal-level4-link" data-link-type="neutral" class="Link-module_link__35Vo1 Link-module_linkPadding__37gME Link-module_linkEllipsis__om-ux Link-module_linkNeutral__xXpzG">James Wellbeloved</a></li><li class="CategoryFlyout-module_groupItem__Iy0FX"><a href="/shop/dogs/wet_dog_food/lilys_kitchen_wet_dog_food" data-zta="category-flyout-animal-level4-link" data-link-type="neutral" class="Link-module_link__35Vo1 Link-module_linkPadding__37gME Link-module_linkEllipsis__om-ux Link-module_linkNeutral__xXpzG">Lily's Kitchen</a></li><li class="CategoryFlyout-module_groupItem__Iy0FX"><a href="/shop/dogs/wet_dog_food/lukullus" data-zta="category-flyout-animal-level4-link" data-link-type="neutral" class="Link-module_link__35Vo1 Link-module_linkPadding__37gME Link-module_linkEllipsis__om-ux Link-module_linkNeutral__xXpzG">Lukullus</a></li><li class="CategoryFlyout-module_groupItem__Iy0FX"><a href="/shop/dogs/wet_dog_food/rocco" data-zta="category-flyout-animal-level4-link" data-link-type="neutral" class="Link-module_link__35Vo1 Link-module_linkPadding__37gME Link-module_linkEllipsis__om-ux Link-module_linkNeutral__xXpzG">Rocco</a></li><li class="CategoryFlyout-module_groupItem__Iy0FX"><a href="/shop/dogs/wet_dog_food/rosies_farm" data-zta="category-flyout-animal-level4-link" data-link-type="neutral" class="Link-module_link__35Vo1 Link-module_linkPadding__37gME Link-module_linkEllipsis__om-ux Link-module_linkNeutral__xXpzG">Rosie's Farm</a></li><li class="CategoryFlyout-module_groupItem__Iy0FX"><a href="/shop/dogs/wet_dog_food/royal_canin_wet_dog_food" data-zta="category-flyout-animal-level4-link" data-link-type="neutral" class="Link-module_link__35Vo1 Link-module_linkPadding__37gME Link-module_linkEllipsis__om-ux Link-module_linkNeutral__xXpzG">Royal Canin</a></li><li class="CategoryFlyout-module_groupItem__Iy0FX"><a href="/shop/dogs/wet_dog_food/royal_canin_veterinary" data-zta="category-flyout-animal-level4-link" data-link-type="neutral" class="Link-module_link__35Vo1 Link-module_linkPadding__37gME Link-module_linkEllipsis__om-ux Link-module_linkNeutral__xXpzG">Royal Canin Veterinary</a></li><li class="CategoryFlyout-module_groupItem__Iy0FX"><a href="/shop/dogs/wet_dog_food/wolf_of_wilderness" data-zta="category-flyout-animal-level4-link" data-link-type="neutral" class="Link-module_link__35Vo1 Link-module_linkPadding__37gME Link-module_linkEllipsis__om-ux Link-module_linkNeutral__xXpzG">Wolf of Wilderness</a></li><li class="CategoryFlyout-module_groupFooter__Z5B1f"><a href="/shop/dogs/wet_dog_food" data-zta="category-flyout-animal-group-footer" data-link-type="primary" class="Link-module_link__35Vo1 Link-module_linkBold__1zYHp Link-module_linkPrimary__yCQng" aria-label="group-footer">View all</a></li></ul><ul class="CategoryFlyout-module_animalPanelGroup__5uS8W" id="header-category-flyout-animal-level3-links-Dog"><li class="CategoryFlyout-module_groupHeader__pGxMZ"><a href="/shop/dogs/dog_treats_chews" data-zta="category-flyout-animal-level3-link" data-link-type="primary" class="Link-module_link__35Vo1 Link-module_linkEllipsis__om-ux Link-module_linkBold__1zYHp Link-module_linkPrimary__yCQng">Dog Treats &amp; Dog Bones</a></li><li class="CategoryFlyout-module_groupHeader__pGxMZ"><a href="/shop/dogs/dog_health" data-zta="category-flyout-animal-level3-link" data-link-type="primary" class="Link-module_link__35Vo1 Link-module_linkEllipsis__om-ux Link-module_linkBold__1zYHp Link-module_linkPrimary__yCQng">Dog Specialist Diets &amp; Supplements</a></li><li class="CategoryFlyout-module_groupHeader__pGxMZ"><a href="/shop/dogs/dog_beds_baskets" data-zta="category-flyout-animal-level3-link" data-link-type="primary" class="Link-module_link__35Vo1 Link-module_linkEllipsis__om-ux Link-module_linkBold__1zYHp Link-module_linkPrimary__yCQng">Dog Beds &amp; Dog Baskets</a></li><li class="CategoryFlyout-module_groupHeader__pGxMZ"><a href="/shop/dogs/dog_collars_dog_leads" data-zta="category-flyout-animal-level3-link" data-link-type="primary" class="Link-module_link__35Vo1 Link-module_linkEllipsis__om-ux Link-module_linkBold__1zYHp Link-module_linkPrimary__yCQng">Dog Leads &amp; Dog Collars</a></li><li class="CategoryFlyout-module_groupHeader__pGxMZ"><a href="/shop/dogs/dog_flea_tick_treatments" data-zta="category-flyout-animal-level3-link" data-link-type="primary" class="Link-module_link__35Vo1 Link-module_linkEllipsis__om-ux Link-module_linkBold__1zYHp Link-module_linkPrimary__yCQng">Dog Flea, Tick &amp; Wormer Treatments</a></li><li class="CategoryFlyout-module_groupHeader__pGxMZ"><a href="/shop/dogs/dog_toys_dog_training" data-zta="category-flyout-animal-level3-link" data-link-type="primary" class="Link-module_link__35Vo1 Link-module_linkEllipsis__om-ux Link-module_linkBold__1zYHp Link-module_linkPrimary__yCQng">Dog Toys &amp; Sports Accessories</a></li><li class="CategoryFlyout-module_groupHeader__pGxMZ"><a href="/shop/dogs/dog_grooming_care" data-zta="category-flyout-animal-level3-link" data-link-type="primary" class="Link-module_link__35Vo1 Link-module_linkEllipsis__om-ux Link-module_linkBold__1zYHp Link-module_linkPrimary__yCQng">Dog Grooming &amp; Care</a></li><li class="CategoryFlyout-module_groupHeader__pGxMZ"><a href="/shop/dogs/dog_bowls_feeders" data-zta="category-flyout-animal-level3-link" data-link-type="primary" class="Link-module_link__35Vo1 Link-module_linkEllipsis__om-ux Link-module_linkBold__1zYHp Link-module_linkPrimary__yCQng">Dog Bowls &amp; Feeders</a></li><li class="CategoryFlyout-module_groupHeader__pGxMZ"><a href="/shop/dogs/dog_cages_carriers" data-zta="category-flyout-animal-level3-link" data-link-type="primary" class="Link-module_link__35Vo1 Link-module_linkEllipsis__om-ux Link-module_linkBold__1zYHp Link-module_linkPrimary__yCQng">Dog Crates &amp; Dog Travel</a></li><li class="CategoryFlyout-module_groupHeader__pGxMZ"><a href="/shop/dogs/dog_kennels_flaps" data-zta="category-flyout-animal-level3-link" data-link-type="primary" class="Link-module_link__35Vo1 Link-module_linkEllipsis__om-ux Link-module_linkBold__1zYHp Link-module_linkPrimary__yCQng">Dog Kennels, Flaps &amp; Gates</a></li><li class="CategoryFlyout-module_groupHeader__pGxMZ"><a href="/shop/dogs/dog_clothing" data-zta="category-flyout-animal-level3-link" data-link-type="primary" class="Link-module_link__35Vo1 Link-module_linkEllipsis__om-ux Link-module_linkBold__1zYHp Link-module_linkPrimary__yCQng">Dog Clothing</a></li><li class="CategoryFlyout-module_groupHeader__pGxMZ"><a href="/shop/dogs/agility_training" data-zta="category-flyout-animal-level3-link" data-link-type="primary" class="Link-module_link__35Vo1 Link-module_linkEllipsis__om-ux Link-module_linkBold__1zYHp Link-module_linkPrimary__yCQng">Dog Agility &amp; Training Accessories</a></li><li class="CategoryFlyout-module_groupHeader__pGxMZ"><a href="/shop/dogs/dog_breed" data-zta="category-flyout-animal-level3-link" data-link-type="primary" class="Link-module_link__35Vo1 Link-module_linkEllipsis__om-ux Link-module_linkBold__1zYHp Link-module_linkPrimary__yCQng">Dog Breed-Specific Nutrition</a></li><li class="CategoryFlyout-module_groupHeader__pGxMZ"><a href="/shop/dogs/puppy_products" data-zta="category-flyout-animal-level3-link" data-link-type="primary" class="Link-module_link__35Vo1 Link-module_linkEllipsis__om-ux Link-module_linkBold__1zYHp Link-module_linkPrimary__yCQng">Puppy Products &amp; Accessories</a></li><li class="CategoryFlyout-module_groupHeader__pGxMZ"><a href="/shop/dogs/senior_products" data-zta="category-flyout-animal-level3-link" data-link-type="primary" class="Link-module_link__35Vo1 Link-module_linkEllipsis__om-ux Link-module_linkBold__1zYHp Link-module_linkPrimary__yCQng">Senior Dog Food</a></li></ul><ul class="CategoryFlyout-module_animalPanelGroup__5uS8W" id="header-category-flyout-animal-special-offer-links-Dog"><li class="CategoryFlyout-module_groupHeader__pGxMZ"><a href="/specials/dogs/special_offers/food/34874" data-zta="category-flyout-animal-special-offer-link" data-link-type="offer" class="Link-module_link__35Vo1 Link-module_linkEllipsis__om-ux Link-module_linkBold__1zYHp Link-module_linkOffer__5eMqu">Dog Special Offers</a></li><li class="CategoryFlyout-module_groupHeader__pGxMZ"><a href="/specials/dogs/trial_specials" data-zta="category-flyout-animal-special-offer-link" data-link-type="offer" class="Link-module_link__35Vo1 Link-module_linkEllipsis__om-ux Link-module_linkBold__1zYHp Link-module_linkOffer__5eMqu">Dog Trial Packs</a></li><li class="CategoryFlyout-module_groupHeader__pGxMZ"><a href="/specials/dogs/new_products" data-zta="category-flyout-animal-special-offer-link" data-link-type="offer" class="Link-module_link__35Vo1 Link-module_linkEllipsis__om-ux Link-module_linkBold__1zYHp Link-module_linkOffer__5eMqu">New &amp; Seasonal Products</a></li></ul></div></div></div><div data-zta="LayoutContainerUIC" data-variant="narrow" class="CategoryFlyout-module_flyOut__07b7z z-layout-container z-layout-container--narrow" id="header-category-flyout" style="--header-category-flyout-display-flag:none"><div class="CategoryFlyout-module_flyOutContainer__mUJsx"><div class="CategoryFlyout-module_groupHeader__pGxMZ CategoryFlyout-module_groupHeaderMain__GkvMC"><a href="/shop/cats" data-zta="category-flyout-animal-level2-link" data-link-type="primary" class="Link-module_link__35Vo1 Link-module_linkBold__1zYHp Link-module_linkHeading__wM1bP Link-module_linkPrimary__yCQng">Cat Shop: Cat Supplies &amp; Cat Accessories</a></div><div class="CategoryFlyout-module_animalPanel__TrJ4O"><ul id="header-category-flyout-animal-level4-links-Cat-0-Dry-Cat-Food" class="CategoryFlyout-module_animalPanelGroup__5uS8W"><li class="CategoryFlyout-module_groupHeader__pGxMZ"><a href="/shop/cats/dry_cat_food" data-zta="category-flyout-animal-group-header" data-link-type="primary" class="Link-module_link__35Vo1 Link-module_linkBold__1zYHp Link-module_linkPrimary__yCQng" aria-label="group-header">Dry Cat Food</a></li><li class="CategoryFlyout-module_groupItem__Iy0FX"><a href="/shop/cats/dry_cat_food/concept_for_life_cat_dry" data-zta="category-flyout-animal-level4-link" data-link-type="neutral" class="Link-module_link__35Vo1 Link-module_linkPadding__37gME Link-module_linkEllipsis__om-ux Link-module_linkNeutral__xXpzG">Concept for Life</a></li><li class="CategoryFlyout-module_groupItem__Iy0FX"><a href="/shop/cats/dry_cat_food/hills_prescription" data-zta="category-flyout-animal-level4-link" data-link-type="neutral" class="Link-module_link__35Vo1 Link-module_linkPadding__37gME Link-module_linkEllipsis__om-ux Link-module_linkNeutral__xXpzG">Hill's Prescription Diet</a></li><li class="CategoryFlyout-module_groupItem__Iy0FX"><a href="/shop/cats/dry_cat_food/hills_feline" data-zta="category-flyout-animal-level4-link" data-link-type="neutral" class="Link-module_link__35Vo1 Link-module_linkPadding__37gME Link-module_linkEllipsis__om-ux Link-module_linkNeutral__xXpzG">Hill's Science Plan</a></li><li class="CategoryFlyout-module_groupItem__Iy0FX"><a href="/shop/cats/dry_cat_food/iams" data-zta="category-flyout-animal-level4-link" data-link-type="neutral" class="Link-module_link__35Vo1 Link-module_linkPadding__37gME Link-module_linkEllipsis__om-ux Link-module_linkNeutral__xXpzG">IAMS</a></li><li class="CategoryFlyout-module_groupItem__Iy0FX"><a href="/shop/cats/dry_cat_food/wellbeloved_catfood" data-zta="category-flyout-animal-level4-link" data-link-type="neutral" class="Link-module_link__35Vo1 Link-module_linkPadding__37gME Link-module_linkEllipsis__om-ux Link-module_linkNeutral__xXpzG">James Wellbeloved</a></li><li class="CategoryFlyout-module_groupItem__Iy0FX"><a href="/shop/cats/dry_cat_food/purina_one" data-zta="category-flyout-animal-level4-link" data-link-type="neutral" class="Link-module_link__35Vo1 Link-module_linkPadding__37gME Link-module_linkEllipsis__om-ux Link-module_linkNeutral__xXpzG">Purina ONE</a></li><li class="CategoryFlyout-module_groupItem__Iy0FX"><a href="/shop/cats/dry_cat_food/purina_veterinary_diets" data-zta="category-flyout-animal-level4-link" data-link-type="neutral" class="Link-module_link__35Vo1 Link-module_linkPadding__37gME Link-module_linkEllipsis__om-ux Link-module_linkNeutral__xXpzG">PRO PLAN Veterinary Diets</a></li><li class="CategoryFlyout-module_groupItem__Iy0FX"><a href="/shop/cats/dry_cat_food/purizon" data-zta="category-flyout-animal-level4-link" data-link-type="neutral" class="Link-module_link__35Vo1 Link-module_linkPadding__37gME Link-module_linkEllipsis__om-ux Link-module_linkNeutral__xXpzG">Purizon</a></li><li class="CategoryFlyout-module_groupItem__Iy0FX"><a href="/shop/cats/dry_cat_food/rosies_farm" data-zta="category-flyout-animal-level4-link" data-link-type="neutral" class="Link-module_link__35Vo1 Link-module_linkPadding__37gME Link-module_linkEllipsis__om-ux Link-module_linkNeutral__xXpzG">Rosie's Farm</a></li><li class="CategoryFlyout-module_groupItem__Iy0FX"><a href="/shop/cats/dry_cat_food/royal_canin" data-zta="category-flyout-animal-level4-link" data-link-type="neutral" class="Link-module_link__35Vo1 Link-module_linkPadding__37gME Link-module_linkEllipsis__om-ux Link-module_linkNeutral__xXpzG">Royal Canin</a></li><li class="CategoryFlyout-module_groupItem__Iy0FX"><a href="/shop/cats/dry_cat_food/royal_canin_feline_vet_diet" data-zta="category-flyout-animal-level4-link" data-link-type="neutral" class="Link-module_link__35Vo1 Link-module_linkPadding__37gME Link-module_linkEllipsis__om-ux Link-module_linkNeutral__xXpzG">Royal Canin Veterinary </a></li><li class="CategoryFlyout-module_groupItem__Iy0FX"><a href="/shop/cats/dry_cat_food/sanabelle" data-zta="category-flyout-animal-level4-link" data-link-type="neutral" class="Link-module_link__35Vo1 Link-module_linkPadding__37gME Link-module_linkEllipsis__om-ux Link-module_linkNeutral__xXpzG">Sanabelle</a></li><li class="CategoryFlyout-module_groupItem__Iy0FX"><a href="/shop/cats/dry_cat_food/smilla" data-zta="category-flyout-animal-level4-link" data-link-type="neutral" class="Link-module_link__35Vo1 Link-module_linkPadding__37gME Link-module_linkEllipsis__om-ux Link-module_linkNeutral__xXpzG">Smilla</a></li><li class="CategoryFlyout-module_groupItem__Iy0FX"><a href="/shop/cats/dry_cat_food/wild_freedom" data-zta="category-flyout-animal-level4-link" data-link-type="neutral" class="Link-module_link__35Vo1 Link-module_linkPadding__37gME Link-module_linkEllipsis__om-ux Link-module_linkNeutral__xXpzG">Wild Freedom</a></li><li class="CategoryFlyout-module_groupItem__Iy0FX"><a href="/shop/cats/dry_cat_food/cosma" data-zta="category-flyout-animal-level4-link" data-link-type="neutral" class="Link-module_link__35Vo1 Link-module_linkPadding__37gME Link-module_linkEllipsis__om-ux Link-module_linkNeutral__xXpzG">Cosma</a></li><li class="CategoryFlyout-module_groupFooter__Z5B1f"><a href="/shop/cats/dry_cat_food" data-zta="category-flyout-animal-group-footer" data-link-type="primary" class="Link-module_link__35Vo1 Link-module_linkBold__1zYHp Link-module_linkPrimary__yCQng" aria-label="group-footer">View all</a></li></ul><ul id="header-category-flyout-animal-level4-links-Cat-1-Wet-Cat-Food" class="CategoryFlyout-module_animalPanelGroup__5uS8W"><li class="CategoryFlyout-module_groupHeader__pGxMZ"><a href="/shop/cats/canned_cat_food_pouches" data-zta="category-flyout-animal-group-header" data-link-type="primary" class="Link-module_link__35Vo1 Link-module_linkBold__1zYHp Link-module_linkPrimary__yCQng" aria-label="group-header">Wet Cat Food</a></li><li class="CategoryFlyout-module_groupItem__Iy0FX"><a href="/shop/cats/canned_cat_food_pouches/rafine" data-zta="category-flyout-animal-level4-link" data-link-type="neutral" class="Link-module_link__35Vo1 Link-module_linkPadding__37gME Link-module_linkEllipsis__om-ux Link-module_linkNeutral__xXpzG">animonda Carny</a></li><li class="CategoryFlyout-module_groupItem__Iy0FX"><a href="/shop/cats/canned_cat_food_pouches/applaws" data-zta="category-flyout-animal-level4-link" data-link-type="neutral" class="Link-module_link__35Vo1 Link-module_linkPadding__37gME Link-module_linkEllipsis__om-ux Link-module_linkNeutral__xXpzG">Applaws</a></li><li class="CategoryFlyout-module_groupItem__Iy0FX"><a href="/shop/cats/canned_cat_food_pouches/bozita" data-zta="category-flyout-animal-level4-link" data-link-type="neutral" class="Link-module_link__35Vo1 Link-module_linkPadding__37gME Link-module_linkEllipsis__om-ux Link-module_linkNeutral__xXpzG">Bozita</a></li><li class="CategoryFlyout-module_groupItem__Iy0FX"><a href="/shop/cats/canned_cat_food_pouches/cosma" data-zta="category-flyout-animal-level4-link" data-link-type="neutral" class="Link-module_link__35Vo1 Link-module_linkPadding__37gME Link-module_linkEllipsis__om-ux Link-module_linkNeutral__xXpzG">Cosma</a></li><li class="CategoryFlyout-module_groupItem__Iy0FX"><a href="/shop/cats/canned_cat_food_pouches/felix" data-zta="category-flyout-animal-level4-link" data-link-type="neutral" class="Link-module_link__35Vo1 Link-module_linkPadding__37gME Link-module_linkEllipsis__om-ux Link-module_linkNeutral__xXpzG">Felix</a></li><li class="CategoryFlyout-module_groupItem__Iy0FX"><a href="/shop/cats/canned_cat_food_pouches/feringa_wet_cat_food" data-zta="category-flyout-animal-level4-link" data-link-type="neutral" class="Link-module_link__35Vo1 Link-module_linkPadding__37gME Link-module_linkEllipsis__om-ux Link-module_linkNeutral__xXpzG">Feringa</a></li><li class="CategoryFlyout-module_groupItem__Iy0FX"><a href="/shop/cats/canned_cat_food_pouches/gourmet" data-zta="category-flyout-animal-level4-link" data-link-type="neutral" class="Link-module_link__35Vo1 Link-module_linkPadding__37gME Link-module_linkEllipsis__om-ux Link-module_linkNeutral__xXpzG">Gourmet Gold</a></li><li class="CategoryFlyout-module_groupItem__Iy0FX"><a href="/shop/cats/canned_cat_food_pouches/gourmet_wet" data-zta="category-flyout-animal-level4-link" data-link-type="neutral" class="Link-module_link__35Vo1 Link-module_linkPadding__37gME Link-module_linkEllipsis__om-ux Link-module_linkNeutral__xXpzG">Gourmet Perle/Mon Petit/Nature's Creations</a></li><li class="CategoryFlyout-module_groupItem__Iy0FX"><a href="/shop/cats/canned_cat_food_pouches/hills_prescription" data-zta="category-flyout-animal-level4-link" data-link-type="neutral" class="Link-module_link__35Vo1 Link-module_linkPadding__37gME Link-module_linkEllipsis__om-ux Link-module_linkNeutral__xXpzG">Hill's Prescription Diet</a></li><li class="CategoryFlyout-module_groupItem__Iy0FX"><a href="/shop/cats/canned_cat_food_pouches/rosies_farm" data-zta="category-flyout-animal-level4-link" data-link-type="neutral" class="Link-module_link__35Vo1 Link-module_linkPadding__37gME Link-module_linkEllipsis__om-ux Link-module_linkNeutral__xXpzG">Rosie's Farm</a></li><li class="CategoryFlyout-module_groupItem__Iy0FX"><a href="/shop/cats/canned_cat_food_pouches/royal_canin_cat_food" data-zta="category-flyout-animal-level4-link" data-link-type="neutral" class="Link-module_link__35Vo1 Link-module_linkPadding__37gME Link-module_linkEllipsis__om-ux Link-module_linkNeutral__xXpzG">Royal Canin</a></li><li class="CategoryFlyout-module_groupItem__Iy0FX"><a href="/shop/cats/canned_cat_food_pouches/royal_canin_vet_diet_wet_cat" data-zta="category-flyout-animal-level4-link" data-link-type="neutral" class="Link-module_link__35Vo1 Link-module_linkPadding__37gME Link-module_linkEllipsis__om-ux Link-module_linkNeutral__xXpzG">Royal Canin Veterinary</a></li><li class="CategoryFlyout-module_groupItem__Iy0FX"><a href="/shop/cats/canned_cat_food_pouches/whiskas" data-zta="category-flyout-animal-level4-link" data-link-type="neutral" class="Link-module_link__35Vo1 Link-module_linkPadding__37gME Link-module_linkEllipsis__om-ux Link-module_linkNeutral__xXpzG">Whiskas</a></li><li class="CategoryFlyout-module_groupItem__Iy0FX"><a href="/shop/cats/canned_cat_food_pouches/wild_freedom_wet" data-zta="category-flyout-animal-level4-link" data-link-type="neutral" class="Link-module_link__35Vo1 Link-module_linkPadding__37gME Link-module_linkEllipsis__om-ux Link-module_linkNeutral__xXpzG">Wild Freedom</a></li><li class="CategoryFlyout-module_groupFooter__Z5B1f"><a href="/shop/cats/canned_cat_food_pouches" data-zta="category-flyout-animal-group-footer" data-link-type="primary" class="Link-module_link__35Vo1 Link-module_linkBold__1zYHp Link-module_linkPrimary__yCQng" aria-label="group-footer">View all</a></li></ul><ul class="CategoryFlyout-module_animalPanelGroup__5uS8W" id="header-category-flyout-animal-level3-links-Cat"><li class="CategoryFlyout-module_groupHeader__pGxMZ"><a href="/shop/cats/cat_litter" data-zta="category-flyout-animal-level3-link" data-link-type="primary" class="Link-module_link__35Vo1 Link-module_linkEllipsis__om-ux Link-module_linkBold__1zYHp Link-module_linkPrimary__yCQng">Cat Litter</a></li><li class="CategoryFlyout-module_groupHeader__pGxMZ"><a href="/shop/cats/cat_flea_tick_treatments" data-zta="category-flyout-animal-level3-link" data-link-type="primary" class="Link-module_link__35Vo1 Link-module_linkEllipsis__om-ux Link-module_linkBold__1zYHp Link-module_linkPrimary__yCQng">Cat Flea, Tick &amp; Wormer Treatments</a></li><li class="CategoryFlyout-module_groupHeader__pGxMZ"><a href="/shop/cats/cat_litter_litter_boxes" data-zta="category-flyout-animal-level3-link" data-link-type="primary" class="Link-module_link__35Vo1 Link-module_linkEllipsis__om-ux Link-module_linkBold__1zYHp Link-module_linkPrimary__yCQng">Cat Litter Boxes &amp; Litter Trays</a></li><li class="CategoryFlyout-module_groupHeader__pGxMZ"><a href="/shop/cats/scratching_posts" data-zta="category-flyout-animal-level3-link" data-link-type="primary" class="Link-module_link__35Vo1 Link-module_linkEllipsis__om-ux Link-module_linkBold__1zYHp Link-module_linkPrimary__yCQng">Cat Trees &amp; Cat Scratching Posts</a></li><li class="CategoryFlyout-module_groupHeader__pGxMZ"><a href="/shop/cats/cat_treats_catnip" data-zta="category-flyout-animal-level3-link" data-link-type="primary" class="Link-module_link__35Vo1 Link-module_linkEllipsis__om-ux Link-module_linkBold__1zYHp Link-module_linkPrimary__yCQng">Cat Treats</a></li><li class="CategoryFlyout-module_groupHeader__pGxMZ"><a href="/shop/cats/supplements_specialty_cat_food" data-zta="category-flyout-animal-level3-link" data-link-type="primary" class="Link-module_link__35Vo1 Link-module_linkEllipsis__om-ux Link-module_linkBold__1zYHp Link-module_linkPrimary__yCQng">Cat Specialist Diets &amp; Supplements</a></li><li class="CategoryFlyout-module_groupHeader__pGxMZ"><a href="/shop/cats/cat_health" data-zta="category-flyout-animal-level3-link" data-link-type="primary" class="Link-module_link__35Vo1 Link-module_linkEllipsis__om-ux Link-module_linkBold__1zYHp Link-module_linkPrimary__yCQng">Feliway &amp; Care</a></li><li class="CategoryFlyout-module_groupHeader__pGxMZ"><a href="/shop/cats/cat_beds_baskets" data-zta="category-flyout-animal-level3-link" data-link-type="primary" class="Link-module_link__35Vo1 Link-module_linkEllipsis__om-ux Link-module_linkBold__1zYHp Link-module_linkPrimary__yCQng">Cat Beds &amp; Cat Baskets</a></li><li class="CategoryFlyout-module_groupHeader__pGxMZ"><a href="/shop/cats/cat_flaps_nets" data-zta="category-flyout-animal-level3-link" data-link-type="primary" class="Link-module_link__35Vo1 Link-module_linkEllipsis__om-ux Link-module_linkBold__1zYHp Link-module_linkPrimary__yCQng">Cat Flaps &amp; Nets</a></li><li class="CategoryFlyout-module_groupHeader__pGxMZ"><a href="/shop/cats/cat_toys" data-zta="category-flyout-animal-level3-link" data-link-type="primary" class="Link-module_link__35Vo1 Link-module_linkEllipsis__om-ux Link-module_linkBold__1zYHp Link-module_linkPrimary__yCQng">Cat Toys</a></li><li class="CategoryFlyout-module_groupHeader__pGxMZ"><a href="/shop/cats/cat_bowls_feeders" data-zta="category-flyout-animal-level3-link" data-link-type="primary" class="Link-module_link__35Vo1 Link-module_linkEllipsis__om-ux Link-module_linkBold__1zYHp Link-module_linkPrimary__yCQng">Cat Bowls &amp; Cat Fountains</a></li><li class="CategoryFlyout-module_groupHeader__pGxMZ"><a href="/shop/cats/cat_carriers_travel" data-zta="category-flyout-animal-level3-link" data-link-type="primary" class="Link-module_link__35Vo1 Link-module_linkEllipsis__om-ux Link-module_linkBold__1zYHp Link-module_linkPrimary__yCQng">Cat Carriers &amp; Transport</a></li><li class="CategoryFlyout-module_groupHeader__pGxMZ"><a href="/shop/cats/cat_breed" data-zta="category-flyout-animal-level3-link" data-link-type="primary" class="Link-module_link__35Vo1 Link-module_linkEllipsis__om-ux Link-module_linkBold__1zYHp Link-module_linkPrimary__yCQng">Cat Breed-Specific Nutrition</a></li><li class="CategoryFlyout-module_groupHeader__pGxMZ"><a href="/shop/cats/kitten_products" data-zta="category-flyout-animal-level3-link" data-link-type="primary" class="Link-module_link__35Vo1 Link-module_linkEllipsis__om-ux Link-module_linkBold__1zYHp Link-module_linkPrimary__yCQng">Kitten Supplies &amp; Accessories</a></li><li class="CategoryFlyout-module_groupHeader__pGxMZ"><a href="/shop/cats/senior_products" data-zta="category-flyout-animal-level3-link" data-link-type="primary" class="Link-module_link__35Vo1 Link-module_linkEllipsis__om-ux Link-module_linkBold__1zYHp Link-module_linkPrimary__yCQng">Senior Cat Food</a></li></ul><ul class="CategoryFlyout-module_animalPanelGroup__5uS8W" id="header-category-flyout-animal-special-offer-links-Cat"><li class="CategoryFlyout-module_groupHeader__pGxMZ"><a href="/specials/cats/special_offers/cat_trees_/34883" data-zta="category-flyout-animal-special-offer-link" data-link-type="offer" class="Link-module_link__35Vo1 Link-module_linkEllipsis__om-ux Link-module_linkBold__1zYHp Link-module_linkOffer__5eMqu">Cat Special Offers</a></li><li class="CategoryFlyout-module_groupHeader__pGxMZ"><a href="/specials/cats/trial_specials" data-zta="category-flyout-animal-special-offer-link" data-link-type="offer" class="Link-module_link__35Vo1 Link-module_linkEllipsis__om-ux Link-module_linkBold__1zYHp Link-module_linkOffer__5eMqu">Cat Trial Packs</a></li><li class="CategoryFlyout-module_groupHeader__pGxMZ"><a href="/specials/cats/new_products" data-zta="category-flyout-animal-special-offer-link" data-link-type="offer" class="Link-module_link__35Vo1 Link-module_linkEllipsis__om-ux Link-module_linkBold__1zYHp Link-module_linkOffer__5eMqu">New &amp; Seasonal Products</a></li></ul></div></div></div><div data-zta="LayoutContainerUIC" data-variant="narrow" class="CategoryFlyout-module_flyOut__07b7z z-layout-container z-layout-container--narrow" id="header-category-flyout" style="--header-category-flyout-display-flag:none"><div class="CategoryFlyout-module_flyOutContainer__mUJsx"><div class="CategoryFlyout-module_groupHeader__pGxMZ CategoryFlyout-module_groupHeaderMain__GkvMC"><a href="/shop/small_pets" data-zta="category-flyout-animal-level2-link" data-link-type="primary" class="Link-module_link__35Vo1 Link-module_linkBold__1zYHp Link-module_linkHeading__wM1bP Link-module_linkPrimary__yCQng">Small Pets Supplies &amp; Accessories</a></div><div class="CategoryFlyout-module_animalPanel__TrJ4O"><ul id="header-category-flyout-animal-level4-links-Small-Pet-0-Small-Pet-Cages" class="CategoryFlyout-module_animalPanelGroup__5uS8W"><li class="CategoryFlyout-module_groupHeader__pGxMZ"><a href="/shop/small_pets/hutches_cages" data-zta="category-flyout-animal-group-header" data-link-type="primary" class="Link-module_link__35Vo1 Link-module_linkBold__1zYHp Link-module_linkPrimary__yCQng" aria-label="group-header">Small Pet Cages</a></li><li class="CategoryFlyout-module_groupItem__Iy0FX"><a href="/shop/small_pets/hutches_cages/all_cages" data-zta="category-flyout-animal-level4-link" data-link-type="neutral" class="Link-module_link__35Vo1 Link-module_linkPadding__37gME Link-module_linkEllipsis__om-ux Link-module_linkNeutral__xXpzG">All Small Pet Cages</a></li><li class="CategoryFlyout-module_groupItem__Iy0FX"><a href="/shop/small_pets/hutches_cages/rabbit_cage" data-zta="category-flyout-animal-level4-link" data-link-type="neutral" class="Link-module_link__35Vo1 Link-module_linkPadding__37gME Link-module_linkEllipsis__om-ux Link-module_linkNeutral__xXpzG">Indoor Rabbit Cages</a></li><li class="CategoryFlyout-module_groupItem__Iy0FX"><a href="/shop/small_pets/hutches_cages/hamster_cages" data-zta="category-flyout-animal-level4-link" data-link-type="neutral" class="Link-module_link__35Vo1 Link-module_linkPadding__37gME Link-module_linkEllipsis__om-ux Link-module_linkNeutral__xXpzG">Hamster Cages</a></li><li class="CategoryFlyout-module_groupItem__Iy0FX"><a href="/shop/small_pets/hutches_cages/guinea_pig_cages" data-zta="category-flyout-animal-level4-link" data-link-type="neutral" class="Link-module_link__35Vo1 Link-module_linkPadding__37gME Link-module_linkEllipsis__om-ux Link-module_linkNeutral__xXpzG">Guinea Pig Cages</a></li><li class="CategoryFlyout-module_groupItem__Iy0FX"><a href="/shop/small_pets/hutches_cages/gerbils_cages" data-zta="category-flyout-animal-level4-link" data-link-type="neutral" class="Link-module_link__35Vo1 Link-module_linkPadding__37gME Link-module_linkEllipsis__om-ux Link-module_linkNeutral__xXpzG">Gerbil Cages</a></li><li class="CategoryFlyout-module_groupItem__Iy0FX"><a href="/shop/small_pets/hutches_cages/ferret_cage" data-zta="category-flyout-animal-level4-link" data-link-type="neutral" class="Link-module_link__35Vo1 Link-module_linkPadding__37gME Link-module_linkEllipsis__om-ux Link-module_linkNeutral__xXpzG">Ferret Cages</a></li><li class="CategoryFlyout-module_groupItem__Iy0FX"><a href="/shop/small_pets/hutches_cages/rat_cage" data-zta="category-flyout-animal-level4-link" data-link-type="neutral" class="Link-module_link__35Vo1 Link-module_linkPadding__37gME Link-module_linkEllipsis__om-ux Link-module_linkNeutral__xXpzG">Rat Cages</a></li><li class="CategoryFlyout-module_groupItem__Iy0FX"><a href="/shop/small_pets/hutches_cages/ferplast_cages" data-zta="category-flyout-animal-level4-link" data-link-type="neutral" class="Link-module_link__35Vo1 Link-module_linkPadding__37gME Link-module_linkEllipsis__om-ux Link-module_linkNeutral__xXpzG">Ferplast</a></li><li class="CategoryFlyout-module_groupItem__Iy0FX"><a href="/shop/small_pets/hutches_cages/savic_cages" data-zta="category-flyout-animal-level4-link" data-link-type="neutral" class="Link-module_link__35Vo1 Link-module_linkPadding__37gME Link-module_linkEllipsis__om-ux Link-module_linkNeutral__xXpzG">Savic</a></li><li class="CategoryFlyout-module_groupItem__Iy0FX"><a href="/shop/small_pets/hutches_cages/skyline" data-zta="category-flyout-animal-level4-link" data-link-type="neutral" class="Link-module_link__35Vo1 Link-module_linkPadding__37gME Link-module_linkEllipsis__om-ux Link-module_linkNeutral__xXpzG">Skyline</a></li><li class="CategoryFlyout-module_groupFooter__Z5B1f"><a href="/shop/small_pets/hutches_cages" data-zta="category-flyout-animal-group-footer" data-link-type="primary" class="Link-module_link__35Vo1 Link-module_linkBold__1zYHp Link-module_linkPrimary__yCQng" aria-label="group-footer">View all</a></li></ul><ul id="header-category-flyout-animal-level4-links-Small-Pet-1-Cage-Accessories" class="CategoryFlyout-module_animalPanelGroup__5uS8W"><li class="CategoryFlyout-module_groupHeader__pGxMZ"><a href="/shop/small_pets/accessories" data-zta="category-flyout-animal-group-header" data-link-type="primary" class="Link-module_link__35Vo1 Link-module_linkBold__1zYHp Link-module_linkPrimary__yCQng" aria-label="group-header">Cage Accessories</a></li><li class="CategoryFlyout-module_groupItem__Iy0FX"><a href="/shop/small_pets/accessories/all_cage_accessories" data-zta="category-flyout-animal-level4-link" data-link-type="neutral" class="Link-module_link__35Vo1 Link-module_linkPadding__37gME Link-module_linkEllipsis__om-ux Link-module_linkNeutral__xXpzG">All Cage Accessories</a></li><li class="CategoryFlyout-module_groupItem__Iy0FX"><a href="/shop/small_pets/accessories/tunnels" data-zta="category-flyout-animal-level4-link" data-link-type="neutral" class="Link-module_link__35Vo1 Link-module_linkPadding__37gME Link-module_linkEllipsis__om-ux Link-module_linkNeutral__xXpzG">Tunnels &amp; Dens</a></li><li class="CategoryFlyout-module_groupItem__Iy0FX"><a href="/shop/small_pets/accessories/bridges_stairs" data-zta="category-flyout-animal-level4-link" data-link-type="neutral" class="Link-module_link__35Vo1 Link-module_linkPadding__37gME Link-module_linkEllipsis__om-ux Link-module_linkNeutral__xXpzG">Bridges &amp; Stairs</a></li><li class="CategoryFlyout-module_groupItem__Iy0FX"><a href="/shop/small_pets/accessories/exercise_wheels" data-zta="category-flyout-animal-level4-link" data-link-type="neutral" class="Link-module_link__35Vo1 Link-module_linkPadding__37gME Link-module_linkEllipsis__om-ux Link-module_linkNeutral__xXpzG">Exercise Wheels</a></li><li class="CategoryFlyout-module_groupItem__Iy0FX"><a href="/shop/small_pets/accessories/cabins" data-zta="category-flyout-animal-level4-link" data-link-type="neutral" class="Link-module_link__35Vo1 Link-module_linkPadding__37gME Link-module_linkEllipsis__om-ux Link-module_linkNeutral__xXpzG">Cabins &amp; Houses</a></li><li class="CategoryFlyout-module_groupFooter__Z5B1f"><a href="/shop/small_pets/accessories" data-zta="category-flyout-animal-group-footer" data-link-type="primary" class="Link-module_link__35Vo1 Link-module_linkBold__1zYHp Link-module_linkPrimary__yCQng" aria-label="group-footer">View all</a></li></ul><ul class="CategoryFlyout-module_animalPanelGroup__5uS8W" id="header-category-flyout-animal-level3-links-Small-Pet"><li class="CategoryFlyout-module_groupHeader__pGxMZ"><a href="/shop/small_pets/food" data-zta="category-flyout-animal-level3-link" data-link-type="primary" class="Link-module_link__35Vo1 Link-module_linkEllipsis__om-ux Link-module_linkBold__1zYHp Link-module_linkPrimary__yCQng">Small Pet Food</a></li><li class="CategoryFlyout-module_groupHeader__pGxMZ"><a href="/shop/small_pets/hay_and_bedding" data-zta="category-flyout-animal-level3-link" data-link-type="primary" class="Link-module_link__35Vo1 Link-module_linkEllipsis__om-ux Link-module_linkBold__1zYHp Link-module_linkPrimary__yCQng">Straw &amp; Bedding</a></li><li class="CategoryFlyout-module_groupHeader__pGxMZ"><a href="/shop/small_pets/runs_fencing" data-zta="category-flyout-animal-level3-link" data-link-type="primary" class="Link-module_link__35Vo1 Link-module_linkEllipsis__om-ux Link-module_linkBold__1zYHp Link-module_linkPrimary__yCQng">Runs &amp; Enclosures</a></li><li class="CategoryFlyout-module_groupHeader__pGxMZ"><a href="/shop/small_pets/care_grooming" data-zta="category-flyout-animal-level3-link" data-link-type="primary" class="Link-module_link__35Vo1 Link-module_linkEllipsis__om-ux Link-module_linkBold__1zYHp Link-module_linkPrimary__yCQng">Care &amp; Grooming</a></li><li class="CategoryFlyout-module_groupHeader__pGxMZ"><a href="/shop/small_pets/toys_transport" data-zta="category-flyout-animal-level3-link" data-link-type="primary" class="Link-module_link__35Vo1 Link-module_linkEllipsis__om-ux Link-module_linkBold__1zYHp Link-module_linkPrimary__yCQng">Toys &amp; Travel</a></li><li class="CategoryFlyout-module_groupHeader__pGxMZ"><a href="/shop/small_pets/hutches" data-zta="category-flyout-animal-level3-link" data-link-type="primary" class="Link-module_link__35Vo1 Link-module_linkEllipsis__om-ux Link-module_linkBold__1zYHp Link-module_linkPrimary__yCQng">Small Pet Hutches</a></li><li class="CategoryFlyout-module_groupHeader__pGxMZ"><a href="/shop/small_pets/rabbits" data-zta="category-flyout-animal-level3-link" data-link-type="primary" class="Link-module_link__35Vo1 Link-module_linkEllipsis__om-ux Link-module_linkBold__1zYHp Link-module_linkPrimary__yCQng">Rabbit</a></li><li class="CategoryFlyout-module_groupHeader__pGxMZ"><a href="/shop/small_pets/guinea_pig" data-zta="category-flyout-animal-level3-link" data-link-type="primary" class="Link-module_link__35Vo1 Link-module_linkEllipsis__om-ux Link-module_linkBold__1zYHp Link-module_linkPrimary__yCQng">Guinea Pig</a></li><li class="CategoryFlyout-module_groupHeader__pGxMZ"><a href="/shop/small_pets/hamster" data-zta="category-flyout-animal-level3-link" data-link-type="primary" class="Link-module_link__35Vo1 Link-module_linkEllipsis__om-ux Link-module_linkBold__1zYHp Link-module_linkPrimary__yCQng">Hamster</a></li><li class="CategoryFlyout-module_groupHeader__pGxMZ"><a href="/shop/small_pets/rat" data-zta="category-flyout-animal-level3-link" data-link-type="primary" class="Link-module_link__35Vo1 Link-module_linkEllipsis__om-ux Link-module_linkBold__1zYHp Link-module_linkPrimary__yCQng">Rat</a></li><li class="CategoryFlyout-module_groupHeader__pGxMZ"><a href="/shop/small_pets/mouse" data-zta="category-flyout-animal-level3-link" data-link-type="primary" class="Link-module_link__35Vo1 Link-module_linkEllipsis__om-ux Link-module_linkBold__1zYHp Link-module_linkPrimary__yCQng">Mouse</a></li><li class="CategoryFlyout-module_groupHeader__pGxMZ"><a href="/shop/small_pets/gerbil" data-zta="category-flyout-animal-level3-link" data-link-type="primary" class="Link-module_link__35Vo1 Link-module_linkEllipsis__om-ux Link-module_linkBold__1zYHp Link-module_linkPrimary__yCQng">Gerbil</a></li><li class="CategoryFlyout-module_groupHeader__pGxMZ"><a href="/shop/small_pets/degus" data-zta="category-flyout-animal-level3-link" data-link-type="primary" class="Link-module_link__35Vo1 Link-module_linkEllipsis__om-ux Link-module_linkBold__1zYHp Link-module_linkPrimary__yCQng">Degu</a></li><li class="CategoryFlyout-module_groupHeader__pGxMZ"><a href="/shop/small_pets/chinchillas" data-zta="category-flyout-animal-level3-link" data-link-type="primary" class="Link-module_link__35Vo1 Link-module_linkEllipsis__om-ux Link-module_linkBold__1zYHp Link-module_linkPrimary__yCQng">Chinchilla</a></li><li class="CategoryFlyout-module_groupHeader__pGxMZ"><a href="/shop/small_pets/ferret" data-zta="category-flyout-animal-level3-link" data-link-type="primary" class="Link-module_link__35Vo1 Link-module_linkEllipsis__om-ux Link-module_linkBold__1zYHp Link-module_linkPrimary__yCQng">Ferret</a></li></ul><ul class="CategoryFlyout-module_animalPanelGroup__5uS8W" id="header-category-flyout-animal-special-offer-links-Small-Pet"><li class="CategoryFlyout-module_groupHeader__pGxMZ"><a href="/specials/small_pets/special_offers/cages_and_pens/34887" data-zta="category-flyout-animal-special-offer-link" data-link-type="offer" class="Link-module_link__35Vo1 Link-module_linkEllipsis__om-ux Link-module_linkBold__1zYHp Link-module_linkOffer__5eMqu">Small Pet Special Offers</a></li><li class="CategoryFlyout-module_groupHeader__pGxMZ"><a href="/specials/small_pets/new_products" data-zta="category-flyout-animal-special-offer-link" data-link-type="offer" class="Link-module_link__35Vo1 Link-module_linkEllipsis__om-ux Link-module_linkBold__1zYHp Link-module_linkOffer__5eMqu">Small Pet New Products</a></li></ul></div></div></div><div data-zta="LayoutContainerUIC" data-variant="narrow" class="CategoryFlyout-module_flyOut__07b7z z-layout-container z-layout-container--narrow" id="header-category-flyout" style="--header-category-flyout-display-flag:none"><div class="CategoryFlyout-module_flyOutContainer__mUJsx"><div class="CategoryFlyout-module_groupHeader__pGxMZ CategoryFlyout-module_groupHeaderMain__GkvMC"><a href="/shop/birds" data-zta="category-flyout-animal-level2-link" data-link-type="primary" class="Link-module_link__35Vo1 Link-module_linkBold__1zYHp Link-module_linkHeading__wM1bP Link-module_linkPrimary__yCQng">Bird Supplies &amp; Accessories</a></div><div class="CategoryFlyout-module_animalPanel__TrJ4O"><ul id="header-category-flyout-animal-level4-links-Bird-0-Bird-Food" class="CategoryFlyout-module_animalPanelGroup__5uS8W"><li class="CategoryFlyout-module_groupHeader__pGxMZ"><a href="/shop/birds/bird_food" data-zta="category-flyout-animal-group-header" data-link-type="primary" class="Link-module_link__35Vo1 Link-module_linkBold__1zYHp Link-module_linkPrimary__yCQng" aria-label="group-header">Bird Food</a></li><li class="CategoryFlyout-module_groupItem__Iy0FX"><a href="/shop/birds/bird_food/all_products" data-zta="category-flyout-animal-level4-link" data-link-type="neutral" class="Link-module_link__35Vo1 Link-module_linkPadding__37gME Link-module_linkEllipsis__om-ux Link-module_linkNeutral__xXpzG">All Bird Food</a></li><li class="CategoryFlyout-module_groupItem__Iy0FX"><a href="/shop/birds/bird_food/wild_birds" data-zta="category-flyout-animal-level4-link" data-link-type="neutral" class="Link-module_link__35Vo1 Link-module_linkPadding__37gME Link-module_linkEllipsis__om-ux Link-module_linkNeutral__xXpzG">Wild Bird Food</a></li><li class="CategoryFlyout-module_groupItem__Iy0FX"><a href="/shop/birds/bird_food/lillebro" data-zta="category-flyout-animal-level4-link" data-link-type="neutral" class="Link-module_link__35Vo1 Link-module_linkPadding__37gME Link-module_linkEllipsis__om-ux Link-module_linkNeutral__xXpzG">Lillebro</a></li><li class="CategoryFlyout-module_groupFooter__Z5B1f"><a href="/shop/birds/bird_food" data-zta="category-flyout-animal-group-footer" data-link-type="primary" class="Link-module_link__35Vo1 Link-module_linkBold__1zYHp Link-module_linkPrimary__yCQng" aria-label="group-footer">View all</a></li></ul><ul id="header-category-flyout-animal-level4-links-Bird-1-Bird-Cages" class="CategoryFlyout-module_animalPanelGroup__5uS8W"><li class="CategoryFlyout-module_groupHeader__pGxMZ"><a href="/shop/birds/bird_cages_and_accessories" data-zta="category-flyout-animal-group-header" data-link-type="primary" class="Link-module_link__35Vo1 Link-module_linkBold__1zYHp Link-module_linkPrimary__yCQng" aria-label="group-header">Bird Cages</a></li><li class="CategoryFlyout-module_groupItem__Iy0FX"><a href="/shop/birds/bird_cages_and_accessories/all_cages" data-zta="category-flyout-animal-level4-link" data-link-type="neutral" class="Link-module_link__35Vo1 Link-module_linkPadding__37gME Link-module_linkEllipsis__om-ux Link-module_linkNeutral__xXpzG">All Bird&nbsp;Cages</a></li><li class="CategoryFlyout-module_groupItem__Iy0FX"><a href="/shop/birds/bird_cages_and_accessories/aviaries" data-zta="category-flyout-animal-level4-link" data-link-type="neutral" class="Link-module_link__35Vo1 Link-module_linkPadding__37gME Link-module_linkEllipsis__om-ux Link-module_linkNeutral__xXpzG">Aviaries</a></li><li class="CategoryFlyout-module_groupItem__Iy0FX"><a href="/shop/birds/bird_cages_and_accessories/parakeet_cages" data-zta="category-flyout-animal-level4-link" data-link-type="neutral" class="Link-module_link__35Vo1 Link-module_linkPadding__37gME Link-module_linkEllipsis__om-ux Link-module_linkNeutral__xXpzG">Budgie Cages</a></li><li class="CategoryFlyout-module_groupItem__Iy0FX"><a href="/shop/birds/bird_cages_and_accessories/canary_cages" data-zta="category-flyout-animal-level4-link" data-link-type="neutral" class="Link-module_link__35Vo1 Link-module_linkPadding__37gME Link-module_linkEllipsis__om-ux Link-module_linkNeutral__xXpzG">Canary Cages</a></li><li class="CategoryFlyout-module_groupItem__Iy0FX"><a href="/shop/birds/bird_cages_and_accessories/ferplast" data-zta="category-flyout-animal-level4-link" data-link-type="neutral" class="Link-module_link__35Vo1 Link-module_linkPadding__37gME Link-module_linkEllipsis__om-ux Link-module_linkNeutral__xXpzG">Ferplast Bird Cages</a></li><li class="CategoryFlyout-module_groupFooter__Z5B1f"><a href="/shop/birds/bird_cages_and_accessories" data-zta="category-flyout-animal-group-footer" data-link-type="primary" class="Link-module_link__35Vo1 Link-module_linkBold__1zYHp Link-module_linkPrimary__yCQng" aria-label="group-footer">View all</a></li></ul><ul class="CategoryFlyout-module_animalPanelGroup__5uS8W" id="header-category-flyout-animal-level3-links-Bird"><li class="CategoryFlyout-module_groupHeader__pGxMZ"><a href="/shop/birds/cage_accessories" data-zta="category-flyout-animal-level3-link" data-link-type="primary" class="Link-module_link__35Vo1 Link-module_linkEllipsis__om-ux Link-module_linkBold__1zYHp Link-module_linkPrimary__yCQng">Bird Cage Accessories</a></li><li class="CategoryFlyout-module_groupHeader__pGxMZ"><a href="/shop/birds/snacks_and_supplements" data-zta="category-flyout-animal-level3-link" data-link-type="primary" class="Link-module_link__35Vo1 Link-module_linkEllipsis__om-ux Link-module_linkBold__1zYHp Link-module_linkPrimary__yCQng">Bird Snacks &amp; Crackers</a></li><li class="CategoryFlyout-module_groupHeader__pGxMZ"><a href="/shop/birds/toys" data-zta="category-flyout-animal-level3-link" data-link-type="primary" class="Link-module_link__35Vo1 Link-module_linkEllipsis__om-ux Link-module_linkBold__1zYHp Link-module_linkPrimary__yCQng">Bird Toys</a></li><li class="CategoryFlyout-module_groupHeader__pGxMZ"><a href="/shop/birds/bedding_and_litter" data-zta="category-flyout-animal-level3-link" data-link-type="primary" class="Link-module_link__35Vo1 Link-module_linkEllipsis__om-ux Link-module_linkBold__1zYHp Link-module_linkPrimary__yCQng">Bird Cage Bedding &amp; Litter</a></li><li class="CategoryFlyout-module_groupHeader__pGxMZ"><a href="/shop/birds/wild_birds" data-zta="category-flyout-animal-level3-link" data-link-type="primary" class="Link-module_link__35Vo1 Link-module_linkEllipsis__om-ux Link-module_linkBold__1zYHp Link-module_linkPrimary__yCQng">Garden Birds &amp; Wildlife Food</a></li></ul><ul class="CategoryFlyout-module_animalPanelGroup__5uS8W" id="header-category-flyout-animal-special-offer-links-Bird"><li class="CategoryFlyout-module_groupHeader__pGxMZ"><a href="/specials/birds/special_offers" data-zta="category-flyout-animal-special-offer-link" data-link-type="offer" class="Link-module_link__35Vo1 Link-module_linkEllipsis__om-ux Link-module_linkBold__1zYHp Link-module_linkOffer__5eMqu">Bird Special Offers</a></li><li class="CategoryFlyout-module_groupHeader__pGxMZ"><a href="/specials/birds/new_products" data-zta="category-flyout-animal-special-offer-link" data-link-type="offer" class="Link-module_link__35Vo1 Link-module_linkEllipsis__om-ux Link-module_linkBold__1zYHp Link-module_linkOffer__5eMqu">Bird New Products</a></li></ul></div></div></div><div data-zta="LayoutContainerUIC" data-variant="narrow" class="CategoryFlyout-module_flyOut__07b7z z-layout-container z-layout-container--narrow" id="header-category-flyout" style="--header-category-flyout-display-flag:none"><div class="CategoryFlyout-module_flyOutContainer__mUJsx"><div class="CategoryFlyout-module_groupHeader__pGxMZ CategoryFlyout-module_groupHeaderMain__GkvMC"><a href="/shop/veterinary_food" data-zta="category-flyout-animal-level2-link" data-link-type="primary" class="Link-module_link__35Vo1 Link-module_linkBold__1zYHp Link-module_linkHeading__wM1bP Link-module_linkPrimary__yCQng">Veterinary and Specialist Diet Food</a></div><div class="CategoryFlyout-module_animalPanel__TrJ4O"><ul id="header-category-flyout-animal-level4-links-+-Vet-0-Dog-Vet-Food-&amp;-Specialist-Food" class="CategoryFlyout-module_animalPanelGroup__5uS8W"><li class="CategoryFlyout-module_groupHeader__pGxMZ"><a href="/shop/veterinary_food/dog_vet_food" data-zta="category-flyout-animal-group-header" data-link-type="primary" class="Link-module_link__35Vo1 Link-module_linkBold__1zYHp Link-module_linkPrimary__yCQng" aria-label="group-header">Dog Vet Food &amp; Specialist Food</a></li><li class="CategoryFlyout-module_groupItem__Iy0FX"><a href="/shop/veterinary_food/dog_vet_food/royal_canin_veterinary_food" data-zta="category-flyout-animal-level4-link" data-link-type="neutral" class="Link-module_link__35Vo1 Link-module_linkPadding__37gME Link-module_linkEllipsis__om-ux Link-module_linkNeutral__xXpzG">Royal Canin Veterinary</a></li><li class="CategoryFlyout-module_groupItem__Iy0FX"><a href="/shop/veterinary_food/dog_vet_food/hills_prescription_food" data-zta="category-flyout-animal-level4-link" data-link-type="neutral" class="Link-module_link__35Vo1 Link-module_linkPadding__37gME Link-module_linkEllipsis__om-ux Link-module_linkNeutral__xXpzG">Hill's Prescription Diet Canine</a></li><li class="CategoryFlyout-module_groupItem__Iy0FX"><a href="/shop/veterinary_food/dog_vet_food/concept_life_life_veterinary_dog" data-zta="category-flyout-animal-level4-link" data-link-type="neutral" class="Link-module_link__35Vo1 Link-module_linkPadding__37gME Link-module_linkEllipsis__om-ux Link-module_linkNeutral__xXpzG">Concept for Life Veterinary Diet </a></li><li class="CategoryFlyout-module_groupItem__Iy0FX"><a href="/shop/veterinary_food/dog_vet_food/eukanuba_vet_diet" data-zta="category-flyout-animal-level4-link" data-link-type="neutral" class="Link-module_link__35Vo1 Link-module_linkPadding__37gME Link-module_linkEllipsis__om-ux Link-module_linkNeutral__xXpzG">Eukanuba Veterinary Diet</a></li><li class="CategoryFlyout-module_groupItem__Iy0FX"><a href="/shop/veterinary_food/dog_vet_food/integra_vet_food" data-zta="category-flyout-animal-level4-link" data-link-type="neutral" class="Link-module_link__35Vo1 Link-module_linkPadding__37gME Link-module_linkEllipsis__om-ux Link-module_linkNeutral__xXpzG">Integra Protect</a></li><li class="CategoryFlyout-module_groupItem__Iy0FX"><a href="/shop/veterinary_food/dog_vet_food/purina_vet_food" data-zta="category-flyout-animal-level4-link" data-link-type="neutral" class="Link-module_link__35Vo1 Link-module_linkPadding__37gME Link-module_linkEllipsis__om-ux Link-module_linkNeutral__xXpzG">Purina Veterinary Diet</a></li><li class="CategoryFlyout-module_groupItem__Iy0FX"><a href="/shop/veterinary_food/dog_vet_food/rinti_canine_vet_food" data-zta="category-flyout-animal-level4-link" data-link-type="neutral" class="Link-module_link__35Vo1 Link-module_linkPadding__37gME Link-module_linkEllipsis__om-ux Link-module_linkNeutral__xXpzG">Rinti Canine (formerly Reddy)</a></li><li class="CategoryFlyout-module_groupItem__Iy0FX"><a href="/shop/veterinary_food/dog_vet_food/rocco_diet_care" data-zta="category-flyout-animal-level4-link" data-link-type="neutral" class="Link-module_link__35Vo1 Link-module_linkPadding__37gME Link-module_linkEllipsis__om-ux Link-module_linkNeutral__xXpzG">Rocco Diet Care</a></li><li class="CategoryFlyout-module_groupFooter__Z5B1f"><a href="/shop/veterinary_food/dog_vet_food" data-zta="category-flyout-animal-group-footer" data-link-type="primary" class="Link-module_link__35Vo1 Link-module_linkBold__1zYHp Link-module_linkPrimary__yCQng" aria-label="group-footer">View all</a></li></ul><ul id="header-category-flyout-animal-level4-links-+-Vet-1-Cat-Vet-Food-&amp;-Specialist-Food" class="CategoryFlyout-module_animalPanelGroup__5uS8W"><li class="CategoryFlyout-module_groupHeader__pGxMZ"><a href="/shop/veterinary_food/cat_vet_food" data-zta="category-flyout-animal-group-header" data-link-type="primary" class="Link-module_link__35Vo1 Link-module_linkBold__1zYHp Link-module_linkPrimary__yCQng" aria-label="group-header">Cat Vet Food &amp; Specialist Food</a></li><li class="CategoryFlyout-module_groupItem__Iy0FX"><a href="/shop/veterinary_food/cat_vet_food/royal_canin_feline_vet_food" data-zta="category-flyout-animal-level4-link" data-link-type="neutral" class="Link-module_link__35Vo1 Link-module_linkPadding__37gME Link-module_linkEllipsis__om-ux Link-module_linkNeutral__xXpzG">Royal Canin Veterinary</a></li><li class="CategoryFlyout-module_groupItem__Iy0FX"><a href="/shop/veterinary_food/cat_vet_food/hills_prescription_food" data-zta="category-flyout-animal-level4-link" data-link-type="neutral" class="Link-module_link__35Vo1 Link-module_linkPadding__37gME Link-module_linkEllipsis__om-ux Link-module_linkNeutral__xXpzG">Hill's Prescription Diet</a></li><li class="CategoryFlyout-module_groupItem__Iy0FX"><a href="/shop/veterinary_food/cat_vet_food/purina_veterinary_diets" data-zta="category-flyout-animal-level4-link" data-link-type="neutral" class="Link-module_link__35Vo1 Link-module_linkPadding__37gME Link-module_linkEllipsis__om-ux Link-module_linkNeutral__xXpzG">Purina Veterinary Diets</a></li><li class="CategoryFlyout-module_groupItem__Iy0FX"><a href="/shop/veterinary_food/cat_vet_food/specific_vet_food" data-zta="category-flyout-animal-level4-link" data-link-type="neutral" class="Link-module_link__35Vo1 Link-module_linkPadding__37gME Link-module_linkEllipsis__om-ux Link-module_linkNeutral__xXpzG">Specific Veterinary Diet</a></li><li class="CategoryFlyout-module_groupItem__Iy0FX"><a href="/shop/veterinary_food/cat_vet_food/beaphar" data-zta="category-flyout-animal-level4-link" data-link-type="neutral" class="Link-module_link__35Vo1 Link-module_linkPadding__37gME Link-module_linkEllipsis__om-ux Link-module_linkNeutral__xXpzG">beaphar Special Diet</a></li><li class="CategoryFlyout-module_groupItem__Iy0FX"><a href="/shop/veterinary_food/cat_vet_food/concept_life_life_veterinary_cat" data-zta="category-flyout-animal-level4-link" data-link-type="neutral" class="Link-module_link__35Vo1 Link-module_linkPadding__37gME Link-module_linkEllipsis__om-ux Link-module_linkNeutral__xXpzG">Concept for Life Veterinary Diet </a></li><li class="CategoryFlyout-module_groupItem__Iy0FX"><a href="/shop/veterinary_food/cat_vet_food/integra_vet_food" data-zta="category-flyout-animal-level4-link" data-link-type="neutral" class="Link-module_link__35Vo1 Link-module_linkPadding__37gME Link-module_linkEllipsis__om-ux Link-module_linkNeutral__xXpzG">Integra Protect</a></li><li class="CategoryFlyout-module_groupItem__Iy0FX"><a href="/shop/veterinary_food/cat_vet_food/kattovit_vet_food" data-zta="category-flyout-animal-level4-link" data-link-type="neutral" class="Link-module_link__35Vo1 Link-module_linkPadding__37gME Link-module_linkEllipsis__om-ux Link-module_linkNeutral__xXpzG">Kattovit</a></li><li class="CategoryFlyout-module_groupItem__Iy0FX"><a href="/shop/veterinary_food/cat_vet_food/smilla_vet_food" data-zta="category-flyout-animal-level4-link" data-link-type="neutral" class="Link-module_link__35Vo1 Link-module_linkPadding__37gME Link-module_linkEllipsis__om-ux Link-module_linkNeutral__xXpzG">Smilla Veterinary Diet</a></li><li class="CategoryFlyout-module_groupFooter__Z5B1f"><a href="/shop/veterinary_food/cat_vet_food" data-zta="category-flyout-animal-group-footer" data-link-type="primary" class="Link-module_link__35Vo1 Link-module_linkBold__1zYHp Link-module_linkPrimary__yCQng" aria-label="group-footer">View all</a></li></ul><ul class="CategoryFlyout-module_animalPanelGroup__5uS8W" id="header-category-flyout-animal-level3-links-+-Vet"><li class="CategoryFlyout-module_groupHeader__pGxMZ"><a href="/shop/veterinary_food/ailments" data-zta="category-flyout-animal-level3-link" data-link-type="primary" class="Link-module_link__35Vo1 Link-module_linkEllipsis__om-ux Link-module_linkBold__1zYHp Link-module_linkPrimary__yCQng">Food by Veterinary Conditions</a></li><li class="CategoryFlyout-module_groupHeader__pGxMZ"><a href="/shop/veterinary_food/flea_tick_treatment" data-zta="category-flyout-animal-level3-link" data-link-type="primary" class="Link-module_link__35Vo1 Link-module_linkEllipsis__om-ux Link-module_linkBold__1zYHp Link-module_linkPrimary__yCQng">Flea, Tick &amp; Wormer Treatments</a></li></ul><ul class="CategoryFlyout-module_animalPanelGroup__5uS8W" id="header-category-flyout-animal-special-offer-links-+-Vet"></ul></div></div></div><div data-zta="LayoutContainerUIC" data-variant="narrow" class="CategoryFlyout-module_flyOut__07b7z z-layout-container z-layout-container--narrow" id="header-category-flyout" style="--header-category-flyout-display-flag:none"><div class="CategoryFlyout-module_flyOutContainer__mUJsx"><div class="CategoryFlyout-module_groupHeader__pGxMZ CategoryFlyout-module_groupHeaderMain__GkvMC"><a href="/shop/pet_food" data-zta="category-flyout-topBrands-level2-link" data-link-type="primary" class="Link-module_link__35Vo1 Link-module_linkBold__1zYHp Link-module_linkHeading__wM1bP Link-module_linkPrimary__yCQng">Shop by Brand for Pet Food &amp; Accessories</a></div><ul id="header-category-flyout-topBrands-level3-links" class="CategoryFlyout-module_topBrandsPanel__rAuNR"><li class="CategoryFlyout-module_groupHeader__pGxMZ"><a href="/shop/pet_food/almsonature" data-zta="category-flyout-topBrands-level3-link" data-link-type="neutral" class="Link-module_link__35Vo1 Link-module_linkEllipsis__om-ux Link-module_linkNeutral__xXpzG">Almo Nature</a></li><li class="CategoryFlyout-module_groupHeader__pGxMZ"><a href="/shop/pet_food/animonda_pet_food" data-zta="category-flyout-topBrands-level3-link" data-link-type="neutral" class="Link-module_link__35Vo1 Link-module_linkEllipsis__om-ux Link-module_linkNeutral__xXpzG">Animonda</a></li><li class="CategoryFlyout-module_groupHeader__pGxMZ"><a href="/shop/pet_food/applaws_pet_food" data-zta="category-flyout-topBrands-level3-link" data-link-type="neutral" class="Link-module_link__35Vo1 Link-module_linkEllipsis__om-ux Link-module_linkNeutral__xXpzG">Applaws</a></li><li class="CategoryFlyout-module_groupHeader__pGxMZ"><a href="/shop/pet_food/arden_grange" data-zta="category-flyout-topBrands-level3-link" data-link-type="neutral" class="Link-module_link__35Vo1 Link-module_linkEllipsis__om-ux Link-module_linkNeutral__xXpzG">Arden Grange</a></li><li class="CategoryFlyout-module_groupHeader__pGxMZ"><a href="/shop/pet_food/burns_" data-zta="category-flyout-topBrands-level3-link" data-link-type="neutral" class="Link-module_link__35Vo1 Link-module_linkEllipsis__om-ux Link-module_linkNeutral__xXpzG">Burns</a></li><li class="CategoryFlyout-module_groupHeader__pGxMZ"><a href="/shop/pet_food/catsan" data-zta="category-flyout-topBrands-level3-link" data-link-type="neutral" class="Link-module_link__35Vo1 Link-module_linkEllipsis__om-ux Link-module_linkNeutral__xXpzG">Catsan</a></li><li class="CategoryFlyout-module_groupHeader__pGxMZ"><a href="/shop/pet_food/concept_for_life_range" data-zta="category-flyout-topBrands-level3-link" data-link-type="neutral" class="Link-module_link__35Vo1 Link-module_linkEllipsis__om-ux Link-module_linkNeutral__xXpzG">Concept for Life</a></li><li class="CategoryFlyout-module_groupHeader__pGxMZ"><a href="/shop/pet_food/cosma" data-zta="category-flyout-topBrands-level3-link" data-link-type="neutral" class="Link-module_link__35Vo1 Link-module_linkEllipsis__om-ux Link-module_linkNeutral__xXpzG">Cosma</a></li><li class="CategoryFlyout-module_groupHeader__pGxMZ"><a href="/shop/pet_food/crave" data-zta="category-flyout-topBrands-level3-link" data-link-type="neutral" class="Link-module_link__35Vo1 Link-module_linkEllipsis__om-ux Link-module_linkNeutral__xXpzG">Crave</a></li><li class="CategoryFlyout-module_groupHeader__pGxMZ"><a href="/shop/pet_food/dreamies" data-zta="category-flyout-topBrands-level3-link" data-link-type="neutral" class="Link-module_link__35Vo1 Link-module_linkEllipsis__om-ux Link-module_linkNeutral__xXpzG">Dreamies</a></li><li class="CategoryFlyout-module_groupHeader__pGxMZ"><a href="/shop/pet_food/eukanuba_" data-zta="category-flyout-topBrands-level3-link" data-link-type="neutral" class="Link-module_link__35Vo1 Link-module_linkEllipsis__om-ux Link-module_linkNeutral__xXpzG">Eukanuba</a></li><li class="CategoryFlyout-module_groupHeader__pGxMZ"><a href="/shop/pet_food/felix" data-zta="category-flyout-topBrands-level3-link" data-link-type="neutral" class="Link-module_link__35Vo1 Link-module_linkEllipsis__om-ux Link-module_linkNeutral__xXpzG">Felix</a></li><li class="CategoryFlyout-module_groupHeader__pGxMZ"><a href="/shop/pet_food/feringa" data-zta="category-flyout-topBrands-level3-link" data-link-type="neutral" class="Link-module_link__35Vo1 Link-module_linkEllipsis__om-ux Link-module_linkNeutral__xXpzG">Feringa</a></li><li class="CategoryFlyout-module_groupHeader__pGxMZ"><a href="/shop/pet_food/frontline" data-zta="category-flyout-topBrands-level3-link" data-link-type="neutral" class="Link-module_link__35Vo1 Link-module_linkEllipsis__om-ux Link-module_linkNeutral__xXpzG">FRONTLINE®</a></li><li class="CategoryFlyout-module_groupHeader__pGxMZ"><a href="/shop/pet_food/gourmet" data-zta="category-flyout-topBrands-level3-link" data-link-type="neutral" class="Link-module_link__35Vo1 Link-module_linkEllipsis__om-ux Link-module_linkNeutral__xXpzG">Gourmet</a></li><li class="CategoryFlyout-module_groupHeader__pGxMZ"><a href="/shop/pet_food/hills_pet" data-zta="category-flyout-topBrands-level3-link" data-link-type="neutral" class="Link-module_link__35Vo1 Link-module_linkEllipsis__om-ux Link-module_linkNeutral__xXpzG">Hill's</a></li><li class="CategoryFlyout-module_groupHeader__pGxMZ"><a href="/shop/pet_food/hills_prescription_diet" data-zta="category-flyout-topBrands-level3-link" data-link-type="neutral" class="Link-module_link__35Vo1 Link-module_linkEllipsis__om-ux Link-module_linkNeutral__xXpzG">Hill's Prescription Diet</a></li><li class="CategoryFlyout-module_groupHeader__pGxMZ"><a href="/shop/pet_food/iams_pet" data-zta="category-flyout-topBrands-level3-link" data-link-type="neutral" class="Link-module_link__35Vo1 Link-module_linkEllipsis__om-ux Link-module_linkNeutral__xXpzG">IAMS </a></li><li class="CategoryFlyout-module_groupHeader__pGxMZ"><a href="/shop/pet_food/jameswelbeloved" data-zta="category-flyout-topBrands-level3-link" data-link-type="neutral" class="Link-module_link__35Vo1 Link-module_linkEllipsis__om-ux Link-module_linkNeutral__xXpzG">James Wellbeloved</a></li><li class="CategoryFlyout-module_groupHeader__pGxMZ"><a href="/shop/pet_food/lilys_kitchen" data-zta="category-flyout-topBrands-level3-link" data-link-type="neutral" class="Link-module_link__35Vo1 Link-module_linkEllipsis__om-ux Link-module_linkNeutral__xXpzG">Lily's Kitchen</a></li><li class="CategoryFlyout-module_groupHeader__pGxMZ"><a href="/shop/pet_food/lukullus_food" data-zta="category-flyout-topBrands-level3-link" data-link-type="neutral" class="Link-module_link__35Vo1 Link-module_linkEllipsis__om-ux Link-module_linkNeutral__xXpzG">Lukullus</a></li><li class="CategoryFlyout-module_groupHeader__pGxMZ"><a href="/shop/pet_food/pedigree" data-zta="category-flyout-topBrands-level3-link" data-link-type="neutral" class="Link-module_link__35Vo1 Link-module_linkEllipsis__om-ux Link-module_linkNeutral__xXpzG">Pedigree</a></li><li class="CategoryFlyout-module_groupHeader__pGxMZ"><a href="/shop/pet_food/perfect_fit" data-zta="category-flyout-topBrands-level3-link" data-link-type="neutral" class="Link-module_link__35Vo1 Link-module_linkEllipsis__om-ux Link-module_linkNeutral__xXpzG">Perfect Fit</a></li><li class="CategoryFlyout-module_groupHeader__pGxMZ"><a href="/shop/pet_food/pro_plan_veterinary_diets" data-zta="category-flyout-topBrands-level3-link" data-link-type="neutral" class="Link-module_link__35Vo1 Link-module_linkEllipsis__om-ux Link-module_linkNeutral__xXpzG">Pro Plan Veterinary Diets</a></li><li class="CategoryFlyout-module_groupHeader__pGxMZ"><a href="/shop/pet_food/purina_one" data-zta="category-flyout-topBrands-level3-link" data-link-type="neutral" class="Link-module_link__35Vo1 Link-module_linkEllipsis__om-ux Link-module_linkNeutral__xXpzG">Purina ONE</a></li><li class="CategoryFlyout-module_groupHeader__pGxMZ"><a href="/shop/pet_food/purina" data-zta="category-flyout-topBrands-level3-link" data-link-type="neutral" class="Link-module_link__35Vo1 Link-module_linkEllipsis__om-ux Link-module_linkNeutral__xXpzG">Purina Pro Plan</a></li><li class="CategoryFlyout-module_groupHeader__pGxMZ"><a href="/shop/pet_food/purizon" data-zta="category-flyout-topBrands-level3-link" data-link-type="neutral" class="Link-module_link__35Vo1 Link-module_linkEllipsis__om-ux Link-module_linkNeutral__xXpzG">Purizon</a></li><li class="CategoryFlyout-module_groupHeader__pGxMZ"><a href="/shop/pet_food/rosies_farm" data-zta="category-flyout-topBrands-level3-link" data-link-type="neutral" class="Link-module_link__35Vo1 Link-module_linkEllipsis__om-ux Link-module_linkNeutral__xXpzG">Rosie's Farm</a></li><li class="CategoryFlyout-module_groupHeader__pGxMZ"><a href="/shop/pet_food/royal_canin_food" data-zta="category-flyout-topBrands-level3-link" data-link-type="neutral" class="Link-module_link__35Vo1 Link-module_linkEllipsis__om-ux Link-module_linkNeutral__xXpzG">Royal Canin</a></li><li class="CategoryFlyout-module_groupHeader__pGxMZ"><a href="/shop/pet_food/royal_canin_veterinary_diet" data-zta="category-flyout-topBrands-level3-link" data-link-type="neutral" class="Link-module_link__35Vo1 Link-module_linkEllipsis__om-ux Link-module_linkNeutral__xXpzG">Royal Canin Veterinary</a></li><li class="CategoryFlyout-module_groupHeader__pGxMZ"><a href="/shop/pet_food/sanabelle" data-zta="category-flyout-topBrands-level3-link" data-link-type="neutral" class="Link-module_link__35Vo1 Link-module_linkEllipsis__om-ux Link-module_linkNeutral__xXpzG">Sanabelle</a></li><li class="CategoryFlyout-module_groupHeader__pGxMZ"><a href="/shop/pet_food/sanicat" data-zta="category-flyout-topBrands-level3-link" data-link-type="neutral" class="Link-module_link__35Vo1 Link-module_linkEllipsis__om-ux Link-module_linkNeutral__xXpzG">Sanicat</a></li><li class="CategoryFlyout-module_groupHeader__pGxMZ"><a href="/shop/pet_food/sheba_brand" data-zta="category-flyout-topBrands-level3-link" data-link-type="neutral" class="Link-module_link__35Vo1 Link-module_linkEllipsis__om-ux Link-module_linkNeutral__xXpzG">Sheba</a></li><li class="CategoryFlyout-module_groupHeader__pGxMZ"><a href="/shop/pet_food/super_benek" data-zta="category-flyout-topBrands-level3-link" data-link-type="neutral" class="Link-module_link__35Vo1 Link-module_linkEllipsis__om-ux Link-module_linkNeutral__xXpzG">Super Benek</a></li><li class="CategoryFlyout-module_groupHeader__pGxMZ"><a href="/shop/pet_food/taste_of_the_wild" data-zta="category-flyout-topBrands-level3-link" data-link-type="neutral" class="Link-module_link__35Vo1 Link-module_linkEllipsis__om-ux Link-module_linkNeutral__xXpzG">Taste of the Wild</a></li><li class="CategoryFlyout-module_groupHeader__pGxMZ"><a href="/shop/pet_food/thrive" data-zta="category-flyout-topBrands-level3-link" data-link-type="neutral" class="Link-module_link__35Vo1 Link-module_linkEllipsis__om-ux Link-module_linkNeutral__xXpzG">thrive</a></li><li class="CategoryFlyout-module_groupHeader__pGxMZ"><a href="/shop/pet_food/whiskas" data-zta="category-flyout-topBrands-level3-link" data-link-type="neutral" class="Link-module_link__35Vo1 Link-module_linkEllipsis__om-ux Link-module_linkNeutral__xXpzG">Whiskas</a></li><li class="CategoryFlyout-module_groupHeader__pGxMZ"><a href="/shop/pet_food/wolf_of_wilderness_range" data-zta="category-flyout-topBrands-level3-link" data-link-type="neutral" class="Link-module_link__35Vo1 Link-module_linkEllipsis__om-ux Link-module_linkNeutral__xXpzG">Wolf of Wilderness</a></li><li class="CategoryFlyout-module_groupHeader__pGxMZ"><a href="/shop/pet_food/brands" data-zta="category-flyout-topBrands-level3-link" data-link-type="neutral" class="Link-module_link__35Vo1 Link-module_linkEllipsis__om-ux Link-module_linkNeutral__xXpzG">More Brands</a></li></ul></div></div><div data-zta="LayoutContainerUIC" data-variant="narrow" class="CategoryFlyout-module_flyOut__07b7z z-layout-container z-layout-container--narrow" id="header-category-flyout" style="--header-category-flyout-display-flag:none"><div class="CategoryFlyout-module_flyOutContainer__mUJsx"><div class="CategoryFlyout-module_groupHeader__pGxMZ CategoryFlyout-module_groupHeaderMain__GkvMC CategoryFlyout-module_groupHeaderSpecialOffer__W1yev"><a href="/shop/pet_supplies_specials" data-zta="category-flyout-specialOffers-level2-link" data-link-type="primary" class="Link-module_link__35Vo1 Link-module_linkBold__1zYHp Link-module_linkHeading__wM1bP Link-module_linkPrimary__yCQng">Pet supplies at their very best for you!</a></div><div class="CategoryFlyout-module_animalPanel__TrJ4O CategoryFlyout-module_animalPanelSpecialOffer__hZv87"><div class="CategoryFlyout-module_specialsPanelGroup__w8eJ9"><ul class="CategoryFlyout-module_grouped__L9XpS" id="header-category-flyout-specialOffer-level3-links"><li class="CategoryFlyout-module_groupHeader__pGxMZ"><a href="/shop/pet_supplies_specials/new_food_offers" data-zta="category-flyout-specialOffer-level3-link" data-link-type="primary" class="Link-module_link__35Vo1 Link-module_linkPadding__37gME Link-module_linkEllipsis__om-ux Link-module_linkBold__1zYHp Link-module_linkPrimary__yCQng">September Food Offers</a></li><li class="CategoryFlyout-module_groupHeader__pGxMZ"><a href="/shop/pet_supplies_specials/new_products" data-zta="category-flyout-specialOffer-level3-link" data-link-type="primary" class="Link-module_link__35Vo1 Link-module_linkPadding__37gME Link-module_linkEllipsis__om-ux Link-module_linkBold__1zYHp Link-module_linkPrimary__yCQng">NEW at zooplus!</a></li><li class="CategoryFlyout-module_groupHeader__pGxMZ"><a href="/shop/pet_supplies_specials/sale" data-zta="category-flyout-specialOffer-level3-link" data-link-type="offer" class="Link-module_link__35Vo1 Link-module_linkPadding__37gME Link-module_linkEllipsis__om-ux Link-module_linkBold__1zYHp Link-module_linkOffer__5eMqu">Clearance Sale</a></li><li class="CategoryFlyout-module_groupHeader__pGxMZ"><a href="/shop/pet_supplies_specials/couponcodes" data-zta="category-flyout-specialOffer-level3-link" data-link-type="primary" class="Link-module_link__35Vo1 Link-module_linkPadding__37gME Link-module_linkEllipsis__om-ux Link-module_linkBold__1zYHp Link-module_linkPrimary__yCQng">Exclusive Coupons &amp; Offers</a></li><li class="CategoryFlyout-module_groupHeader__pGxMZ"><a href="/shop/pet_supplies_specials/trial_packs" data-zta="category-flyout-specialOffer-level3-link" data-link-type="primary" class="Link-module_link__35Vo1 Link-module_linkPadding__37gME Link-module_linkEllipsis__om-ux Link-module_linkBold__1zYHp Link-module_linkPrimary__yCQng">Trial Packs</a></li><li class="CategoryFlyout-module_groupHeader__pGxMZ"><a href="/shop/pet_supplies_specials/dog_life_stages_puppy_senior" data-zta="category-flyout-specialOffer-level3-link" data-link-type="primary" class="Link-module_link__35Vo1 Link-module_linkPadding__37gME Link-module_linkEllipsis__om-ux Link-module_linkBold__1zYHp Link-module_linkPrimary__yCQng">Dog Life Stages</a></li><li class="CategoryFlyout-module_groupHeader__pGxMZ"><a href="/shop/pet_supplies_specials/cat_life_stages" data-zta="category-flyout-specialOffer-level3-link" data-link-type="primary" class="Link-module_link__35Vo1 Link-module_linkPadding__37gME Link-module_linkEllipsis__om-ux Link-module_linkBold__1zYHp Link-module_linkPrimary__yCQng">Cat Life Stages</a></li><li class="CategoryFlyout-module_groupHeader__pGxMZ"><a href="/shop/pet_supplies_specials/summer" data-zta="category-flyout-specialOffer-level3-link" data-link-type="primary" class="Link-module_link__35Vo1 Link-module_linkPadding__37gME Link-module_linkEllipsis__om-ux Link-module_linkBold__1zYHp Link-module_linkPrimary__yCQng">Summer</a></li></ul></div><div class="CategoryFlyout-module_specialsPanelGroup__w8eJ9"><ul class="CategoryFlyout-module_grouped__L9XpS" id="header-category-flyout-specialOffer-offer-link"><li class="CategoryFlyout-module_groupHeader__pGxMZ"><a href="/specials/dogs/special_offers/food/34874" data-zta="category-flyout-specialOffer-offer-link" data-link-type="primary" class="Link-module_link__35Vo1 Link-module_linkEllipsis__om-ux Link-module_linkBold__1zYHp Link-module_linkPrimary__yCQng"><svg fill="currentColor" width="24" height="24" xmlns="http://www.w3.org/2000/svg" viewBox="0 0 24 24" role="img" class="CategoryFlyout-module_percentIcon__iwUJi Icon-module_iconWarning__b-WCF Icon-module_iconAligned__kqBBE" data-zta="category-flyout-specialOffer-offer-link-percent-icon" aria-label="percent-icon"><path d="M19.496 15.254a3 3 0 1 1-4.242 4.242 3 3 0 0 1 4.242-4.242Zm.629-10.773a.75.75 0 0 1 .052.977l-.074.083-14.062 13.5a.75.75 0 0 1-1.113-1l.074-.082 14.062-13.5a.75.75 0 0 1 1.06.022Zm-3.81 11.833a1.5 1.5 0 1 0 2.224.114l-.103-.114-.114-.103a1.5 1.5 0 0 0-2.008.103ZM9.37 5.13A3 3 0 1 1 5.13 9.37 3 3 0 0 1 9.37 5.13ZM6.19 6.189a1.5 1.5 0 1 0 2.225.114L8.31 6.19l-.114-.103a1.5 1.5 0 0 0-2.008.103Z" fill-rule="evenodd"></path></svg>Dog</a></li><li class="CategoryFlyout-module_groupHeader__pGxMZ"><a href="/specials/cats/special_offers/cat_trees_/34883" data-zta="category-flyout-specialOffer-offer-link" data-link-type="primary" class="Link-module_link__35Vo1 Link-module_linkEllipsis__om-ux Link-module_linkBold__1zYHp Link-module_linkPrimary__yCQng"><svg fill="currentColor" width="24" height="24" xmlns="http://www.w3.org/2000/svg" viewBox="0 0 24 24" role="img" class="CategoryFlyout-module_percentIcon__iwUJi Icon-module_iconWarning__b-WCF Icon-module_iconAligned__kqBBE" data-zta="category-flyout-specialOffer-offer-link-percent-icon" aria-label="percent-icon"><path d="M19.496 15.254a3 3 0 1 1-4.242 4.242 3 3 0 0 1 4.242-4.242Zm.629-10.773a.75.75 0 0 1 .052.977l-.074.083-14.062 13.5a.75.75 0 0 1-1.113-1l.074-.082 14.062-13.5a.75.75 0 0 1 1.06.022Zm-3.81 11.833a1.5 1.5 0 1 0 2.224.114l-.103-.114-.114-.103a1.5 1.5 0 0 0-2.008.103ZM9.37 5.13A3 3 0 1 1 5.13 9.37 3 3 0 0 1 9.37 5.13ZM6.19 6.189a1.5 1.5 0 1 0 2.225.114L8.31 6.19l-.114-.103a1.5 1.5 0 0 0-2.008.103Z" fill-rule="evenodd"></path></svg>Cat</a></li><li class="CategoryFlyout-module_groupHeader__pGxMZ"><a href="/specials/small_pets/special_offers/cages_and_pens/34887" data-zta="category-flyout-specialOffer-offer-link" data-link-type="primary" class="Link-module_link__35Vo1 Link-module_linkEllipsis__om-ux Link-module_linkBold__1zYHp Link-module_linkPrimary__yCQng"><svg fill="currentColor" width="24" height="24" xmlns="http://www.w3.org/2000/svg" viewBox="0 0 24 24" role="img" class="CategoryFlyout-module_percentIcon__iwUJi Icon-module_iconWarning__b-WCF Icon-module_iconAligned__kqBBE" data-zta="category-flyout-specialOffer-offer-link-percent-icon" aria-label="percent-icon"><path d="M19.496 15.254a3 3 0 1 1-4.242 4.242 3 3 0 0 1 4.242-4.242Zm.629-10.773a.75.75 0 0 1 .052.977l-.074.083-14.062 13.5a.75.75 0 0 1-1.113-1l.074-.082 14.062-13.5a.75.75 0 0 1 1.06.022Zm-3.81 11.833a1.5 1.5 0 1 0 2.224.114l-.103-.114-.114-.103a1.5 1.5 0 0 0-2.008.103ZM9.37 5.13A3 3 0 1 1 5.13 9.37 3 3 0 0 1 9.37 5.13ZM6.19 6.189a1.5 1.5 0 1 0 2.225.114L8.31 6.19l-.114-.103a1.5 1.5 0 0 0-2.008.103Z" fill-rule="evenodd"></path></svg>Small Pet</a></li><li class="CategoryFlyout-module_groupHeader__pGxMZ"><a href="/specials/birds/special_offers" data-zta="category-flyout-specialOffer-offer-link" data-link-type="primary" class="Link-module_link__35Vo1 Link-module_linkEllipsis__om-ux Link-module_linkBold__1zYHp Link-module_linkPrimary__yCQng"><svg fill="currentColor" width="24" height="24" xmlns="http://www.w3.org/2000/svg" viewBox="0 0 24 24" role="img" class="CategoryFlyout-module_percentIcon__iwUJi Icon-module_iconWarning__b-WCF Icon-module_iconAligned__kqBBE" data-zta="category-flyout-specialOffer-offer-link-percent-icon" aria-label="percent-icon"><path d="M19.496 15.254a3 3 0 1 1-4.242 4.242 3 3 0 0 1 4.242-4.242Zm.629-10.773a.75.75 0 0 1 .052.977l-.074.083-14.062 13.5a.75.75 0 0 1-1.113-1l.074-.082 14.062-13.5a.75.75 0 0 1 1.06.022Zm-3.81 11.833a1.5 1.5 0 1 0 2.224.114l-.103-.114-.114-.103a1.5 1.5 0 0 0-2.008.103ZM9.37 5.13A3 3 0 1 1 5.13 9.37 3 3 0 0 1 9.37 5.13ZM6.19 6.189a1.5 1.5 0 1 0 2.225.114L8.31 6.19l-.114-.103a1.5 1.5 0 0 0-2.008.103Z" fill-rule="evenodd"></path></svg>Bird</a></li></ul></div></div></div></div></div></nav></div></header><div class="SearchBar-module_searchBarMobile__e-Uxl" data-zta="header-search-bar-mobile" id="mobileSearchBar"><div role="presentation" class="SearchBar-module_searchBarWrapper__4FlDN"><form data-zta="search_form_mobile" class="SearchBar-module_searchForm__wiD4m" name="miniSearchBox" autocomplete="off" role="search"><label for="search_query_field_mobile" class="SearchBar-module_accessibleText__x-6wN" id="search_query_field-label-mobile">Search</label><input data-zta="search_form_input_mobile" id="search_query_field_mobile" name="q" type="search" inputmode="search" placeholder="Search the store" aria-labelledby="search_query_field-label-mobile" class="SearchBar-module_searchBarInput__hERsV" value=""><button class="SearchBar-module_submitButton__DZWsQ" data-zta="search_form_button_mobile" type="submit" aria-labelledby="search_query_field-label-mobile"><svg fill="currentColor" width="24" height="24" xmlns="http://www.w3.org/2000/svg" viewBox="0 0 24 24" role="img" class="Icon-module_iconPrimary__1j-pU" aria-labelledby="search_query_field-label-mobile"><path d="M15.027 3.082a8.518 8.518 0 0 1 3.344 13.371l5.516 5.517a.75.75 0 1 1-1.06 1.06l-5.517-5.516a8.518 8.518 0 1 1-2.283-14.431ZM5.331 8.356a7.018 7.018 0 0 0 11.47 7.588l.02-.016a7.018 7.018 0 1 0-11.49-7.572Z" fill-rule="evenodd"></path></svg></button></form></div></div><div id="promobar-onsite" class="gtGreen at-element-marker"><style>

    #promobar-onsite {
        margin-top: 5px;

        display: flex;
        justify-content: center;
        align-items: center;
        align-self: stretch;
        position:relative;
    }
    #promobar-onsite a {
        color: #343332;
    }

    .gtDefault {
        background-color: rgb(250, 248, 245);
    }

    .gtGreen {
        background-color: #E6F4DA;
    }

    .gtBlue {
        background-color: #D4ECF1;
    }

    .gtRed {
        background-color: #FBD5D7;
    }

    .gtRed button {
        color:white;
        background-color:#E7131A;
    }

    .gtGreen button {
        color:white;
        background-color:#237803;
    }

    .gtBlue button {
        background-color:white;
    }

    .gtContent {
        display:flex;
        flex-direction: column;
        width:100%;
        max-width: 1024px;
        margin: 0 auto;
        justify-content: space-between;
        padding: 12px;
    }

    .gtCloseIcon {
        position: absolute;
        right: 12px;
        top: 12px;
    }

    .gtButton {
        width:100%;
        margin-right: 16px;
        margin-left: 16px;
    }

    .gtLeftBlock {
        display: flex;
        align-items: center;
        margin-bottom: 12px;
    }
    .gtRightBlock {
        display: flex;
    }

    #promobar-onsite p, #promobar-onsite h3 {
        margin:0px;
        padding: 0px;
    }

    #promobar-onsite h3 {
        font-size: 20px;
    }

    .gtIcon {
        width: 32px;
        height: 32px;
        margin-right: 12px;
    }

    /* For devices with width over 544px */
    @media (min-width: 544px) {
        .gtContent {
            padding: 16px 24px 16px 15px;
            flex-direction: row;
            align-items: center;
        }

        .gtCloseIcon {
            position:relative;
            left: 0px;
            cursor: pointer;
        }

        .gtCloseIcon svg {
            position: relative;
            bottom: 7px;
        }

        .gtLeftBlock {
            margin-bottom: 0px;
        }
    }

</style>
    <div class="gtContent">
        <div class="gtLeftBlock">
            <div class="gtIcon">
                <svg width="28" height="28" viewBox="0 0 28 28" fill="none" xmlns="http://www.w3.org/2000/svg">
                    <path d="M16.7187 1C16.7187 1 16.9629 2.42609 16.7187 3.74245C16.4557 5.16021 15.3451 6.48491 15.3451 6.48491M18.779 9.91297L20.1526 8.54175M22.625 4.77088L23.2431 3.05684M24.9601 9.22736L26.3337 8.54175M22.213 13.3411C22.213 13.3411 23.2515 13.3848 24.2733 13.7113C25.1943 14.0055 26.3337 14.7123 26.3337 14.7123M11.3597 9.36469L19.319 17.3105C20.6825 18.6716 20.1997 20.9843 18.4057 21.6867L5.31818 26.8096C3.14821 27.6591 1.00705 25.5168 1.85812 23.3479L6.98614 10.2791C7.68888 8.48815 9.99798 8.00537 11.3597 9.36469Z" stroke="#343332" stroke-width="2" stroke-linecap="round" stroke-linejoin="round"></path>
                </svg>

            </div>
            <div class="gtText">
                <h3>New look, same zooplus</h3>
                <p>Explore our latest refresh and get ready for more surprises. <a href="https://www.zooplus.co.uk/info/about/zooplus-brand">Learn more</a></p>

            </div>
        </div>
        <div class="gtRightBlock">


            <div class="gtCloseIcon">
                <svg width="24" height="24" viewBox="0 0 24 24" fill="none" xmlns="http://www.w3.org/2000/svg">
                    <g id="Slot <Icon>">
                        <path id="Shape" fill-rule="evenodd" clip-rule="evenodd" d="M3.46967 3.46967C3.76256 3.17678 4.23744 3.17678 4.53033 3.46967L12 10.9393L19.4697 3.46967C19.7626 3.17678 20.2374 3.17678 20.5303 3.46967C20.8232 3.76256 20.8232 4.23744 20.5303 4.53033L13.0607 12L20.5303 19.4697C20.8232 19.7626 20.8232 20.2374 20.5303 20.5303C20.2374 20.8232 19.7626 20.8232 19.4697 20.5303L12 13.0607L4.53033 20.5303C4.23744 20.8232 3.76256 20.8232 3.46967 20.5303C3.17678 20.2374 3.17678 19.7626 3.46967 19.4697L10.9393 12L3.46967 4.53033C3.17678 4.23744 3.17678 3.76256 3.46967 3.46967Z" fill="#343332"></path>
                    </g>
                </svg>

            </div>

        </div>
    </div></div></div></div><div data-zta="LayoutContainerUIC" data-variant="narrow" class="z-layout-container z-layout-container--narrow"><div class="container page__content" id="page-content" data-zta="page-content"><script type="application/javascript" src="https://mkt-tech.omt-services.com/main.js" defer=""></script><script type="application/json" id="productDataLayer">{"page_URL":"/shop/cats/dry_cat_food/encore/1934717","hasVideo":false,"currency":"GBP","product":{"product_id":1934717,"amount_prod_reviews":2,"average_prod_review":4},"isZooplusChoice":false,"defaultVariant":{"article_shop_id":5134158,"sku":"1934717.0","variant_id":0,"variant_price":5.79,"out_stock":false,"isArticleBasedDiscount":false,"isPersonalizedArticleBasedDiscount":false,"bestPriceArticle":false,"isSocialProofEnabled":false,"isAutoshipmentEligible":false},"variants":[{"article_shop_id":5134158,"sku":"1934717.0","variant_id":0,"variant_price":5.79,"out_stock":false,"isArticleBasedDiscount":false,"isPersonalizedArticleBasedDiscount":false,"bestPriceArticle":false,"isSocialProofEnabled":false,"isAutoshipmentEligible":false},{"article_shop_id":5134159,"sku":"1934717.1","variant_id":1,"variant_price":10.39,"out_stock":false,"isArticleBasedDiscount":false,"isPersonalizedArticleBasedDiscount":false,"bestPriceArticle":false,"isSocialProofEnabled":false,"isAutoshipmentEligible":false}]}</script><div class="PDP_list__eqqoH"><ul data-zta="breadcrumbs" class="Breadcrumbs_breadcrumbs___wdqp"><li><a data-zta="backlink" href="/shop/cats/dry_cat_food/encore#1934717" title="back" class="z-anchor"><svg fill="currentColor" width="24" height="24" xmlns="http://www.w3.org/2000/svg" viewBox="0 0 24 24" role="img" data-zta="backlink-icon"><path d="M14.234 6.22a.75.75 0 0 1 1.133.976l-.073.084-4.626 4.625 4.626 4.627a.75.75 0 0 1 .073.977l-.073.084a.75.75 0 0 1-.976.072l-.084-.072L9.32 12.68a1.093 1.093 0 0 1-.086-1.45l.085-.096 4.914-4.914Z" fill-rule="evenodd"></path></svg><span data-zta="backlink-text">back</span></a></li><li data-zta="breadcrumbs-level-1"><a data-zta="breadcrumbs-link-1" href="/" title="zooplus.co.uk" class="z-anchor Breadcrumbs_breadcrumb__cTqNS">zooplus.co.uk</a>/</li><li data-zta="breadcrumbs-level-2"><a data-zta="breadcrumbs-link-2" href="/shop/cats" title="Cat" class="z-anchor Breadcrumbs_breadcrumb__cTqNS">Cat</a>/</li><li data-zta="breadcrumbs-level-3"><a data-zta="breadcrumbs-link-3" href="/shop/cats/dry_cat_food" title="Dry Cat Food" class="z-anchor Breadcrumbs_breadcrumb__cTqNS">Dry Cat Food</a>/</li><li data-zta="breadcrumbs-level-4"><a data-zta="breadcrumbs-link-4" href="/shop/cats/dry_cat_food/encore" title="Encore" class="z-anchor Breadcrumbs_breadcrumb__cTqNS">Encore</a>/</li><li data-zta="breadcrumbs-last-title">Encore Cat Chicken with Salmon</li></ul><div class="PDPLayoutAboveTheFold_container__FB8Ix PDPLayoutAboveTheFold_list__mi6bH"><div class="ProductSummary_container__gPr98" data-zta="ProductSummary"><div data-zta="ProductTitle"><h1 data-zta="ProductTitle__Title" class="z-h1 ProductTitle_title__lyhuX">Encore Cat Chicken with Salmon<div class="Wishlist_addToWishlistContainer__EBGo4"><button type="button" aria-label="Add product to Wish List" data-zta="remove-from-wishlist-1934717" aria-pressed="false" class="HeartButton-module_heartButton__AV5gJ"><svg width="44" height="44" xmlns="http://www.w3.org/2000/svg" aria-hidden="true"><path d="M22 13.916l1.036-1.035a6.423 6.423 0 019.094 9.071l-9.589 10.003a.75.75 0 01-1.082 0l-9.577-9.988a6.422 6.422 0 013.512-10.884 6.423 6.423 0 015.57 1.798L22 13.916z" style="opacity: 1; fill: rgb(255, 255, 255);"></path><path d="M28.607 11.083a6.423 6.423 0 013.708 10.678l-9.773 10.194a.75.75 0 01-1.082 0l-9.577-9.988a6.422 6.422 0 013.512-10.884 6.423 6.423 0 015.57 1.798l1.036 1.035 1.036-1.035a6.423 6.423 0 015.57-1.798zm-.24 1.48a4.923 4.923 0 00-4.09 1.207l-.18.172-2.096 2.095-2.096-2.095a4.923 4.923 0 00-7.884 1.28 4.93 4.93 0 00.78 5.535l9.2 9.594 9.07-9.46a4.917 4.917 0 001.01-5.458l-.1-.212a4.923 4.923 0 00-3.37-2.611l-.244-.046z" style="opacity: 1; fill: rgb(85, 85, 85);"></path><path d="M22 13.916l1.036-1.035a6.423 6.423 0 019.094 9.071l-9.589 10.003a.75.75 0 01-1.082 0l-9.577-9.988a6.422 6.422 0 013.512-10.884 6.423 6.423 0 015.57 1.798L22 13.916z" style="opacity: 0; fill: rgb(237, 28, 36);"></path></svg></button></div></h1><div data-zta="ProductTitle__Subtitle">800g</div></div><div class="RatingSummary_ratingSection__8oxfe" data-zta="RatingSummary"><span data-zta="RatingSummary__ratingBar" class="RatingSummary_clickable__AoRe_ RatingSummary_ratingBar__7yI7B"><div data-zta="RatingUIC" class="z-rating"><span class="z-rating__star-wrap"><span class="pp-visually-hidden">: 4/5</span><svg fill="currentColor" width="24" height="24" xmlns="http://www.w3.org/2000/svg" viewBox="0 0 24 24" role="none" class="z-rating__star z-rating__star--full"><path d="M7.446 7.12 10.603.857a1.569 1.569 0 0 1 2.794 0l.002.004 3.16 6.261 6.018.597a1.555 1.555 0 0 1 .966 2.654l-4.988 4.944 1.85 6.722a1.563 1.563 0 0 1-2.209 1.8L12 20.77l-6.183 3.063a1.563 1.563 0 0 1-2.211-1.804l1.848-6.715L.462 10.37a1.555 1.555 0 0 1 .954-2.653l6.03-.598Z" fill-rule="evenodd"></path></svg><svg fill="currentColor" width="24" height="24" xmlns="http://www.w3.org/2000/svg" viewBox="0 0 24 24" role="none" class="z-rating__star z-rating__star--full"><path d="M7.446 7.12 10.603.857a1.569 1.569 0 0 1 2.794 0l.002.004 3.16 6.261 6.018.597a1.555 1.555 0 0 1 .966 2.654l-4.988 4.944 1.85 6.722a1.563 1.563 0 0 1-2.209 1.8L12 20.77l-6.183 3.063a1.563 1.563 0 0 1-2.211-1.804l1.848-6.715L.462 10.37a1.555 1.555 0 0 1 .954-2.653l6.03-.598Z" fill-rule="evenodd"></path></svg><svg fill="currentColor" width="24" height="24" xmlns="http://www.w3.org/2000/svg" viewBox="0 0 24 24" role="none" class="z-rating__star z-rating__star--full"><path d="M7.446 7.12 10.603.857a1.569 1.569 0 0 1 2.794 0l.002.004 3.16 6.261 6.018.597a1.555 1.555 0 0 1 .966 2.654l-4.988 4.944 1.85 6.722a1.563 1.563 0 0 1-2.209 1.8L12 20.77l-6.183 3.063a1.563 1.563 0 0 1-2.211-1.804l1.848-6.715L.462 10.37a1.555 1.555 0 0 1 .954-2.653l6.03-.598Z" fill-rule="evenodd"></path></svg><svg fill="currentColor" width="24" height="24" xmlns="http://www.w3.org/2000/svg" viewBox="0 0 24 24" role="none" class="z-rating__star z-rating__star--full"><path d="M7.446 7.12 10.603.857a1.569 1.569 0 0 1 2.794 0l.002.004 3.16 6.261 6.018.597a1.555 1.555 0 0 1 .966 2.654l-4.988 4.944 1.85 6.722a1.563 1.563 0 0 1-2.209 1.8L12 20.77l-6.183 3.063a1.563 1.563 0 0 1-2.211-1.804l1.848-6.715L.462 10.37a1.555 1.555 0 0 1 .954-2.653l6.03-.598Z" fill-rule="evenodd"></path></svg><svg fill="currentColor" width="24" height="24" xmlns="http://www.w3.org/2000/svg" viewBox="0 0 24 24" role="none" class="z-rating__star"><path d="M7.446 7.12 10.603.857a1.569 1.569 0 0 1 2.794 0l.002.004 3.16 6.261 6.018.597a1.555 1.555 0 0 1 .966 2.654l-4.988 4.944 1.85 6.722a1.563 1.563 0 0 1-2.209 1.8L12 20.77l-6.183 3.063a1.563 1.563 0 0 1-2.211-1.804l1.848-6.715L.462 10.37a1.555 1.555 0 0 1 .954-2.653l6.03-.598Z" fill-rule="evenodd"></path></svg></span></div><span class="RatingSummary_reviewNumber__Ofhmk" data-zta="RatingSummary__totalReviews">(<!-- -->2<!-- -->)</span></span></div><div data-zta="ProductSummary__Details" class="ProductSummary_desktopOnly__wMul0"><span data-zta="ProductSummary__Text">Balanced dry food for cats, with 100% natural ingredients and no grains or gluten, with chicken and salmon as the key ingredients, rich in protein and a source of taurine and omega-3 fatty acids.</span><a data-zta="furtherInformation" class="z-anchor ProductSummary_showMoreAnchor__4mQ2T">...further information</a></div></div><div class="PDPLayoutAboveTheFold_leftColumn__LB5ZX PDPLayoutAboveTheFold_list__mi6bH"><div class="ImageSwiper_imageSwiper__B4NaM" data-zta="imageSwiper"><div class="ImageSwiper_imageSwiperThumbnailsContainer__Nn8xh"><div class="swiper swiper-initialized swiper-horizontal swiper-pointer-events ImageSwiper_imageSwiperThumbnails__3Wbha"><div class="swiper-wrapper" style="transition-duration: 0ms; transform: translate3d(0px, 0px, 0px);"><div class="swiper-slide" data-active="true" data-zta="image-slide" style="width: 71.0909px; margin-right: 8px;"><div><span style="box-sizing:border-box;display:inline-block;overflow:hidden;width:initial;height:initial;background:none;opacity:1;border:0;margin:0;padding:0;position:relative;max-width:100%"><span style="box-sizing:border-box;display:block;width:initial;height:initial;background:none;opacity:1;border:0;margin:0;padding:0;max-width:100%"><img style="display:block;max-width:100%;width:initial;height:initial;background:none;opacity:1;border:0;margin:0;padding:0" alt="" aria-hidden="true" src="data:image/svg+xml,%3csvg%20xmlns=%27http://www.w3.org/2000/svg%27%20version=%271.1%27%20width=%2750%27%20height=%2750%27/%3e"></span><img alt="Encore Cat Chicken with Salmon" title="Encore Cat Chicken with Salmon" src="https://media.zooplus.com/bilder/4/50/413997_pla_encore_cat_huhn_lachs_hs_01_4.jpg" decoding="async" data-nimg="intrinsic" style="position:absolute;top:0;left:0;bottom:0;right:0;box-sizing:border-box;padding:0;border:none;margin:auto;display:block;width:0;height:0;min-width:100%;max-width:100%;min-height:100%;max-height:100%;object-fit:contain"></span></div></div><div class="swiper-slide swiper-slide-prev" data-active="false" data-zta="image-slide" style="width: 71.0909px; margin-right: 8px;"><div><span style="box-sizing:border-box;display:inline-block;overflow:hidden;width:initial;height:initial;background:none;opacity:1;border:0;margin:0;padding:0;position:relative;max-width:100%"><span style="box-sizing:border-box;display:block;width:initial;height:initial;background:none;opacity:1;border:0;margin:0;padding:0;max-width:100%"><img style="display:block;max-width:100%;width:initial;height:initial;background:none;opacity:1;border:0;margin:0;padding:0" alt="" aria-hidden="true" src="data:image/svg+xml,%3csvg%20xmlns=%27http://www.w3.org/2000/svg%27%20version=%271.1%27%20width=%2750%27%20height=%2750%27/%3e"></span><img alt="Encore Cat Chicken with Salmon" title="Encore Cat Chicken with Salmon" src="https://media.zooplus.com/bilder/4/50/413997_pla_encore_cat_huhn_lachs_hs_01_4.jpg" decoding="async" data-nimg="intrinsic" style="position:absolute;top:0;left:0;bottom:0;right:0;box-sizing:border-box;padding:0;border:none;margin:auto;display:block;width:0;height:0;min-width:100%;max-width:100%;min-height:100%;max-height:100%;object-fit:contain"></span></div></div><div class="swiper-slide swiper-slide-active" data-active="false" data-zta="image-slide" style="width: 71.0909px; margin-right: 8px;"><div class="ImageWithLoader_imageWithLoader__s44YO"><span style="box-sizing:border-box;display:inline-block;overflow:hidden;width:initial;height:initial;background:none;opacity:1;border:0;margin:0;padding:0;position:relative;max-width:100%"><span style="box-sizing:border-box;display:block;width:initial;height:initial;background:none;opacity:1;border:0;margin:0;padding:0;max-width:100%"><img style="display:block;max-width:100%;width:initial;height:initial;background:none;opacity:1;border:0;margin:0;padding:0" alt="" aria-hidden="true" src="data:image/svg+xml,%3csvg%20xmlns=%27http://www.w3.org/2000/svg%27%20version=%271.1%27%20width=%2750%27%20height=%2750%27/%3e"></span><img title="Encore Cat Chicken with Salmon" alt="Encore Cat Chicken with Salmon" src="https://media.zooplus.com/bilder/2/50/413997_encore_cat_huhn_lachs_hs_02_2.jpg" decoding="async" data-nimg="intrinsic" style="position:absolute;top:0;left:0;bottom:0;right:0;box-sizing:border-box;padding:0;border:none;margin:auto;display:block;width:0;height:0;min-width:100%;max-width:100%;min-height:100%;max-height:100%;object-fit:contain"></span></div></div><div class="swiper-slide swiper-slide-next" data-active="false" data-zta="image-slide" style="width: 71.0909px; margin-right: 8px;"><div class="ImageWithLoader_imageWithLoader__s44YO"><span style="box-sizing:border-box;display:inline-block;overflow:hidden;width:initial;height:initial;background:none;opacity:1;border:0;margin:0;padding:0;position:relative;max-width:100%"><span style="box-sizing:border-box;display:block;width:initial;height:initial;background:none;opacity:1;border:0;margin:0;padding:0;max-width:100%"><img style="display:block;max-width:100%;width:initial;height:initial;background:none;opacity:1;border:0;margin:0;padding:0" alt="" aria-hidden="true" src="data:image/svg+xml,%3csvg%20xmlns=%27http://www.w3.org/2000/svg%27%20version=%271.1%27%20width=%2750%27%20height=%2750%27/%3e"></span><img title="Encore Cat Chicken with Salmon" alt="Encore Cat Chicken with Salmon" src="https://media.zooplus.com/bilder/9/50/413997_encore_cat_huhn_lachs_hs_03_9.jpg" decoding="async" data-nimg="intrinsic" style="position:absolute;top:0;left:0;bottom:0;right:0;box-sizing:border-box;padding:0;border:none;margin:auto;display:block;width:0;height:0;min-width:100%;max-width:100%;min-height:100%;max-height:100%;object-fit:contain"></span></div></div><div class="swiper-slide" data-active="false" data-zta="image-slide" style="width: 71.0909px; margin-right: 8px;"><div class="ImageWithLoader_imageWithLoader__s44YO"><span style="box-sizing:border-box;display:inline-block;overflow:hidden;width:initial;height:initial;background:none;opacity:1;border:0;margin:0;padding:0;position:relative;max-width:100%"><span style="box-sizing:border-box;display:block;width:initial;height:initial;background:none;opacity:1;border:0;margin:0;padding:0;max-width:100%"><img style="display:block;max-width:100%;width:initial;height:initial;background:none;opacity:1;border:0;margin:0;padding:0" alt="" aria-hidden="true" src="data:image/svg+xml,%3csvg%20xmlns=%27http://www.w3.org/2000/svg%27%20version=%271.1%27%20width=%2750%27%20height=%2750%27/%3e"></span><img title="Encore Cat Chicken with Salmon" alt="Encore Cat Chicken with Salmon" src="https://media.zooplus.com/bilder/5/50/413997_encore_cat_huhn_lachs_hs_04_5.jpg" decoding="async" data-nimg="intrinsic" style="position:absolute;top:0;left:0;bottom:0;right:0;box-sizing:border-box;padding:0;border:none;margin:auto;display:block;width:0;height:0;min-width:100%;max-width:100%;min-height:100%;max-height:100%;object-fit:contain"></span></div></div></div></div><span data-zta="imageSwiper-left-arrow" class="ImageSwiper_imageSwiperPreviousThumbnailsButton__HG4XR swiper-button-prev disabled"><svg fill="currentColor" width="24" height="24" xmlns="http://www.w3.org/2000/svg" viewBox="0 0 24 24" role="img"><path d="M14.234 6.22a.75.75 0 0 1 1.133.976l-.073.084-4.626 4.625 4.626 4.627a.75.75 0 0 1 .073.977l-.073.084a.75.75 0 0 1-.976.072l-.084-.072L9.32 12.68a1.093 1.093 0 0 1-.086-1.45l.085-.096 4.914-4.914Z" fill-rule="evenodd"></path></svg></span><span data-zta="imageSwiper-right-arrow" class="ImageSwiper_imageSwiperNextThumbnailsButton__AM9F_ swiper-button-next"><svg fill="currentColor" width="24" height="24" xmlns="http://www.w3.org/2000/svg" viewBox="0 0 24 24" role="img"><path d="M10.28 6.22a.75.75 0 0 0-1.133.976l.073.084 4.626 4.625-4.626 4.627a.75.75 0 0 0-.073.977l.073.084a.75.75 0 0 0 .976.072l.084-.072 4.913-4.913a1.093 1.093 0 0 0 .086-1.45l-.085-.096L10.28 6.22Z" fill-rule="evenodd"></path></svg></span></div><div class="ImageSwiper_imageSwiperPrincipalContainer__Vd_5i"><div class="swiper swiper-initialized swiper-horizontal swiper-pointer-events ImageSwiper_imageSwiperPrincipal__TmgdU" data-zta="image-swiper-principal-container"><div class="swiper-wrapper" style="transform: translate3d(0px, 0px, 0px);"><div class="swiper-slide swiper-slide-active" data-zta="image-slide" style="width: 487px;"><div><span style="box-sizing:border-box;display:inline-block;overflow:hidden;width:initial;height:initial;background:none;opacity:1;border:0;margin:0;padding:0;position:relative;max-width:100%"><span style="box-sizing:border-box;display:block;width:initial;height:initial;background:none;opacity:1;border:0;margin:0;padding:0;max-width:100%"><img style="display:block;max-width:100%;width:initial;height:initial;background:none;opacity:1;border:0;margin:0;padding:0" alt="" aria-hidden="true" src="data:image/svg+xml,%3csvg%20xmlns=%27http://www.w3.org/2000/svg%27%20version=%271.1%27%20width=%27400%27%20height=%27400%27/%3e"></span><img alt="Encore Cat Chicken with Salmon" title="Encore Cat Chicken with Salmon" src="https://media.zooplus.com/bilder/4/400/413997_pla_encore_cat_huhn_lachs_hs_01_4.jpg" decoding="async" data-nimg="intrinsic" style="position:absolute;top:0;left:0;bottom:0;right:0;box-sizing:border-box;padding:0;border:none;margin:auto;display:block;width:0;height:0;min-width:100%;max-width:100%;min-height:100%;max-height:100%;object-fit:contain"></span></div></div><div class="swiper-slide swiper-slide-next" data-zta="image-slide" style="width: 487px;"><div><span style="box-sizing:border-box;display:inline-block;overflow:hidden;width:initial;height:initial;background:none;opacity:1;border:0;margin:0;padding:0;position:relative;max-width:100%"><span style="box-sizing:border-box;display:block;width:initial;height:initial;background:none;opacity:1;border:0;margin:0;padding:0;max-width:100%"><img style="display:block;max-width:100%;width:initial;height:initial;background:none;opacity:1;border:0;margin:0;padding:0" alt="" aria-hidden="true" src="data:image/svg+xml,%3csvg%20xmlns=%27http://www.w3.org/2000/svg%27%20version=%271.1%27%20width=%27400%27%20height=%27400%27/%3e"></span><img alt="Encore Cat Chicken with Salmon" title="Encore Cat Chicken with Salmon" src="https://media.zooplus.com/bilder/4/400/413997_pla_encore_cat_huhn_lachs_hs_01_4.jpg" decoding="async" data-nimg="intrinsic" style="position:absolute;top:0;left:0;bottom:0;right:0;box-sizing:border-box;padding:0;border:none;margin:auto;display:block;width:0;height:0;min-width:100%;max-width:100%;min-height:100%;max-height:100%;object-fit:contain"></span></div></div><div class="swiper-slide" data-zta="image-slide" style="width: 487px;"><div class="ImageWithLoader_imageWithLoader__s44YO loading"><span style="box-sizing:border-box;display:inline-block;overflow:hidden;width:initial;height:initial;background:none;opacity:1;border:0;margin:0;padding:0;position:relative;max-width:100%"><span style="box-sizing:border-box;display:block;width:initial;height:initial;background:none;opacity:1;border:0;margin:0;padding:0;max-width:100%"><img style="display:block;max-width:100%;width:initial;height:initial;background:none;opacity:1;border:0;margin:0;padding:0" alt="" aria-hidden="true" src="data:image/svg+xml,%3csvg%20xmlns=%27http://www.w3.org/2000/svg%27%20version=%271.1%27%20width=%27400%27%20height=%27400%27/%3e"></span><img title="Encore Cat Chicken with Salmon" alt="Encore Cat Chicken with Salmon" src="data:image/gif;base64,R0lGODlhAQABAIAAAAAAAP///yH5BAEAAAAALAAAAAABAAEAAAIBRAA7" decoding="async" data-nimg="intrinsic" style="position:absolute;top:0;left:0;bottom:0;right:0;box-sizing:border-box;padding:0;border:none;margin:auto;display:block;width:0;height:0;min-width:100%;max-width:100%;min-height:100%;max-height:100%;object-fit:contain"><noscript><img title="Encore Cat Chicken with Salmon" alt="Encore Cat Chicken with Salmon" src="https://media.zooplus.com/bilder/2/400/413997_encore_cat_huhn_lachs_hs_02_2.jpg" decoding="async" data-nimg="intrinsic" style="position:absolute;top:0;left:0;bottom:0;right:0;box-sizing:border-box;padding:0;border:none;margin:auto;display:block;width:0;height:0;min-width:100%;max-width:100%;min-height:100%;max-height:100%;object-fit:contain" loading="lazy"/></noscript></span></div></div><div class="swiper-slide" data-zta="image-slide" style="width: 487px;"><div class="ImageWithLoader_imageWithLoader__s44YO loading"><span style="box-sizing:border-box;display:inline-block;overflow:hidden;width:initial;height:initial;background:none;opacity:1;border:0;margin:0;padding:0;position:relative;max-width:100%"><span style="box-sizing:border-box;display:block;width:initial;height:initial;background:none;opacity:1;border:0;margin:0;padding:0;max-width:100%"><img style="display:block;max-width:100%;width:initial;height:initial;background:none;opacity:1;border:0;margin:0;padding:0" alt="" aria-hidden="true" src="data:image/svg+xml,%3csvg%20xmlns=%27http://www.w3.org/2000/svg%27%20version=%271.1%27%20width=%27400%27%20height=%27400%27/%3e"></span><img title="Encore Cat Chicken with Salmon" alt="Encore Cat Chicken with Salmon" src="data:image/gif;base64,R0lGODlhAQABAIAAAAAAAP///yH5BAEAAAAALAAAAAABAAEAAAIBRAA7" decoding="async" data-nimg="intrinsic" style="position:absolute;top:0;left:0;bottom:0;right:0;box-sizing:border-box;padding:0;border:none;margin:auto;display:block;width:0;height:0;min-width:100%;max-width:100%;min-height:100%;max-height:100%;object-fit:contain"><noscript><img title="Encore Cat Chicken with Salmon" alt="Encore Cat Chicken with Salmon" src="https://media.zooplus.com/bilder/9/400/413997_encore_cat_huhn_lachs_hs_03_9.jpg" decoding="async" data-nimg="intrinsic" style="position:absolute;top:0;left:0;bottom:0;right:0;box-sizing:border-box;padding:0;border:none;margin:auto;display:block;width:0;height:0;min-width:100%;max-width:100%;min-height:100%;max-height:100%;object-fit:contain" loading="lazy"/></noscript></span></div></div><div class="swiper-slide" data-zta="image-slide" style="width: 487px;"><div class="ImageWithLoader_imageWithLoader__s44YO loading"><span style="box-sizing:border-box;display:inline-block;overflow:hidden;width:initial;height:initial;background:none;opacity:1;border:0;margin:0;padding:0;position:relative;max-width:100%"><span style="box-sizing:border-box;display:block;width:initial;height:initial;background:none;opacity:1;border:0;margin:0;padding:0;max-width:100%"><img style="display:block;max-width:100%;width:initial;height:initial;background:none;opacity:1;border:0;margin:0;padding:0" alt="" aria-hidden="true" src="data:image/svg+xml,%3csvg%20xmlns=%27http://www.w3.org/2000/svg%27%20version=%271.1%27%20width=%27400%27%20height=%27400%27/%3e"></span><img title="Encore Cat Chicken with Salmon" alt="Encore Cat Chicken with Salmon" src="data:image/gif;base64,R0lGODlhAQABAIAAAAAAAP///yH5BAEAAAAALAAAAAABAAEAAAIBRAA7" decoding="async" data-nimg="intrinsic" style="position:absolute;top:0;left:0;bottom:0;right:0;box-sizing:border-box;padding:0;border:none;margin:auto;display:block;width:0;height:0;min-width:100%;max-width:100%;min-height:100%;max-height:100%;object-fit:contain"><noscript><img title="Encore Cat Chicken with Salmon" alt="Encore Cat Chicken with Salmon" src="https://media.zooplus.com/bilder/5/400/413997_encore_cat_huhn_lachs_hs_04_5.jpg" decoding="async" data-nimg="intrinsic" style="position:absolute;top:0;left:0;bottom:0;right:0;box-sizing:border-box;padding:0;border:none;margin:auto;display:block;width:0;height:0;min-width:100%;max-width:100%;min-height:100%;max-height:100%;object-fit:contain" loading="lazy"/></noscript></span></div></div></div></div><span data-zta="imageSliderPreviousButton" class="ImageSwiper_imageSwiperPrevNextPrincipalButton__fMSFg swiper-button-prev disabled"><svg fill="currentColor" width="24" height="24" xmlns="http://www.w3.org/2000/svg" viewBox="0 0 24 24" role="img" class="ImageSwiper_imageSwiperContrastedArrowCircle__6a8VV"><path d="M20.485 3.515c4.687 4.686 4.687 12.284 0 16.97-4.686 4.687-12.284 4.687-16.97 0-4.687-4.686-4.687-12.284 0-16.97 4.686-4.687 12.284-4.687 16.97 0Zm-15.91 1.06c-4.1 4.1-4.1 10.75 0 14.85s10.75 4.1 14.85 0 4.1-10.75 0-14.85-10.75-4.1-14.85 0Zm7.206 3.142a.75.75 0 0 1 0 1.06l-2.47 2.469 7.19.001a.75.75 0 1 1 0 1.5l-7.19-.001 2.47 2.47a.75.75 0 0 1-1.06 1.061l-3.75-3.75-.064-.072a.752.752 0 0 1-.005-.006l.069.078a.754.754 0 0 1-.22-.53v-.03l.004-.043-.004.073a.754.754 0 0 1 .22-.53l3.75-3.75a.75.75 0 0 1 1.06 0Z" fill-rule="evenodd"></path></svg></span><span data-zta="imageSliderNextButton" class="ImageSwiper_imageSwiperPrevNextPrincipalButton__fMSFg swiper-button-next"><svg fill="currentColor" width="24" height="24" xmlns="http://www.w3.org/2000/svg" viewBox="0 0 24 24" role="img" class="ImageSwiper_imageSwiperContrastedArrowCircle__6a8VV"><path d="M3.515 3.515c4.686-4.687 12.284-4.687 16.97 0 4.687 4.686 4.687 12.284 0 16.97-4.686 4.687-12.284 4.687-16.97 0-4.687-4.686-4.687-12.284 0-16.97Zm15.91 1.06c-4.1-4.1-10.75-4.1-14.85 0s-4.1 10.75 0 14.85 10.75 4.1 14.85 0 4.1-10.75 0-14.85Zm-7.206 3.142a.75.75 0 0 1 1.06 0l3.75 3.75a.754.754 0 0 1 .22.53l-.004-.073c.002.014.003.029.003.044l.001.029a.763.763 0 0 1-.129.42.748.748 0 0 1-.09.11l.068-.078a.75.75 0 0 1-.005.006l-.064.072-3.75 3.75a.75.75 0 0 1-1.06-1.06l2.469-2.471-7.189.001a.75.75 0 0 1-.743-.648l-.007-.102a.75.75 0 0 1 .75-.75l7.189-.001-2.47-2.469a.75.75 0 0 1-.072-.976Z" fill-rule="evenodd"></path></svg></span><span class="ImageSwiper_imageSwiperZoomButton__5Ohf6"><svg fill="currentColor" width="24" height="24" xmlns="http://www.w3.org/2000/svg" viewBox="0 0 24 24" role="img"><path d="M9.814-.001c5.418.001 9.81 4.394 9.811 9.812 0 2.44-.89 4.672-2.364 6.39l6.52 6.519a.75.75 0 0 1-1.061 1.06l-6.52-6.519a9.774 9.774 0 0 1-6.388 2.364c-5.42 0-9.813-4.393-9.813-9.813 0-5.42 4.393-9.813 9.813-9.813h.002Zm0 1.5a8.313 8.313 0 1 0 5.876 14.19l.011-.01A8.313 8.313 0 0 0 9.814 1.5ZM9.75 4.5a.75.75 0 0 1 .75.75L10.499 9h3.751a.75.75 0 1 1 0 1.5h-3.751l.001 3.75a.75.75 0 1 1-1.5 0l-.001-3.75H5.25a.75.75 0 1 1 0-1.5h3.749L9 5.25a.75.75 0 0 1 .75-.75Z" fill-rule="evenodd"></path></svg></span></div></div></div><div class="PDPLayoutAboveTheFold_list__mi6bH"><div data-zta="productCard" class="PDPLayoutAboveTheFold_productCard__AhqXc"><div data-zta="article-selection" class="ArticleSelectionBox_articleSelectionBox__NqJBC"><div data-zta="title-area" class="ArticleSelectionBox_titleArea__2rGpr"><div data-zta="article-label" class="ArticleSelectionBox_title__mi3ZS">Choose item (2 options)</div></div><div data-zta="article-selection-box-menu" class="z-dropdown-menu z-dropdown-menu--bp-md"><div data-zta="dropdownMenuInnerWrap"><div data-zta="FormFieldProxySelectUIC" class="z-form-control-wrap"><div data-zta="dropdownMenuProxySelect" class="z-text-input z-select z-form-field-proxy__container"><button id="article-selection-box-menu__trigger" aria-controls="article-selection-box-menu" aria-expanded="false" class="z-dropdown-menu__trigger" data-zta="dropdownMenuTriggerButton" type="button"><div class="ArticleSelectionBoxTrigger_variantWrapper__8_kLp"><span data-zta="variant-description" class="ArticleSelectionBoxTrigger_variantDescription__0kNpJ">800g</span><span data-zta="variant-id" class="ArticleSelectionBoxTrigger_variantId__yMurv">1934717.0</span></div></button></div><svg fill="currentColor" width="24" height="24" xmlns="http://www.w3.org/2000/svg" viewBox="0 0 24 24" role="none" class="z-select__arrow"><path d="M6.57 9.93a.75.75 0 0 1 .977-1.134l.084.073 4.625 4.626 4.627-4.626a.75.75 0 0 1 .976-.073l.085.073a.75.75 0 0 1 .072.976l-.072.085-4.913 4.913a1.093 1.093 0 0 1-1.451.085l-.095-.084L6.57 9.93Z" fill-rule="evenodd"></path></svg></div><div data-zta="dropdownMenuBackdrop" class="z-dropdown-menu__backdrop" id="article-selection-box-menu" style="z-index:9999" hidden=""><div data-zta="dropdownMenuMenu" class="z-dropdown-menu__body"><div><div class="ArticleSelectionBox_dropdown__3wTBu"><div class="ArticleSelectionBox_dropdownHeader__nOjg4" data-zta="article-selection-title-area"><div class="ArticleSelectionBox_title__mi3ZS">Choose item (2 options)</div><svg fill="currentColor" width="24" height="24" xmlns="http://www.w3.org/2000/svg" viewBox="0 0 24 24" role="img" class="ArticleSelectionBox_crossIcon__Nrqhc"><path d="M7.28 6.22 12 10.939l4.72-4.72a.75.75 0 0 1 1.06 1.061L13.061 12l4.72 4.72a.75.75 0 0 1-1.061 1.06L12 13.061l-4.72 4.72a.75.75 0 0 1-1.06-1.061L10.939 12l-4.72-4.72A.75.75 0 0 1 7.28 6.22Z" fill-rule="evenodd"></path></svg></div><div class="ArticleSelectionBox_dropdownBody__UkK7c"><div class="VariantList_variantList__1hlcP" data-zta="product-variant-list"><div class="Variant_variant__cXvyw" data-zta="product-variant" data-variant-id="5134158"><div class="Variant_variantCell__KJER7 Variant_activeVariant__QoYqW" data-zta="product-variant-description"><div data-zta="product-variant-description"><span data-zta="variantDescription" class="VariantDescription_description__jjuK5">800g</span><span class="VariantDescription_infoTagList__LtIs8"></span></div></div><div class="Variant_variantCell__KJER7 Variant_activeVariant__QoYqW Variant_variantCellPrice__y3NX3" data-zta="product-variant-price"><div class="z-price Variant_variantPrice__C2jcE Price_price__tUrlr" data-zta="ProductStandardPriceUIC"><div class="z-price__price-wrap"><span class="z-price__amount z-price__amount--standard" data-zta="productStandardPriceAmount">£5.79</span></div><span class="z-price__note z-price__note--suffix" data-zta="productStandardPriceSuffix">£7.24 / kg</span></div></div></div><div class="Variant_variant__cXvyw" data-zta="product-variant" data-variant-id="5134159"><div class="Variant_variantCell__KJER7" data-zta="product-variant-description"><div data-zta="product-variant-description"><span data-zta="variantDescription" class="VariantDescription_description__jjuK5">Economy Pack: 2 x 800g</span><span class="VariantDescription_infoTagList__LtIs8"></span></div></div><div class="Variant_variantCell__KJER7 Variant_variantCellPrice__y3NX3" data-zta="product-variant-price"><div class="z-price Variant_variantPrice__C2jcE Price_price__tUrlr" data-zta="ProductReducedPriceUIC"><div class="z-price__note-wrap"><span class="z-price__note" data-zta="productReducedPricePrefix">individually priced  £11.58</span></div><div class="z-price__price-wrap"><span class="z-price__prepend" data-zta="productReducedPriceAmountIntro">Now</span> <span class="z-price__amount" data-zta="productReducedPriceAmount">£10.39</span></div><span class="z-price__note z-price__note--suffix" data-zta="productReducedPriceSuffix">£6.49 / kg</span></div></div></div></div></div></div></div></div></div></div></div></div><div data-zta="SelectedArticleBox"><div class="SelectedArticleBox_selectedArticleBox__rQe8U"><div class="SelectedArticleBox_selectedArticle__vi_bE"><span class="SelectedArticleBox_topSection__IOQ1W" data-zta="SelectedArticleBox__TopSection"><div class="z-price SelectedArticleBox_priceArea__Xvx5C Price_price__tUrlr" data-zta="ProductStandardPriceUIC"><div class="z-price__price-wrap"><span class="z-price__amount z-price__amount--standard" data-zta="productStandardPriceAmount">£5.79</span></div><span class="z-price__note z-price__note--suffix" data-zta="productStandardPriceSuffix">£7.24 / kg</span></div></span><span class="SelectedArticleBox_bottomSection__FFcNm"></span></div><div class="SelectedArticleBox_actionButtonWrapper__d7Wag"><div data-zta="SelectedArticleBox__QuantityStepper" class="z-qty-stepper"><button data-zta="quantityStepperDecrementButton" aria-label="Decrease quantity in basket" disabled="" type="button" class="z-qty-stepper__btn z-icon-button z-icon-button--size-large z-icon-button--variant-ghost"><i class="z-qty-stepper__icon"><svg fill="currentColor" width="24" height="24" xmlns="http://www.w3.org/2000/svg" viewBox="0 0 24 24" role="none"><path d="M3.563 12.5c-.311 0-.563-.336-.563-.75s.252-.75.563-.75h16.875c.31 0 .562.336.562.75s-.252.75-.563.75H3.563Z" fill-rule="evenodd"></path></svg></i></button><input class="z-qty-stepper__input" data-zta="quantityStepperInput" type="text" aria-label="Number of items" maxlength="2" autocomplete="off" value="0"><button data-zta="quantityStepperIncrementButton" aria-label="Increase quantity in basket" type="button" class="z-qty-stepper__btn z-icon-button z-icon-button--size-large z-icon-button--variant-primary"><i class="z-qty-stepper__icon"><svg fill="currentColor" width="24" height="24" xmlns="http://www.w3.org/2000/svg" viewBox="0 0 24 24" role="none"><path d="M11.75 3c.414 0 .75.252.75.563V11h7.938c.31 0 .562.336.562.75s-.252.75-.563.75H12.5v7.938c0 .31-.336.562-.75.562s-.75-.252-.75-.563V12.5H3.562c-.31 0-.562-.336-.562-.75s.252-.75.563-.75H11V3.562c0-.31.336-.562.75-.562Z" fill-rule="evenodd"></path></svg></i></button></div><button data-zta="SelectedArticleBox__AddToCartButton" aria-label="Add to basket" data-article-id="5134158" data-shop-identifier="1934717" data-variant-id="0" data-quantity="0" type="button" class="z-btn z-btn--cart SelectedArticleBox_actionButton__TKs_z"><i class="z-btn__icon"><svg width="24" height="24" viewBox="0 0 24 24" fill="currentColor" xmlns="http://www.w3.org/2000/svg" role="img"><path fill-rule="evenodd" clip-rule="evenodd" d="M16.0457 19.9265C16.6305 19.9265 17.1046 20.4005 17.1046 20.9853 17.1046 21.5701 16.6305 22.0442 16.0457 22.0442 15.4609 22.0442 14.9869 21.5701 14.9869 20.9853 14.9869 20.4005 15.4609 19.9265 16.0457 19.9265ZM9.86845 19.9265C10.4532 19.9265 10.9273 20.4005 10.9273 20.9853 10.9273 21.5701 10.4532 22.0442 9.86845 22.0442 9.28366 22.0442 8.80959 21.5701 8.80959 20.9853 8.80959 20.4005 9.28366 19.9265 9.86845 19.9265Z"></path><path d="M7.46117 17.9199L5.2893 5.15391C5.24945 4.9207 5.04708 4.74995 4.81047 4.75H4C3.58579 4.75 3.25 4.41421 3.25 4C3.25 3.58579 3.58579 3.25 4 3.25H4.81047C5.77839 3.24987 6.6054 3.94794 6.76802 4.90212L7.11653 6.95064H20.6786C21.0997 6.95054 21.4977 7.14449 21.7569 7.47643C22.0163 7.80845 22.1081 8.24147 22.0059 8.65018L20.8117 13.4273C20.4531 14.8609 19.165 15.8666 17.6873 15.8667H8.63342L8.94002 17.6689C8.97964 17.9024 9.18198 18.0732 9.41877 18.0732H17.5902C18.0044 18.0732 18.3402 18.4089 18.3402 18.8232C18.3402 19.2374 18.0044 19.5732 17.5902 19.5732H9.41877C8.45038 19.5732 7.62321 18.8747 7.46117 17.9199Z"></path></svg></i><span>Add to basket</span></button></div></div></div></div><div data-zta="additionalCostsInfo" class="AdditionalCosts_container__00x8k"><div data-zta="productDeliveryInfo" class="DeliveryInfo_container__x6T2o"><svg fill="currentColor" width="24" height="24" xmlns="http://www.w3.org/2000/svg" viewBox="0 0 24 24" role="img" class="DeliveryInfo_icon__6vcCv"><path d="M15.658 4.5a3.75 3.75 0 0 1 3.638 2.84l.847 3.39c.669.325 1.731.833 1.727.831.623.304.976.499 1.26.714.652.491.87 1.043.87 1.975v1.5A2.25 2.25 0 0 1 21.75 18h-.878A2.25 2.25 0 0 1 16.628 18H7.372A2.25 2.25 0 0 1 3.128 18H2.25A2.25 2.25 0 0 1 0 15.75v-9A2.25 2.25 0 0 1 2.25 4.5h13.408Zm2.562 12.22a.75.75 0 1 0 1.06 1.06.75.75 0 0 0-1.06-1.06Zm-13.5 0a.75.75 0 1 0 1.06 1.06.75.75 0 0 0-1.06-1.06ZM12.75 6H2.25a.75.75 0 0 0-.75.75v9c0 .414.336.75.75.75h.878a2.25 2.25 0 0 1 4.244-.001h5.378V6Zm6.574 6-5.074-.001v4.5h2.378a2.25 2.25 0 0 1 4.244.001h.878a.75.75 0 0 0 .75-.75v-1.5c0-.5-.04-.603-.272-.777-.185-.14-.475-.3-1.015-.563.013.006-1.237-.592-1.89-.91ZM10 7.5c.69 0 1.25.56 1.25 1.25v2c0 .69-.56 1.25-1.25 1.25H4.25C3.56 12 3 11.44 3 10.75v-2c0-.69.56-1.25 1.25-1.25H10ZM15.658 6H14.25v4.499h4.289l-.699-2.795A2.25 2.25 0 0 0 15.658 6ZM9.75 9H4.5v1.5h5.25V9Z" fill-rule="evenodd"></path></svg><span data-zta="deliveryDetails">Delivery in 1-2 working days</span><a data-zta="deliveryMoreInfo" class="z-anchor DeliveryInfo_anchor__y41Pm">more</a></div><div data-focus-guard="true" tabindex="-1" style="width:1px;height:0px;padding:0;overflow:hidden;position:fixed;top:1px;left:1px"></div><div data-focus-lock-disabled="disabled" class="z-modal-focus-lock"><div data-zta="ModalUIC" class="z-modal" role="dialog" aria-modal="true" aria-labelledby="expected-delivery-date-dialog"><div data-zta="modalMain" class="z-modal__box z-modal__box--size-lg"><div data-zta="modalHeader" class="z-modal__header"><div data-zta="modalTitle" id="expected-delivery-date-dialog" class="z-modal__title">Delivery time information</div><button data-zta="modalCloseButton" aria-label="Close" data-autofocus="true" type="button" class="z-modal__close z-icon-button z-icon-button--size-large z-icon-button--variant-ghost"><svg fill="currentColor" width="24" height="24" xmlns="http://www.w3.org/2000/svg" viewBox="0 0 24 24" role="none"><path d="M1.28.22 12 10.939 22.72.219a.75.75 0 0 1 1.06 1.061L13.061 12l10.72 10.72a.75.75 0 0 1-1.061 1.06L12 13.061 1.28 23.781A.75.75 0 0 1 .22 22.72L10.939 12 .219 1.28A.75.75 0 0 1 1.28.22Z" fill-rule="evenodd"></path></svg></button></div><div data-zta="modalBody" class="z-modal__content"><div class="anchors_anchorsHTML__ksgRw">Deliveries take place within 1-2 working days.<br><br>This may vary slightly depending on the payment method, availability, your location and public holidays. Orders fulfilled from our EU fulfillment centers are likely to take an additional 2-3 days. In ‘my zooplus’, you can track the status of your order at any time from receipt of order to delivery.</div></div><div data-zta="modalFooter" class="z-modal__footer"><button data-zta="modalSecondaryButton" type="button" class="z-btn z-btn--secondary z-modal__button">Close</button></div></div></div></div><div data-focus-guard="true" tabindex="-1" style="width:1px;height:0px;padding:0;overflow:hidden;position:fixed;top:1px;left:1px"></div><div class="ReturnPolicyLink_container__9jvHL"><svg fill="currentColor" width="24" height="24" xmlns="http://www.w3.org/2000/svg" viewBox="0 0 24 24" role="img" class="ReturnPolicyLink_icon__KQmAR"><path d="M14.78 15.845a.75.75 0 0 1 .073.976l-.073.084a.75.75 0 0 1-.976.073l-.084-.073-2.25-2.25-.064-.072a.753.753 0 0 1-.007-.01l.07.082a.753.753 0 0 1-.146-.854.706.706 0 0 1 .147-.206l2.25-2.25a.75.75 0 0 1 1.133.976l-.073.084-.969.969.439.001a6.375 6.375 0 0 1 6.375 6.375.75.75 0 1 1-1.5 0 4.875 4.875 0 0 0-4.658-4.87l-.217-.005-.439-.001.97.97ZM13.09 3.25a1.875 1.875 0 0 1 1.464.71l.091.125 2.068 3.101c.3.306.496.714.531 1.167l.006.147v1.125a.75.75 0 0 1-1.493.102l-.007-.102V8.5a.374.374 0 0 0-.107-.262.022.022 0 0 1-.009-.006l.009.006a.374.374 0 0 0-.192-.105l-.076-.008H4.125a.374.374 0 0 0-.268.114l.01-.01a.374.374 0 0 0-.11.195L3.75 8.5v7.875c0 .181.129.332.3.367l.075.008h4.5a.75.75 0 0 1 .102 1.493l-.102.007h-4.5a1.875 1.875 0 0 1-1.87-1.728l-.005-.147V8.5c0-.51.204-.974.535-1.312l2.067-3.103a1.875 1.875 0 0 1 1.405-.829l.156-.006h6.676ZM9 4.75H6.413c-.1 0-.196.04-.265.11l-.047.057-1.139 1.708H9V4.75Zm4.088 0H10.5v1.875h4.036l-1.139-1.708a.375.375 0 0 0-.237-.16l-.072-.007Z" fill-rule="evenodd"></path></svg><span>Return Policy</span><a data-zta="returnPolicy" class="z-anchor ReturnPolicyLink_anchor__IHsws">more</a></div><div class="PriceInfo_container__wE4qS" data-zta="productPriceInfo">All prices include statutory VAT. <!-- -->Additional <a data-zta="shippingCosts" href="/info/about/shippingcosts" target="_blank" class="z-anchor PriceInfo_anchor___9MVt">shipping costs</a> may apply.</div></div></div></div><div class="DynamicBundle_container__k1lKt" data-zta="dynamic-bundle"><div class="z-h2 DynamicBundle_header__Jjeqv">Frequently bought together</div><div class="ProductPictures_bundlePictures__JDTd1"><a data-zta="AnchorUIC" class="z-anchor ProductPictures_productPicture__frtOl ProductPictures_firstArticle__ytohM"><div class="ImageWithLoader_imageWithLoader__s44YO"><span style="box-sizing:border-box;display:inline-block;overflow:hidden;width:initial;height:initial;background:none;opacity:1;border:0;margin:0;padding:0;position:relative;max-width:100%"><span style="box-sizing:border-box;display:block;width:initial;height:initial;background:none;opacity:1;border:0;margin:0;padding:0;max-width:100%"><img style="display:block;max-width:100%;width:initial;height:initial;background:none;opacity:1;border:0;margin:0;padding:0" alt="" aria-hidden="true" src="data:image/svg+xml,%3csvg%20xmlns=%27http://www.w3.org/2000/svg%27%20version=%271.1%27%20width=%2780%27%20height=%2780%27/%3e"></span><img alt="Encore Cat Chicken with Salmon - 800g" src="https://media.zooplus.com/bilder/4/300/413997_pla_encore_cat_huhn_lachs_hs_01_4.jpg" decoding="async" data-nimg="intrinsic" style="position:absolute;top:0;left:0;bottom:0;right:0;box-sizing:border-box;padding:0;border:none;margin:auto;display:block;width:0;height:0;min-width:100%;max-width:100%;min-height:100%;max-height:100%"></span></div></a><svg fill="currentColor" width="24" height="24" xmlns="http://www.w3.org/2000/svg" viewBox="0 0 24 24" role="img"><path d="M11.75 3c.414 0 .75.252.75.563V11h7.938c.31 0 .562.336.562.75s-.252.75-.563.75H12.5v7.938c0 .31-.336.562-.75.562s-.75-.252-.75-.563V12.5H3.562c-.31 0-.562-.336-.562-.75s.252-.75.563-.75H11V3.562c0-.31.336-.562.75-.562Z" fill-rule="evenodd"></path></svg><a data-zta="AnchorUIC" href="/shop/cats/dry_cat_food/encore/1949931?zootopia_rec=true&amp;si=3&amp;pn=web_pdp&amp;pr=bundles_container_v2&amp;strategy=apriori&amp;pi=1949931&amp;rri=8b47959f-00fe-4f47-a332-4e87916b3277&amp;activeVariant=1949931.0" class="z-anchor ProductPictures_productPicture__frtOl"><div class="ImageWithLoader_imageWithLoader__s44YO"><span style="box-sizing:border-box;display:inline-block;overflow:hidden;width:initial;height:initial;background:none;opacity:1;border:0;margin:0;padding:0;position:relative;max-width:100%"><span style="box-sizing:border-box;display:block;width:initial;height:initial;background:none;opacity:1;border:0;margin:0;padding:0;max-width:100%"><img style="display:block;max-width:100%;width:initial;height:initial;background:none;opacity:1;border:0;margin:0;padding:0" alt="" aria-hidden="true" src="data:image/svg+xml,%3csvg%20xmlns=%27http://www.w3.org/2000/svg%27%20version=%271.1%27%20width=%2780%27%20height=%2780%27/%3e"></span><img alt="Encore Cat Chicken - 800g" src="https://media.zooplus.com/bilder/1/300/413996_pla_encore_cat_huhn_hs_01_1.jpg" decoding="async" data-nimg="intrinsic" style="position:absolute;top:0;left:0;bottom:0;right:0;box-sizing:border-box;padding:0;border:none;margin:auto;display:block;width:0;height:0;min-width:100%;max-width:100%;min-height:100%;max-height:100%"></span></div></a></div><span class="DynamicBundle_bundleCartButton__rNMeH"><span class="TotalPrice_container__CDrp3" data-zta="dynamic-bundle-total-price"><span class="TotalPrice_label__ZDJ5x">Total price</span> <span class="TotalPrice_price__aHU3n">£13.28</span></span><button data-zta="CartButtonUIC" type="button" class="z-btn z-btn--cart"><i class="z-btn__icon"><svg width="24" height="24" viewBox="0 0 24 24" fill="currentColor" xmlns="http://www.w3.org/2000/svg" role="img"><path fill-rule="evenodd" clip-rule="evenodd" d="M16.0457 19.9265C16.6305 19.9265 17.1046 20.4005 17.1046 20.9853 17.1046 21.5701 16.6305 22.0442 16.0457 22.0442 15.4609 22.0442 14.9869 21.5701 14.9869 20.9853 14.9869 20.4005 15.4609 19.9265 16.0457 19.9265ZM9.86845 19.9265C10.4532 19.9265 10.9273 20.4005 10.9273 20.9853 10.9273 21.5701 10.4532 22.0442 9.86845 22.0442 9.28366 22.0442 8.80959 21.5701 8.80959 20.9853 8.80959 20.4005 9.28366 19.9265 9.86845 19.9265Z"></path><path d="M7.46117 17.9199L5.2893 5.15391C5.24945 4.9207 5.04708 4.74995 4.81047 4.75H4C3.58579 4.75 3.25 4.41421 3.25 4C3.25 3.58579 3.58579 3.25 4 3.25H4.81047C5.77839 3.24987 6.6054 3.94794 6.76802 4.90212L7.11653 6.95064H20.6786C21.0997 6.95054 21.4977 7.14449 21.7569 7.47643C22.0163 7.80845 22.1081 8.24147 22.0059 8.65018L20.8117 13.4273C20.4531 14.8609 19.165 15.8666 17.6873 15.8667H8.63342L8.94002 17.6689C8.97964 17.9024 9.18198 18.0732 9.41877 18.0732H17.5902C18.0044 18.0732 18.3402 18.4089 18.3402 18.8232C18.3402 19.2374 18.0044 19.5732 17.5902 19.5732H9.41877C8.45038 19.5732 7.62321 18.8747 7.46117 17.9199Z"></path></svg></i><span>Add all to basket</span></button></span><div class="CollapsibleContainer_container__ou6H4 DynamicBundle_bundleCollapsible__1AuR7" data-zta="collapsible-container"><div class="CollapsibleContainer_toggle__ujcn4" data-zta="collapsible-container-toggle"><span class="TotalPrice_container__CDrp3" data-zta="dynamic-bundle-total-price"><span class="TotalPrice_label__ZDJ5x">Buy all</span> <span class="TotalPrice_price__aHU3n">£13.28</span></span><svg fill="currentColor" width="24" height="24" xmlns="http://www.w3.org/2000/svg" viewBox="0 0 24 24" role="img"><path d="M6.57 9.93a.75.75 0 0 1 .977-1.134l.084.073 4.625 4.626 4.627-4.626a.75.75 0 0 1 .976-.073l.085.073a.75.75 0 0 1 .072.976l-.072.085-4.913 4.913a1.093 1.093 0 0 1-1.451.085l-.095-.084L6.57 9.93Z" fill-rule="evenodd"></path></svg></div><div class="CollapsibleContainer_content__FsTJ4" data-zta="collapsible-container-content"><div class="BundleItem_container__MieSv" data-zta="dynamic-bundle-item" data-shop-identifier="1934717" data-article-id="5134158" data-variant-id="0" data-product-link="/shop/cats/dry_cat_food/encore/1934717?zootopia_rec=true&amp;si=3&amp;pn=web_pdp&amp;pr=bundles_container_v2&amp;strategy=apriori&amp;pi=1934717&amp;rri=8b47959f-00fe-4f47-a332-4e87916b3277"><div class="DynamicBundleVariantDetails_container__EYoBO"><div class="DynamicBundleVariantDetails_cardNames__lrPnE"><p data-zta="P1UIC" class="z-p1 z-p1--bold DynamicBundleVariantDetails_cardName__4Yi3G">Encore Cat Chicken with Salmon</p><p data-zta="P1UIC" class="z-p1 DynamicBundleVariantDetails_cardName__4Yi3G">- 800g</p></div><div class="z-price DynamicBundleVariantDetails_cardPrice__o1cf_ Price_price__tUrlr" data-zta="ProductStandardPriceUIC"><div class="z-price__price-wrap"><span class="z-price__amount z-price__amount--standard" data-zta="productStandardPriceAmount">£5.79</span></div><span class="z-price__note z-price__note--suffix" data-zta="productStandardPriceSuffix">£7.24 / kg</span></div></div><div data-zta="dynamicBundleItemABD" class="BundleItem_bundleItemABD__3QLT2"></div></div><div class="BundleItem_container__MieSv" data-zta="dynamic-bundle-item" data-shop-identifier="1949931" data-article-id="5170378" data-variant-id="0" data-product-link="/shop/cats/dry_cat_food/encore/1949931?zootopia_rec=true&amp;si=3&amp;pn=web_pdp&amp;pr=bundles_container_v2&amp;strategy=apriori&amp;pi=1949931&amp;rri=8b47959f-00fe-4f47-a332-4e87916b3277"><div class="BundleItem_wrapper__x46OW"><div class="BundleItem_plusSign__YMdUH"><svg fill="currentColor" width="24" height="24" xmlns="http://www.w3.org/2000/svg" viewBox="0 0 24 24" role="img"><path d="M11.75 3c.414 0 .75.252.75.563V11h7.938c.31 0 .562.336.562.75s-.252.75-.563.75H12.5v7.938c0 .31-.336.562-.75.562s-.75-.252-.75-.563V12.5H3.562c-.31 0-.562-.336-.562-.75s.252-.75.563-.75H11V3.562c0-.31.336-.562.75-.562Z" fill-rule="evenodd"></path></svg></div><div data-zta="CheckboxUIC" class="z-checkbox z-checkbox BundleItem_checkbox__dy7K9"><input data-zta="article-selection-checkbox" class="z-checkbox__input" type="checkbox"><svg class="z-checkbox__icon z-checkbox__icon" xmlns="http://www.w3.org/2000/svg" viewBox="0 0 24 24"><rect x="1.25" height="21.75" y="1.25" width="21.75"></rect><path class="z-checkbox__indeterminate" d="M6.75 12.5a.75.75 0 1 1 0-1.5h10.5a.75.75 0 1 1 0 1.5H6.75Z" fill-rule="evenodd"></path><path class="z-checkbox__checkmark" d="m16.58 6.33-7 10a.24.24 0 0 1-.39 0l-1.78-2.37a.78.78 0 0 0-1.25.94l1.78 2.38a1.8 1.8 0 0 0 2.92-.05l7-10a.78.78 0 1 0-1.28-.9z" fill-rule="evenodd"></path><path class="z-checkbox__box" d="M2.25 24A2.25 2.25 0 0 1 0 21.75V2.25A2.25 2.25 0 0 1 2.25 0h19.5A2.25 2.25 0 0 1 24 2.25v19.5A2.25 2.25 0 0 1 21.75 24H2.25zm0-1.5h19.5a.75.75 0 0 0 .75-.75V2.25a.75.75 0 0 0-.75-.75H2.25a.75.75 0 0 0-.75.75v19.5c0 .41.34.75.75.75z" fill-rule="evenodd"></path></svg><label data-zta="checkboxLabel" class="z-checkbox__label"></label></div><a data-zta="AnchorUIC" href="/shop/cats/dry_cat_food/encore/1949931?zootopia_rec=true&amp;si=3&amp;pn=web_pdp&amp;pr=bundles_container_v2&amp;strategy=apriori&amp;pi=1949931&amp;rri=8b47959f-00fe-4f47-a332-4e87916b3277&amp;activeVariant=1949931.0" class="z-anchor BundleItem_bundleItem__bZp1Y"><div class="DynamicBundleVariantDetails_container__EYoBO"><div class="DynamicBundleVariantDetails_cardNames__lrPnE"><p data-zta="P1UIC" class="z-p1 z-p1--bold DynamicBundleVariantDetails_cardName__4Yi3G">Encore Cat Chicken</p><p data-zta="P1UIC" class="z-p1 DynamicBundleVariantDetails_cardName__4Yi3G">- 800g</p></div><div class="z-price DynamicBundleVariantDetails_cardPrice__o1cf_ Price_price__tUrlr" data-zta="ProductStandardPriceUIC"><div class="z-price__price-wrap"><span class="z-price__amount z-price__amount--standard" data-zta="productStandardPriceAmount">£7.49</span></div><span class="z-price__note z-price__note--suffix" data-zta="productStandardPriceSuffix">£9.36 / kg</span></div></div></a></div><div data-zta="dynamicBundleItemABD" class="BundleItem_bundleItemABD__3QLT2"></div></div><button data-zta="CartButtonUIC" type="button" class="z-btn z-btn--cart DynamicBundle_fullWidthButton__S01DF"><i class="z-btn__icon"><svg width="24" height="24" viewBox="0 0 24 24" fill="currentColor" xmlns="http://www.w3.org/2000/svg" role="img"><path fill-rule="evenodd" clip-rule="evenodd" d="M16.0457 19.9265C16.6305 19.9265 17.1046 20.4005 17.1046 20.9853 17.1046 21.5701 16.6305 22.0442 16.0457 22.0442 15.4609 22.0442 14.9869 21.5701 14.9869 20.9853 14.9869 20.4005 15.4609 19.9265 16.0457 19.9265ZM9.86845 19.9265C10.4532 19.9265 10.9273 20.4005 10.9273 20.9853 10.9273 21.5701 10.4532 22.0442 9.86845 22.0442 9.28366 22.0442 8.80959 21.5701 8.80959 20.9853 8.80959 20.4005 9.28366 19.9265 9.86845 19.9265Z"></path><path d="M7.46117 17.9199L5.2893 5.15391C5.24945 4.9207 5.04708 4.74995 4.81047 4.75H4C3.58579 4.75 3.25 4.41421 3.25 4C3.25 3.58579 3.58579 3.25 4 3.25H4.81047C5.77839 3.24987 6.6054 3.94794 6.76802 4.90212L7.11653 6.95064H20.6786C21.0997 6.95054 21.4977 7.14449 21.7569 7.47643C22.0163 7.80845 22.1081 8.24147 22.0059 8.65018L20.8117 13.4273C20.4531 14.8609 19.165 15.8666 17.6873 15.8667H8.63342L8.94002 17.6689C8.97964 17.9024 9.18198 18.0732 9.41877 18.0732H17.5902C18.0044 18.0732 18.3402 18.4089 18.3402 18.8232C18.3402 19.2374 18.0044 19.5732 17.5902 19.5732H9.41877C8.45038 19.5732 7.62321 18.8747 7.46117 17.9199Z"></path></svg></i><span>Add all to basket</span></button></div></div></div><div class="PDPLayoutBottom_container__4HPam PDPLayoutBottom_list__mHpCX"><div class="PDPLayoutBottom_leftColumn__6iVHm PDPLayoutBottom_list__mHpCX"><div data-zta="first-vertical" class="slider-vertical PDPLayoutBottom_desktopOnly__1oS1f"><div class="
        RecommendationSlider_sliderContainer__RfMgq" data-name="container_1" data-zta="recoSlider"><span class="RecommendationSlider_sliderTitle__92QSO z-h3">Products you might find interesting</span><div class="RecommendationSlider_slider__NvBrq"><div class="swiper swiper-initialized swiper-vertical swiper-pointer-events RecommendationSlider_swiper__kusMv"><div class="swiper-wrapper" style="transform: translate3d(0px, 0px, 0px);"><div class="swiper-slide swiper-slide-active" data-zta="product-slide" style="height: 417px;"><a data-zta="1949931" href="/shop/cats/dry_cat_food/encore/1949931?zootopia_rec=true&amp;activeVariant=1949931.1&amp;cn=initial&amp;si=3&amp;pn=web_pdp&amp;pr=container_1&amp;strategy=28554372&amp;rk=1-12&amp;slot=1&amp;pi=1949931&amp;rri=fecc0793-6f1f-46df-a9ef-8f9595287d8f" class="z-anchor RecommendationProductCard_slideCard__Rr_tx"><div class="RecommendationProductCard_imageContainer__2st26"><div class="ImageWithLoader_imageWithLoader__s44YO"><span style="box-sizing: border-box; display: inline-block; overflow: hidden; width: initial; height: initial; background: none; opacity: 1; border: 0px; margin: 0px; padding: 0px; position: relative; max-width: 100%;"><span style="box-sizing: border-box; display: block; width: initial; height: initial; background: none; opacity: 1; border: 0px; margin: 0px; padding: 0px; max-width: 100%;"><img alt="" aria-hidden="true" src="data:image/svg+xml,%3csvg%20xmlns=%27http://www.w3.org/2000/svg%27%20version=%271.1%27%20width=%27109%27%20height=%27109%27/%3e" style="display: block; max-width: 100%; width: initial; height: initial; background: none; opacity: 1; border: 0px; margin: 0px; padding: 0px;"></span><img title="Encore Cat Chicken" alt="Encore Cat Chicken" src="https://media.zooplus.com/bilder/1/300/413996_pla_encore_cat_huhn_hs_01_1.jpg" decoding="async" data-nimg="intrinsic" style="position: absolute; inset: 0px; box-sizing: border-box; padding: 0px; border: none; margin: auto; display: block; width: 0px; height: 0px; min-width: 100%; max-width: 100%; min-height: 100%; max-height: 100%; object-fit: contain;"></span></div></div><div class="RecommendationProductCard_ratingBarContainer__8pllY"><div data-zta="RatingUIC" class="z-rating"><span class="z-rating__star-wrap"><span class="pp-visually-hidden">: 5/5</span><svg fill="currentColor" width="24" height="24" xmlns="http://www.w3.org/2000/svg" viewBox="0 0 24 24" role="none" class="z-rating__star z-rating__star--full"><path d="M7.446 7.12 10.603.857a1.569 1.569 0 0 1 2.794 0l.002.004 3.16 6.261 6.018.597a1.555 1.555 0 0 1 .966 2.654l-4.988 4.944 1.85 6.722a1.563 1.563 0 0 1-2.209 1.8L12 20.77l-6.183 3.063a1.563 1.563 0 0 1-2.211-1.804l1.848-6.715L.462 10.37a1.555 1.555 0 0 1 .954-2.653l6.03-.598Z" fill-rule="evenodd"></path></svg><svg fill="currentColor" width="24" height="24" xmlns="http://www.w3.org/2000/svg" viewBox="0 0 24 24" role="none" class="z-rating__star z-rating__star--full"><path d="M7.446 7.12 10.603.857a1.569 1.569 0 0 1 2.794 0l.002.004 3.16 6.261 6.018.597a1.555 1.555 0 0 1 .966 2.654l-4.988 4.944 1.85 6.722a1.563 1.563 0 0 1-2.209 1.8L12 20.77l-6.183 3.063a1.563 1.563 0 0 1-2.211-1.804l1.848-6.715L.462 10.37a1.555 1.555 0 0 1 .954-2.653l6.03-.598Z" fill-rule="evenodd"></path></svg><svg fill="currentColor" width="24" height="24" xmlns="http://www.w3.org/2000/svg" viewBox="0 0 24 24" role="none" class="z-rating__star z-rating__star--full"><path d="M7.446 7.12 10.603.857a1.569 1.569 0 0 1 2.794 0l.002.004 3.16 6.261 6.018.597a1.555 1.555 0 0 1 .966 2.654l-4.988 4.944 1.85 6.722a1.563 1.563 0 0 1-2.209 1.8L12 20.77l-6.183 3.063a1.563 1.563 0 0 1-2.211-1.804l1.848-6.715L.462 10.37a1.555 1.555 0 0 1 .954-2.653l6.03-.598Z" fill-rule="evenodd"></path></svg><svg fill="currentColor" width="24" height="24" xmlns="http://www.w3.org/2000/svg" viewBox="0 0 24 24" role="none" class="z-rating__star z-rating__star--full"><path d="M7.446 7.12 10.603.857a1.569 1.569 0 0 1 2.794 0l.002.004 3.16 6.261 6.018.597a1.555 1.555 0 0 1 .966 2.654l-4.988 4.944 1.85 6.722a1.563 1.563 0 0 1-2.209 1.8L12 20.77l-6.183 3.063a1.563 1.563 0 0 1-2.211-1.804l1.848-6.715L.462 10.37a1.555 1.555 0 0 1 .954-2.653l6.03-.598Z" fill-rule="evenodd"></path></svg><svg fill="currentColor" width="24" height="24" xmlns="http://www.w3.org/2000/svg" viewBox="0 0 24 24" role="none" class="z-rating__star z-rating__star--full"><path d="M7.446 7.12 10.603.857a1.569 1.569 0 0 1 2.794 0l.002.004 3.16 6.261 6.018.597a1.555 1.555 0 0 1 .966 2.654l-4.988 4.944 1.85 6.722a1.563 1.563 0 0 1-2.209 1.8L12 20.77l-6.183 3.063a1.563 1.563 0 0 1-2.211-1.804l1.848-6.715L.462 10.37a1.555 1.555 0 0 1 .954-2.653l6.03-.598Z" fill-rule="evenodd"></path></svg></span></div></div><div class="RecommendationProductCard_cardNameContainer__QFdxC"><p data-zta="P1UIC" title="Encore Cat Chicken" class="z-p1 RecommendationProductCard_cardName__H8vdr">Encore Cat Chicken</p></div><div class="z-price RecommendationProductCard_price__KBkaq Price_price__tUrlr" data-zta="ProductReducedPriceUIC"><div class="z-price__note-wrap"><span class="z-price__note" data-zta="productReducedPricePrefix">individually priced  £14.98</span></div><div class="z-price__price-wrap"><span class="z-price__prepend" data-zta="productReducedPriceAmountIntro">Now </span> <span class="z-price__amount" data-zta="productReducedPriceAmount">£14.39</span></div><span class="z-price__note z-price__note--suffix" data-zta="productReducedPriceSuffix">£8.99 / kg</span></div></a></div><div class="swiper-slide swiper-slide-next" data-zta="product-slide" style="height: 417px;"><a data-zta="943727" href="/shop/cats/dry_cat_food/greenwoods/trial_packs/943727?zootopia_rec=true&amp;activeVariant=943727.0&amp;cn=initial&amp;si=3&amp;pn=web_pdp&amp;pr=container_1&amp;strategy=28554372&amp;rk=1-12&amp;slot=2&amp;pi=943727&amp;rri=fecc0793-6f1f-46df-a9ef-8f9595287d8f" class="z-anchor RecommendationProductCard_slideCard__Rr_tx"><div class="RecommendationProductCard_imageContainer__2st26"><div class="ImageWithLoader_imageWithLoader__s44YO"><span style="box-sizing: border-box; display: inline-block; overflow: hidden; width: initial; height: initial; background: none; opacity: 1; border: 0px; margin: 0px; padding: 0px; position: relative; max-width: 100%;"><span style="box-sizing: border-box; display: block; width: initial; height: initial; background: none; opacity: 1; border: 0px; margin: 0px; padding: 0px; max-width: 100%;"><img alt="" aria-hidden="true" src="data:image/svg+xml,%3csvg%20xmlns=%27http://www.w3.org/2000/svg%27%20version=%271.1%27%20width=%27109%27%20height=%27109%27/%3e" style="display: block; max-width: 100%; width: initial; height: initial; background: none; opacity: 1; border: 0px; margin: 0px; padding: 0px;"></span><img title="Greenwoods Mixed Trial Pack 3 x 400g" alt="Greenwoods Mixed Trial Pack 3 x 400g" src="https://media.zooplus.com/bilder/9/300/943727_9.jpg" decoding="async" data-nimg="intrinsic" style="position: absolute; inset: 0px; box-sizing: border-box; padding: 0px; border: none; margin: auto; display: block; width: 0px; height: 0px; min-width: 100%; max-width: 100%; min-height: 100%; max-height: 100%; object-fit: contain;"></span></div></div><div class="RecommendationProductCard_ratingBarContainer__8pllY"><div data-zta="RatingUIC" class="z-rating"><span class="z-rating__star-wrap"><span class="pp-visually-hidden">: 4/5</span><svg fill="currentColor" width="24" height="24" xmlns="http://www.w3.org/2000/svg" viewBox="0 0 24 24" role="none" class="z-rating__star z-rating__star--full"><path d="M7.446 7.12 10.603.857a1.569 1.569 0 0 1 2.794 0l.002.004 3.16 6.261 6.018.597a1.555 1.555 0 0 1 .966 2.654l-4.988 4.944 1.85 6.722a1.563 1.563 0 0 1-2.209 1.8L12 20.77l-6.183 3.063a1.563 1.563 0 0 1-2.211-1.804l1.848-6.715L.462 10.37a1.555 1.555 0 0 1 .954-2.653l6.03-.598Z" fill-rule="evenodd"></path></svg><svg fill="currentColor" width="24" height="24" xmlns="http://www.w3.org/2000/svg" viewBox="0 0 24 24" role="none" class="z-rating__star z-rating__star--full"><path d="M7.446 7.12 10.603.857a1.569 1.569 0 0 1 2.794 0l.002.004 3.16 6.261 6.018.597a1.555 1.555 0 0 1 .966 2.654l-4.988 4.944 1.85 6.722a1.563 1.563 0 0 1-2.209 1.8L12 20.77l-6.183 3.063a1.563 1.563 0 0 1-2.211-1.804l1.848-6.715L.462 10.37a1.555 1.555 0 0 1 .954-2.653l6.03-.598Z" fill-rule="evenodd"></path></svg><svg fill="currentColor" width="24" height="24" xmlns="http://www.w3.org/2000/svg" viewBox="0 0 24 24" role="none" class="z-rating__star z-rating__star--full"><path d="M7.446 7.12 10.603.857a1.569 1.569 0 0 1 2.794 0l.002.004 3.16 6.261 6.018.597a1.555 1.555 0 0 1 .966 2.654l-4.988 4.944 1.85 6.722a1.563 1.563 0 0 1-2.209 1.8L12 20.77l-6.183 3.063a1.563 1.563 0 0 1-2.211-1.804l1.848-6.715L.462 10.37a1.555 1.555 0 0 1 .954-2.653l6.03-.598Z" fill-rule="evenodd"></path></svg><svg fill="currentColor" width="24" height="24" xmlns="http://www.w3.org/2000/svg" viewBox="0 0 24 24" role="none" class="z-rating__star z-rating__star--full"><path d="M7.446 7.12 10.603.857a1.569 1.569 0 0 1 2.794 0l.002.004 3.16 6.261 6.018.597a1.555 1.555 0 0 1 .966 2.654l-4.988 4.944 1.85 6.722a1.563 1.563 0 0 1-2.209 1.8L12 20.77l-6.183 3.063a1.563 1.563 0 0 1-2.211-1.804l1.848-6.715L.462 10.37a1.555 1.555 0 0 1 .954-2.653l6.03-.598Z" fill-rule="evenodd"></path></svg><svg fill="currentColor" width="24" height="24" xmlns="http://www.w3.org/2000/svg" viewBox="0 0 24 24" role="none" class="z-rating__star"><path d="M7.446 7.12 10.603.857a1.569 1.569 0 0 1 2.794 0l.002.004 3.16 6.261 6.018.597a1.555 1.555 0 0 1 .966 2.654l-4.988 4.944 1.85 6.722a1.563 1.563 0 0 1-2.209 1.8L12 20.77l-6.183 3.063a1.563 1.563 0 0 1-2.211-1.804l1.848-6.715L.462 10.37a1.555 1.555 0 0 1 .954-2.653l6.03-.598Z" fill-rule="evenodd"></path></svg></span></div></div><div class="RecommendationProductCard_cardNameContainer__QFdxC"><p data-zta="P1UIC" title="Greenwoods Mixed Trial Pack 3 x 400g" class="z-p1 RecommendationProductCard_cardName__H8vdr">Greenwoods Mixed Trial Pack 3 x 400g</p></div><div class="z-price RecommendationProductCard_price__KBkaq Price_price__tUrlr" data-zta="ProductReducedPriceUIC"><div class="z-price__note-wrap"><span class="z-price__note" data-zta="productReducedPricePrefix">individually priced  £12.27</span></div><div class="z-price__price-wrap"><span class="z-price__prepend" data-zta="productReducedPriceAmountIntro">Now </span> <span class="z-price__amount" data-zta="productReducedPriceAmount">£10.49</span></div><span class="z-price__note z-price__note--suffix" data-zta="productReducedPriceSuffix">£8.74 / kg</span></div></a></div><div class="swiper-slide" data-zta="product-slide" style="height: 417px;"><a data-zta="1920868" href="/shop/cats/canned_cat_food_pouches/encore/pouches/1920868?zootopia_rec=true&amp;activeVariant=1920868.0&amp;cn=initial&amp;si=3&amp;pn=web_pdp&amp;pr=container_1&amp;strategy=28554372&amp;rk=1-12&amp;slot=3&amp;pi=1920868&amp;rri=fecc0793-6f1f-46df-a9ef-8f9595287d8f" class="z-anchor RecommendationProductCard_slideCard__Rr_tx"><div class="RecommendationProductCard_imageContainer__2st26"><div class="ImageWithLoader_imageWithLoader__s44YO loading"><span style="box-sizing: border-box; display: inline-block; overflow: hidden; width: initial; height: initial; background: none; opacity: 1; border: 0px; margin: 0px; padding: 0px; position: relative; max-width: 100%;"><span style="box-sizing: border-box; display: block; width: initial; height: initial; background: none; opacity: 1; border: 0px; margin: 0px; padding: 0px; max-width: 100%;"><img alt="" aria-hidden="true" src="data:image/svg+xml,%3csvg%20xmlns=%27http://www.w3.org/2000/svg%27%20version=%271.1%27%20width=%27109%27%20height=%27109%27/%3e" style="display: block; max-width: 100%; width: initial; height: initial; background: none; opacity: 1; border: 0px; margin: 0px; padding: 0px;"></span><img title="Encore Cat Gravy Pouch Mix Saver Pack 20 x 50g" alt="Encore Cat Gravy Pouch Mix Saver Pack 20 x 50g" src="data:image/gif;base64,R0lGODlhAQABAIAAAAAAAP///yH5BAEAAAAALAAAAAABAAEAAAIBRAA7" decoding="async" data-nimg="intrinsic" style="position: absolute; inset: 0px; box-sizing: border-box; padding: 0px; border: none; margin: auto; display: block; width: 0px; height: 0px; min-width: 100%; max-width: 100%; min-height: 100%; max-height: 100%; object-fit: contain;"><noscript></noscript></span></div></div><div class="RecommendationProductCard_ratingBarContainer__8pllY"><div data-zta="RatingUIC" class="z-rating"><span class="z-rating__star-wrap"><svg fill="currentColor" width="24" height="24" xmlns="http://www.w3.org/2000/svg" viewBox="0 0 24 24" role="none" class="z-rating__star"><path d="M7.446 7.12 10.603.857a1.569 1.569 0 0 1 2.794 0l.002.004 3.16 6.261 6.018.597a1.555 1.555 0 0 1 .966 2.654l-4.988 4.944 1.85 6.722a1.563 1.563 0 0 1-2.209 1.8L12 20.77l-6.183 3.063a1.563 1.563 0 0 1-2.211-1.804l1.848-6.715L.462 10.37a1.555 1.555 0 0 1 .954-2.653l6.03-.598Z" fill-rule="evenodd"></path></svg><svg fill="currentColor" width="24" height="24" xmlns="http://www.w3.org/2000/svg" viewBox="0 0 24 24" role="none" class="z-rating__star"><path d="M7.446 7.12 10.603.857a1.569 1.569 0 0 1 2.794 0l.002.004 3.16 6.261 6.018.597a1.555 1.555 0 0 1 .966 2.654l-4.988 4.944 1.85 6.722a1.563 1.563 0 0 1-2.209 1.8L12 20.77l-6.183 3.063a1.563 1.563 0 0 1-2.211-1.804l1.848-6.715L.462 10.37a1.555 1.555 0 0 1 .954-2.653l6.03-.598Z" fill-rule="evenodd"></path></svg><svg fill="currentColor" width="24" height="24" xmlns="http://www.w3.org/2000/svg" viewBox="0 0 24 24" role="none" class="z-rating__star"><path d="M7.446 7.12 10.603.857a1.569 1.569 0 0 1 2.794 0l.002.004 3.16 6.261 6.018.597a1.555 1.555 0 0 1 .966 2.654l-4.988 4.944 1.85 6.722a1.563 1.563 0 0 1-2.209 1.8L12 20.77l-6.183 3.063a1.563 1.563 0 0 1-2.211-1.804l1.848-6.715L.462 10.37a1.555 1.555 0 0 1 .954-2.653l6.03-.598Z" fill-rule="evenodd"></path></svg><svg fill="currentColor" width="24" height="24" xmlns="http://www.w3.org/2000/svg" viewBox="0 0 24 24" role="none" class="z-rating__star"><path d="M7.446 7.12 10.603.857a1.569 1.569 0 0 1 2.794 0l.002.004 3.16 6.261 6.018.597a1.555 1.555 0 0 1 .966 2.654l-4.988 4.944 1.85 6.722a1.563 1.563 0 0 1-2.209 1.8L12 20.77l-6.183 3.063a1.563 1.563 0 0 1-2.211-1.804l1.848-6.715L.462 10.37a1.555 1.555 0 0 1 .954-2.653l6.03-.598Z" fill-rule="evenodd"></path></svg><svg fill="currentColor" width="24" height="24" xmlns="http://www.w3.org/2000/svg" viewBox="0 0 24 24" role="none" class="z-rating__star"><path d="M7.446 7.12 10.603.857a1.569 1.569 0 0 1 2.794 0l.002.004 3.16 6.261 6.018.597a1.555 1.555 0 0 1 .966 2.654l-4.988 4.944 1.85 6.722a1.563 1.563 0 0 1-2.209 1.8L12 20.77l-6.183 3.063a1.563 1.563 0 0 1-2.211-1.804l1.848-6.715L.462 10.37a1.555 1.555 0 0 1 .954-2.653l6.03-.598Z" fill-rule="evenodd"></path></svg></span></div></div><div class="RecommendationProductCard_cardNameContainer__QFdxC"><p data-zta="P1UIC" title="Encore Cat Gravy Pouch Mix Saver Pack 20 x 50g" class="z-p1 RecommendationProductCard_cardName__H8vdr">Encore Cat Gravy Pouch Mix Saver Pack 20 x 50g</p></div><div class="z-price RecommendationProductCard_price__KBkaq Price_price__tUrlr" data-zta="ProductReducedPriceUIC"><div class="z-price__note-wrap"><span class="z-price__note" data-zta="productReducedPricePrefix">individually priced  £17.56</span></div><div class="z-price__price-wrap"><span class="z-price__prepend" data-zta="productReducedPriceAmountIntro">Now </span> <span class="z-price__amount" data-zta="productReducedPriceAmount">£16.19</span></div><span class="z-price__note z-price__note--suffix" data-zta="productReducedPriceSuffix">£16.19 / kg</span></div></a></div><div class="swiper-slide" data-zta="product-slide" style="height: 417px;"><a data-zta="1946495" href="/shop/cats/canned_cat_food_pouches/encore/pouches/1946495?zootopia_rec=true&amp;activeVariant=1946495.0&amp;cn=initial&amp;si=3&amp;pn=web_pdp&amp;pr=container_1&amp;strategy=28554372&amp;rk=1-12&amp;slot=4&amp;pi=1946495&amp;rri=fecc0793-6f1f-46df-a9ef-8f9595287d8f" class="z-anchor RecommendationProductCard_slideCard__Rr_tx"><div class="RecommendationProductCard_imageContainer__2st26"><div class="ImageWithLoader_imageWithLoader__s44YO loading"><span style="box-sizing: border-box; display: inline-block; overflow: hidden; width: initial; height: initial; background: none; opacity: 1; border: 0px; margin: 0px; padding: 0px; position: relative; max-width: 100%;"><span style="box-sizing: border-box; display: block; width: initial; height: initial; background: none; opacity: 1; border: 0px; margin: 0px; padding: 0px; max-width: 100%;"><img alt="" aria-hidden="true" src="data:image/svg+xml,%3csvg%20xmlns=%27http://www.w3.org/2000/svg%27%20version=%271.1%27%20width=%27109%27%20height=%27109%27/%3e" style="display: block; max-width: 100%; width: initial; height: initial; background: none; opacity: 1; border: 0px; margin: 0px; padding: 0px;"></span><img title="Encore Cat Pouch in Broth Saver Pack 20 x 50g" alt="Encore Cat Pouch in Broth Saver Pack 20 x 50g" src="data:image/gif;base64,R0lGODlhAQABAIAAAAAAAP///yH5BAEAAAAALAAAAAABAAEAAAIBRAA7" decoding="async" data-nimg="intrinsic" style="position: absolute; inset: 0px; box-sizing: border-box; padding: 0px; border: none; margin: auto; display: block; width: 0px; height: 0px; min-width: 100%; max-width: 100%; min-height: 100%; max-height: 100%; object-fit: contain;"><noscript></noscript></span></div></div><div class="RecommendationProductCard_ratingBarContainer__8pllY"><div data-zta="RatingUIC" class="z-rating"><span class="z-rating__star-wrap"><svg fill="currentColor" width="24" height="24" xmlns="http://www.w3.org/2000/svg" viewBox="0 0 24 24" role="none" class="z-rating__star"><path d="M7.446 7.12 10.603.857a1.569 1.569 0 0 1 2.794 0l.002.004 3.16 6.261 6.018.597a1.555 1.555 0 0 1 .966 2.654l-4.988 4.944 1.85 6.722a1.563 1.563 0 0 1-2.209 1.8L12 20.77l-6.183 3.063a1.563 1.563 0 0 1-2.211-1.804l1.848-6.715L.462 10.37a1.555 1.555 0 0 1 .954-2.653l6.03-.598Z" fill-rule="evenodd"></path></svg><svg fill="currentColor" width="24" height="24" xmlns="http://www.w3.org/2000/svg" viewBox="0 0 24 24" role="none" class="z-rating__star"><path d="M7.446 7.12 10.603.857a1.569 1.569 0 0 1 2.794 0l.002.004 3.16 6.261 6.018.597a1.555 1.555 0 0 1 .966 2.654l-4.988 4.944 1.85 6.722a1.563 1.563 0 0 1-2.209 1.8L12 20.77l-6.183 3.063a1.563 1.563 0 0 1-2.211-1.804l1.848-6.715L.462 10.37a1.555 1.555 0 0 1 .954-2.653l6.03-.598Z" fill-rule="evenodd"></path></svg><svg fill="currentColor" width="24" height="24" xmlns="http://www.w3.org/2000/svg" viewBox="0 0 24 24" role="none" class="z-rating__star"><path d="M7.446 7.12 10.603.857a1.569 1.569 0 0 1 2.794 0l.002.004 3.16 6.261 6.018.597a1.555 1.555 0 0 1 .966 2.654l-4.988 4.944 1.85 6.722a1.563 1.563 0 0 1-2.209 1.8L12 20.77l-6.183 3.063a1.563 1.563 0 0 1-2.211-1.804l1.848-6.715L.462 10.37a1.555 1.555 0 0 1 .954-2.653l6.03-.598Z" fill-rule="evenodd"></path></svg><svg fill="currentColor" width="24" height="24" xmlns="http://www.w3.org/2000/svg" viewBox="0 0 24 24" role="none" class="z-rating__star"><path d="M7.446 7.12 10.603.857a1.569 1.569 0 0 1 2.794 0l.002.004 3.16 6.261 6.018.597a1.555 1.555 0 0 1 .966 2.654l-4.988 4.944 1.85 6.722a1.563 1.563 0 0 1-2.209 1.8L12 20.77l-6.183 3.063a1.563 1.563 0 0 1-2.211-1.804l1.848-6.715L.462 10.37a1.555 1.555 0 0 1 .954-2.653l6.03-.598Z" fill-rule="evenodd"></path></svg><svg fill="currentColor" width="24" height="24" xmlns="http://www.w3.org/2000/svg" viewBox="0 0 24 24" role="none" class="z-rating__star"><path d="M7.446 7.12 10.603.857a1.569 1.569 0 0 1 2.794 0l.002.004 3.16 6.261 6.018.597a1.555 1.555 0 0 1 .966 2.654l-4.988 4.944 1.85 6.722a1.563 1.563 0 0 1-2.209 1.8L12 20.77l-6.183 3.063a1.563 1.563 0 0 1-2.211-1.804l1.848-6.715L.462 10.37a1.555 1.555 0 0 1 .954-2.653l6.03-.598Z" fill-rule="evenodd"></path></svg></span></div></div><div class="RecommendationProductCard_cardNameContainer__QFdxC"><p data-zta="P1UIC" title="Encore Cat Pouch in Broth Saver Pack 20 x 50g" class="z-p1 RecommendationProductCard_cardName__H8vdr">Encore Cat Pouch in Broth Saver Pack 20 x 50g</p></div><div class="z-price RecommendationProductCard_price__KBkaq Price_price__tUrlr" data-zta="ProductReducedPriceUIC"><div class="z-price__note-wrap"><span class="z-price__note" data-zta="productReducedPricePrefix">individually priced  £16.18</span></div><div class="z-price__price-wrap"><span class="z-price__prepend" data-zta="productReducedPriceAmountIntro">Now </span> <span class="z-price__amount" data-zta="productReducedPriceAmount">£14.79</span></div><span class="z-price__note z-price__note--suffix" data-zta="productReducedPriceSuffix">£14.79 / kg</span></div></a></div><div class="swiper-slide" data-zta="product-slide" style="height: 417px;"><a data-zta="1933772" href="/shop/cats/canned_cat_food_pouches/encore/pouches/1933772?zootopia_rec=true&amp;activeVariant=1933772.2&amp;cn=initial&amp;si=3&amp;pn=web_pdp&amp;pr=container_1&amp;strategy=28554372&amp;rk=1-12&amp;slot=5&amp;pi=1933772&amp;rri=fecc0793-6f1f-46df-a9ef-8f9595287d8f" class="z-anchor RecommendationProductCard_slideCard__Rr_tx"><div class="RecommendationProductCard_imageContainer__2st26"><div class="ImageWithLoader_imageWithLoader__s44YO loading"><span style="box-sizing: border-box; display: inline-block; overflow: hidden; width: initial; height: initial; background: none; opacity: 1; border: 0px; margin: 0px; padding: 0px; position: relative; max-width: 100%;"><span style="box-sizing: border-box; display: block; width: initial; height: initial; background: none; opacity: 1; border: 0px; margin: 0px; padding: 0px; max-width: 100%;"><img alt="" aria-hidden="true" src="data:image/svg+xml,%3csvg%20xmlns=%27http://www.w3.org/2000/svg%27%20version=%271.1%27%20width=%27109%27%20height=%27109%27/%3e" style="display: block; max-width: 100%; width: initial; height: initial; background: none; opacity: 1; border: 0px; margin: 0px; padding: 0px;"></span><img title="Encore Cat Pouch in Broth 10 x 50g" alt="Encore Cat Pouch in Broth 10 x 50g" src="data:image/gif;base64,R0lGODlhAQABAIAAAAAAAP///yH5BAEAAAAALAAAAAABAAEAAAIBRAA7" decoding="async" data-nimg="intrinsic" style="position: absolute; inset: 0px; box-sizing: border-box; padding: 0px; border: none; margin: auto; display: block; width: 0px; height: 0px; min-width: 100%; max-width: 100%; min-height: 100%; max-height: 100%; object-fit: contain;"><noscript></noscript></span></div></div><div class="RecommendationProductCard_ratingBarContainer__8pllY"><div data-zta="RatingUIC" class="z-rating"><span class="z-rating__star-wrap"><span class="pp-visually-hidden">: 3/5</span><svg fill="currentColor" width="24" height="24" xmlns="http://www.w3.org/2000/svg" viewBox="0 0 24 24" role="none" class="z-rating__star z-rating__star--full"><path d="M7.446 7.12 10.603.857a1.569 1.569 0 0 1 2.794 0l.002.004 3.16 6.261 6.018.597a1.555 1.555 0 0 1 .966 2.654l-4.988 4.944 1.85 6.722a1.563 1.563 0 0 1-2.209 1.8L12 20.77l-6.183 3.063a1.563 1.563 0 0 1-2.211-1.804l1.848-6.715L.462 10.37a1.555 1.555 0 0 1 .954-2.653l6.03-.598Z" fill-rule="evenodd"></path></svg><svg fill="currentColor" width="24" height="24" xmlns="http://www.w3.org/2000/svg" viewBox="0 0 24 24" role="none" class="z-rating__star z-rating__star--full"><path d="M7.446 7.12 10.603.857a1.569 1.569 0 0 1 2.794 0l.002.004 3.16 6.261 6.018.597a1.555 1.555 0 0 1 .966 2.654l-4.988 4.944 1.85 6.722a1.563 1.563 0 0 1-2.209 1.8L12 20.77l-6.183 3.063a1.563 1.563 0 0 1-2.211-1.804l1.848-6.715L.462 10.37a1.555 1.555 0 0 1 .954-2.653l6.03-.598Z" fill-rule="evenodd"></path></svg><svg fill="currentColor" width="24" height="24" xmlns="http://www.w3.org/2000/svg" viewBox="0 0 24 24" role="none" class="z-rating__star z-rating__star--full"><path d="M7.446 7.12 10.603.857a1.569 1.569 0 0 1 2.794 0l.002.004 3.16 6.261 6.018.597a1.555 1.555 0 0 1 .966 2.654l-4.988 4.944 1.85 6.722a1.563 1.563 0 0 1-2.209 1.8L12 20.77l-6.183 3.063a1.563 1.563 0 0 1-2.211-1.804l1.848-6.715L.462 10.37a1.555 1.555 0 0 1 .954-2.653l6.03-.598Z" fill-rule="evenodd"></path></svg><svg fill="currentColor" width="24" height="24" xmlns="http://www.w3.org/2000/svg" viewBox="0 0 24 24" role="none" class="z-rating__star"><path d="M7.446 7.12 10.603.857a1.569 1.569 0 0 1 2.794 0l.002.004 3.16 6.261 6.018.597a1.555 1.555 0 0 1 .966 2.654l-4.988 4.944 1.85 6.722a1.563 1.563 0 0 1-2.209 1.8L12 20.77l-6.183 3.063a1.563 1.563 0 0 1-2.211-1.804l1.848-6.715L.462 10.37a1.555 1.555 0 0 1 .954-2.653l6.03-.598Z" fill-rule="evenodd"></path></svg><svg fill="currentColor" width="24" height="24" xmlns="http://www.w3.org/2000/svg" viewBox="0 0 24 24" role="none" class="z-rating__star"><path d="M7.446 7.12 10.603.857a1.569 1.569 0 0 1 2.794 0l.002.004 3.16 6.261 6.018.597a1.555 1.555 0 0 1 .966 2.654l-4.988 4.944 1.85 6.722a1.563 1.563 0 0 1-2.209 1.8L12 20.77l-6.183 3.063a1.563 1.563 0 0 1-2.211-1.804l1.848-6.715L.462 10.37a1.555 1.555 0 0 1 .954-2.653l6.03-.598Z" fill-rule="evenodd"></path></svg></span></div></div><div class="RecommendationProductCard_cardNameContainer__QFdxC"><p data-zta="P1UIC" title="Encore Cat Pouch in Broth 10 x 50g" class="z-p1 RecommendationProductCard_cardName__H8vdr">Encore Cat Pouch in Broth 10 x 50g</p></div><div class="z-price RecommendationProductCard_price__KBkaq Price_price__tUrlr" data-zta="ProductStandardPriceUIC"><div class="z-price__price-wrap"><span class="z-price__amount z-price__amount--standard" data-zta="productStandardPriceAmount">£8.09</span></div><span class="z-price__note z-price__note--suffix" data-zta="productStandardPriceSuffix">£16.18 / kg</span></div></a></div><div class="swiper-slide" data-zta="product-slide" style="height: 417px;"><a data-zta="407549" href="/shop/cats/dry_cat_food/purizon/adult_cat/407549?zootopia_rec=true&amp;activeVariant=407549.5&amp;cn=initial&amp;si=3&amp;pn=web_pdp&amp;pr=container_1&amp;strategy=28554372&amp;rk=1-12&amp;slot=6&amp;pi=407549&amp;rri=fecc0793-6f1f-46df-a9ef-8f9595287d8f" class="z-anchor RecommendationProductCard_slideCard__Rr_tx"><div class="RecommendationProductCard_imageContainer__2st26"><div class="ImageWithLoader_imageWithLoader__s44YO loading"><span style="box-sizing: border-box; display: inline-block; overflow: hidden; width: initial; height: initial; background: none; opacity: 1; border: 0px; margin: 0px; padding: 0px; position: relative; max-width: 100%;"><span style="box-sizing: border-box; display: block; width: initial; height: initial; background: none; opacity: 1; border: 0px; margin: 0px; padding: 0px; max-width: 100%;"><img alt="" aria-hidden="true" src="data:image/svg+xml,%3csvg%20xmlns=%27http://www.w3.org/2000/svg%27%20version=%271.1%27%20width=%27109%27%20height=%27109%27/%3e" style="display: block; max-width: 100%; width: initial; height: initial; background: none; opacity: 1; border: 0px; margin: 0px; padding: 0px;"></span><img title="Purizon Adult Grain-Free Chicken with Fish" alt="Purizon Adult Grain-Free Chicken with Fish" src="data:image/gif;base64,R0lGODlhAQABAIAAAAAAAP///yH5BAEAAAAALAAAAAABAAEAAAIBRAA7" decoding="async" data-nimg="intrinsic" style="position: absolute; inset: 0px; box-sizing: border-box; padding: 0px; border: none; margin: auto; display: block; width: 0px; height: 0px; min-width: 100%; max-width: 100%; min-height: 100%; max-height: 100%; object-fit: contain;"><noscript></noscript></span></div></div><div class="RecommendationProductCard_ratingBarContainer__8pllY"><div data-zta="RatingUIC" class="z-rating"><span class="z-rating__star-wrap"><span class="pp-visually-hidden">: 4/5</span><svg fill="currentColor" width="24" height="24" xmlns="http://www.w3.org/2000/svg" viewBox="0 0 24 24" role="none" class="z-rating__star z-rating__star--full"><path d="M7.446 7.12 10.603.857a1.569 1.569 0 0 1 2.794 0l.002.004 3.16 6.261 6.018.597a1.555 1.555 0 0 1 .966 2.654l-4.988 4.944 1.85 6.722a1.563 1.563 0 0 1-2.209 1.8L12 20.77l-6.183 3.063a1.563 1.563 0 0 1-2.211-1.804l1.848-6.715L.462 10.37a1.555 1.555 0 0 1 .954-2.653l6.03-.598Z" fill-rule="evenodd"></path></svg><svg fill="currentColor" width="24" height="24" xmlns="http://www.w3.org/2000/svg" viewBox="0 0 24 24" role="none" class="z-rating__star z-rating__star--full"><path d="M7.446 7.12 10.603.857a1.569 1.569 0 0 1 2.794 0l.002.004 3.16 6.261 6.018.597a1.555 1.555 0 0 1 .966 2.654l-4.988 4.944 1.85 6.722a1.563 1.563 0 0 1-2.209 1.8L12 20.77l-6.183 3.063a1.563 1.563 0 0 1-2.211-1.804l1.848-6.715L.462 10.37a1.555 1.555 0 0 1 .954-2.653l6.03-.598Z" fill-rule="evenodd"></path></svg><svg fill="currentColor" width="24" height="24" xmlns="http://www.w3.org/2000/svg" viewBox="0 0 24 24" role="none" class="z-rating__star z-rating__star--full"><path d="M7.446 7.12 10.603.857a1.569 1.569 0 0 1 2.794 0l.002.004 3.16 6.261 6.018.597a1.555 1.555 0 0 1 .966 2.654l-4.988 4.944 1.85 6.722a1.563 1.563 0 0 1-2.209 1.8L12 20.77l-6.183 3.063a1.563 1.563 0 0 1-2.211-1.804l1.848-6.715L.462 10.37a1.555 1.555 0 0 1 .954-2.653l6.03-.598Z" fill-rule="evenodd"></path></svg><svg fill="currentColor" width="24" height="24" xmlns="http://www.w3.org/2000/svg" viewBox="0 0 24 24" role="none" class="z-rating__star z-rating__star--full"><path d="M7.446 7.12 10.603.857a1.569 1.569 0 0 1 2.794 0l.002.004 3.16 6.261 6.018.597a1.555 1.555 0 0 1 .966 2.654l-4.988 4.944 1.85 6.722a1.563 1.563 0 0 1-2.209 1.8L12 20.77l-6.183 3.063a1.563 1.563 0 0 1-2.211-1.804l1.848-6.715L.462 10.37a1.555 1.555 0 0 1 .954-2.653l6.03-.598Z" fill-rule="evenodd"></path></svg><svg fill="currentColor" width="24" height="24" xmlns="http://www.w3.org/2000/svg" viewBox="0 0 24 24" role="none" class="z-rating__star"><path d="M7.446 7.12 10.603.857a1.569 1.569 0 0 1 2.794 0l.002.004 3.16 6.261 6.018.597a1.555 1.555 0 0 1 .966 2.654l-4.988 4.944 1.85 6.722a1.563 1.563 0 0 1-2.209 1.8L12 20.77l-6.183 3.063a1.563 1.563 0 0 1-2.211-1.804l1.848-6.715L.462 10.37a1.555 1.555 0 0 1 .954-2.653l6.03-.598Z" fill-rule="evenodd"></path></svg></span></div></div><div class="RecommendationProductCard_cardNameContainer__QFdxC"><p data-zta="P1UIC" title="Purizon Adult Grain-Free Chicken with Fish" class="z-p1 RecommendationProductCard_cardName__H8vdr">Purizon Adult Grain-Free Chicken with Fish</p></div><div class="z-price RecommendationProductCard_price__KBkaq Price_price__tUrlr" data-zta="ProductReducedPriceUIC"><div class="z-price__note-wrap"><span class="z-price__note" data-zta="productReducedPricePrefix">individually priced  £27.45</span></div><div class="z-price__price-wrap"><span class="z-price__prepend" data-zta="productReducedPriceAmountIntro">Now </span> <span class="z-price__amount" data-zta="productReducedPriceAmount">£24.99</span></div><span class="z-price__note z-price__note--suffix" data-zta="productReducedPriceSuffix">£12.50 / kg</span></div></a></div><div class="swiper-slide" data-zta="product-slide" style="height: 417px;"><a data-zta="221597" href="/shop/cats/dry_cat_food/smilla/smilla_special_nutrition/221597?zootopia_rec=true&amp;activeVariant=221597.11&amp;cn=initial&amp;si=3&amp;pn=web_pdp&amp;pr=container_1&amp;strategy=28554372&amp;rk=1-12&amp;slot=7&amp;pi=221597&amp;rri=fecc0793-6f1f-46df-a9ef-8f9595287d8f" class="z-anchor RecommendationProductCard_slideCard__Rr_tx"><div class="RecommendationProductCard_imageContainer__2st26"><div class="ImageWithLoader_imageWithLoader__s44YO loading"><span style="box-sizing: border-box; display: inline-block; overflow: hidden; width: initial; height: initial; background: none; opacity: 1; border: 0px; margin: 0px; padding: 0px; position: relative; max-width: 100%;"><span style="box-sizing: border-box; display: block; width: initial; height: initial; background: none; opacity: 1; border: 0px; margin: 0px; padding: 0px; max-width: 100%;"><img alt="" aria-hidden="true" src="data:image/svg+xml,%3csvg%20xmlns=%27http://www.w3.org/2000/svg%27%20version=%271.1%27%20width=%27109%27%20height=%27109%27/%3e" style="display: block; max-width: 100%; width: initial; height: initial; background: none; opacity: 1; border: 0px; margin: 0px; padding: 0px;"></span><img title="Smilla Adult Light - Poultry" alt="Smilla Adult Light - Poultry" src="data:image/gif;base64,R0lGODlhAQABAIAAAAAAAP///yH5BAEAAAAALAAAAAABAAEAAAIBRAA7" decoding="async" data-nimg="intrinsic" style="position: absolute; inset: 0px; box-sizing: border-box; padding: 0px; border: none; margin: auto; display: block; width: 0px; height: 0px; min-width: 100%; max-width: 100%; min-height: 100%; max-height: 100%; object-fit: contain;"><noscript></noscript></span></div></div><div class="RecommendationProductCard_ratingBarContainer__8pllY"><div data-zta="RatingUIC" class="z-rating"><span class="z-rating__star-wrap"><span class="pp-visually-hidden">: 5/5</span><svg fill="currentColor" width="24" height="24" xmlns="http://www.w3.org/2000/svg" viewBox="0 0 24 24" role="none" class="z-rating__star z-rating__star--full"><path d="M7.446 7.12 10.603.857a1.569 1.569 0 0 1 2.794 0l.002.004 3.16 6.261 6.018.597a1.555 1.555 0 0 1 .966 2.654l-4.988 4.944 1.85 6.722a1.563 1.563 0 0 1-2.209 1.8L12 20.77l-6.183 3.063a1.563 1.563 0 0 1-2.211-1.804l1.848-6.715L.462 10.37a1.555 1.555 0 0 1 .954-2.653l6.03-.598Z" fill-rule="evenodd"></path></svg><svg fill="currentColor" width="24" height="24" xmlns="http://www.w3.org/2000/svg" viewBox="0 0 24 24" role="none" class="z-rating__star z-rating__star--full"><path d="M7.446 7.12 10.603.857a1.569 1.569 0 0 1 2.794 0l.002.004 3.16 6.261 6.018.597a1.555 1.555 0 0 1 .966 2.654l-4.988 4.944 1.85 6.722a1.563 1.563 0 0 1-2.209 1.8L12 20.77l-6.183 3.063a1.563 1.563 0 0 1-2.211-1.804l1.848-6.715L.462 10.37a1.555 1.555 0 0 1 .954-2.653l6.03-.598Z" fill-rule="evenodd"></path></svg><svg fill="currentColor" width="24" height="24" xmlns="http://www.w3.org/2000/svg" viewBox="0 0 24 24" role="none" class="z-rating__star z-rating__star--full"><path d="M7.446 7.12 10.603.857a1.569 1.569 0 0 1 2.794 0l.002.004 3.16 6.261 6.018.597a1.555 1.555 0 0 1 .966 2.654l-4.988 4.944 1.85 6.722a1.563 1.563 0 0 1-2.209 1.8L12 20.77l-6.183 3.063a1.563 1.563 0 0 1-2.211-1.804l1.848-6.715L.462 10.37a1.555 1.555 0 0 1 .954-2.653l6.03-.598Z" fill-rule="evenodd"></path></svg><svg fill="currentColor" width="24" height="24" xmlns="http://www.w3.org/2000/svg" viewBox="0 0 24 24" role="none" class="z-rating__star z-rating__star--full"><path d="M7.446 7.12 10.603.857a1.569 1.569 0 0 1 2.794 0l.002.004 3.16 6.261 6.018.597a1.555 1.555 0 0 1 .966 2.654l-4.988 4.944 1.85 6.722a1.563 1.563 0 0 1-2.209 1.8L12 20.77l-6.183 3.063a1.563 1.563 0 0 1-2.211-1.804l1.848-6.715L.462 10.37a1.555 1.555 0 0 1 .954-2.653l6.03-.598Z" fill-rule="evenodd"></path></svg><svg fill="currentColor" width="24" height="24" xmlns="http://www.w3.org/2000/svg" viewBox="0 0 24 24" role="none" class="z-rating__star z-rating__star--full"><path d="M7.446 7.12 10.603.857a1.569 1.569 0 0 1 2.794 0l.002.004 3.16 6.261 6.018.597a1.555 1.555 0 0 1 .966 2.654l-4.988 4.944 1.85 6.722a1.563 1.563 0 0 1-2.209 1.8L12 20.77l-6.183 3.063a1.563 1.563 0 0 1-2.211-1.804l1.848-6.715L.462 10.37a1.555 1.555 0 0 1 .954-2.653l6.03-.598Z" fill-rule="evenodd"></path></svg></span></div></div><div class="RecommendationProductCard_cardNameContainer__QFdxC"><p data-zta="P1UIC" title="Smilla Adult Light - Poultry" class="z-p1 RecommendationProductCard_cardName__H8vdr">Smilla Adult Light - Poultry</p></div><div class="z-price RecommendationProductCard_price__KBkaq Price_price__tUrlr" data-zta="ProductReducedPriceUIC"><div class="z-price__note-wrap"><span class="z-price__note" data-zta="productReducedPricePrefix">individually priced  £15.16</span></div><div class="z-price__price-wrap"><span class="z-price__prepend" data-zta="productReducedPriceAmountIntro">Now </span> <span class="z-price__amount" data-zta="productReducedPriceAmount">£12.99</span></div><span class="z-price__note z-price__note--suffix" data-zta="productReducedPriceSuffix">£3.25 / kg</span></div></a></div><div class="swiper-slide" data-zta="product-slide" style="height: 417px;"><a data-zta="574356" href="/shop/cats/dry_cat_food/thrive/adult/574356?zootopia_rec=true&amp;activeVariant=574356.1&amp;cn=initial&amp;si=3&amp;pn=web_pdp&amp;pr=container_1&amp;strategy=28554372&amp;rk=1-12&amp;slot=8&amp;pi=574356&amp;rri=fecc0793-6f1f-46df-a9ef-8f9595287d8f" class="z-anchor RecommendationProductCard_slideCard__Rr_tx"><div class="RecommendationProductCard_imageContainer__2st26"><div class="ImageWithLoader_imageWithLoader__s44YO loading"><span style="box-sizing: border-box; display: inline-block; overflow: hidden; width: initial; height: initial; background: none; opacity: 1; border: 0px; margin: 0px; padding: 0px; position: relative; max-width: 100%;"><span style="box-sizing: border-box; display: block; width: initial; height: initial; background: none; opacity: 1; border: 0px; margin: 0px; padding: 0px; max-width: 100%;"><img alt="" aria-hidden="true" src="data:image/svg+xml,%3csvg%20xmlns=%27http://www.w3.org/2000/svg%27%20version=%271.1%27%20width=%27109%27%20height=%27109%27/%3e" style="display: block; max-width: 100%; width: initial; height: initial; background: none; opacity: 1; border: 0px; margin: 0px; padding: 0px;"></span><img title="thrive PremiumPlus Dry Cat Food - Chicken" alt="thrive PremiumPlus Dry Cat Food - Chicken" src="data:image/gif;base64,R0lGODlhAQABAIAAAAAAAP///yH5BAEAAAAALAAAAAABAAEAAAIBRAA7" decoding="async" data-nimg="intrinsic" style="position: absolute; inset: 0px; box-sizing: border-box; padding: 0px; border: none; margin: auto; display: block; width: 0px; height: 0px; min-width: 100%; max-width: 100%; min-height: 100%; max-height: 100%; object-fit: contain;"><noscript></noscript></span></div></div><div class="RecommendationProductCard_ratingBarContainer__8pllY"><div data-zta="RatingUIC" class="z-rating"><span class="z-rating__star-wrap"><span class="pp-visually-hidden">: 4/5</span><svg fill="currentColor" width="24" height="24" xmlns="http://www.w3.org/2000/svg" viewBox="0 0 24 24" role="none" class="z-rating__star z-rating__star--full"><path d="M7.446 7.12 10.603.857a1.569 1.569 0 0 1 2.794 0l.002.004 3.16 6.261 6.018.597a1.555 1.555 0 0 1 .966 2.654l-4.988 4.944 1.85 6.722a1.563 1.563 0 0 1-2.209 1.8L12 20.77l-6.183 3.063a1.563 1.563 0 0 1-2.211-1.804l1.848-6.715L.462 10.37a1.555 1.555 0 0 1 .954-2.653l6.03-.598Z" fill-rule="evenodd"></path></svg><svg fill="currentColor" width="24" height="24" xmlns="http://www.w3.org/2000/svg" viewBox="0 0 24 24" role="none" class="z-rating__star z-rating__star--full"><path d="M7.446 7.12 10.603.857a1.569 1.569 0 0 1 2.794 0l.002.004 3.16 6.261 6.018.597a1.555 1.555 0 0 1 .966 2.654l-4.988 4.944 1.85 6.722a1.563 1.563 0 0 1-2.209 1.8L12 20.77l-6.183 3.063a1.563 1.563 0 0 1-2.211-1.804l1.848-6.715L.462 10.37a1.555 1.555 0 0 1 .954-2.653l6.03-.598Z" fill-rule="evenodd"></path></svg><svg fill="currentColor" width="24" height="24" xmlns="http://www.w3.org/2000/svg" viewBox="0 0 24 24" role="none" class="z-rating__star z-rating__star--full"><path d="M7.446 7.12 10.603.857a1.569 1.569 0 0 1 2.794 0l.002.004 3.16 6.261 6.018.597a1.555 1.555 0 0 1 .966 2.654l-4.988 4.944 1.85 6.722a1.563 1.563 0 0 1-2.209 1.8L12 20.77l-6.183 3.063a1.563 1.563 0 0 1-2.211-1.804l1.848-6.715L.462 10.37a1.555 1.555 0 0 1 .954-2.653l6.03-.598Z" fill-rule="evenodd"></path></svg><svg fill="currentColor" width="24" height="24" xmlns="http://www.w3.org/2000/svg" viewBox="0 0 24 24" role="none" class="z-rating__star z-rating__star--full"><path d="M7.446 7.12 10.603.857a1.569 1.569 0 0 1 2.794 0l.002.004 3.16 6.261 6.018.597a1.555 1.555 0 0 1 .966 2.654l-4.988 4.944 1.85 6.722a1.563 1.563 0 0 1-2.209 1.8L12 20.77l-6.183 3.063a1.563 1.563 0 0 1-2.211-1.804l1.848-6.715L.462 10.37a1.555 1.555 0 0 1 .954-2.653l6.03-.598Z" fill-rule="evenodd"></path></svg><svg fill="currentColor" width="24" height="24" xmlns="http://www.w3.org/2000/svg" viewBox="0 0 24 24" role="none" class="z-rating__star"><path d="M7.446 7.12 10.603.857a1.569 1.569 0 0 1 2.794 0l.002.004 3.16 6.261 6.018.597a1.555 1.555 0 0 1 .966 2.654l-4.988 4.944 1.85 6.722a1.563 1.563 0 0 1-2.209 1.8L12 20.77l-6.183 3.063a1.563 1.563 0 0 1-2.211-1.804l1.848-6.715L.462 10.37a1.555 1.555 0 0 1 .954-2.653l6.03-.598Z" fill-rule="evenodd"></path></svg></span></div></div><div class="RecommendationProductCard_cardNameContainer__QFdxC"><p data-zta="P1UIC" title="thrive PremiumPlus Dry Cat Food - Chicken" class="z-p1 RecommendationProductCard_cardName__H8vdr">thrive PremiumPlus Dry Cat Food - Chicken</p></div><div class="z-price RecommendationProductCard_price__KBkaq Price_price__tUrlr" data-zta="ProductReducedPriceUIC"><div class="z-price__note-wrap"><span class="z-price__note" data-zta="productReducedPricePrefix">individually priced  £24.78</span></div><div class="z-price__price-wrap"><span class="z-price__prepend" data-zta="productReducedPriceAmountIntro">Now </span> <span class="z-price__amount" data-zta="productReducedPriceAmount">£23.39</span></div><span class="z-price__note z-price__note--suffix" data-zta="productReducedPriceSuffix">£7.80 / kg</span></div><span data-zta="InfoTagUIC" class="RecommendationProductCard_infoTag__AbfOY z-info-tag z-info-tag--primary">Save 10%</span></a></div><div class="swiper-slide" data-zta="product-slide" style="height: 417px;"><a data-zta="649065" href="/shop/cats/dry_cat_food/wild_freedom/adult/649065?zootopia_rec=true&amp;activeVariant=649065.1&amp;cn=initial&amp;si=3&amp;pn=web_pdp&amp;pr=container_1&amp;strategy=28554372&amp;rk=1-12&amp;slot=9&amp;pi=649065&amp;rri=fecc0793-6f1f-46df-a9ef-8f9595287d8f" class="z-anchor RecommendationProductCard_slideCard__Rr_tx"><div class="RecommendationProductCard_imageContainer__2st26"><div class="ImageWithLoader_imageWithLoader__s44YO loading"><span style="box-sizing: border-box; display: inline-block; overflow: hidden; width: initial; height: initial; background: none; opacity: 1; border: 0px; margin: 0px; padding: 0px; position: relative; max-width: 100%;"><span style="box-sizing: border-box; display: block; width: initial; height: initial; background: none; opacity: 1; border: 0px; margin: 0px; padding: 0px; max-width: 100%;"><img alt="" aria-hidden="true" src="data:image/svg+xml,%3csvg%20xmlns=%27http://www.w3.org/2000/svg%27%20version=%271.1%27%20width=%27109%27%20height=%27109%27/%3e" style="display: block; max-width: 100%; width: initial; height: initial; background: none; opacity: 1; border: 0px; margin: 0px; padding: 0px;"></span><img title="Wild Freedom Adult &quot;Wide Country&quot; Poultry - Grain-free" alt="Wild Freedom Adult &quot;Wide Country&quot; Poultry - Grain-free" src="data:image/gif;base64,R0lGODlhAQABAIAAAAAAAP///yH5BAEAAAAALAAAAAABAAEAAAIBRAA7" decoding="async" data-nimg="intrinsic" style="position: absolute; inset: 0px; box-sizing: border-box; padding: 0px; border: none; margin: auto; display: block; width: 0px; height: 0px; min-width: 100%; max-width: 100%; min-height: 100%; max-height: 100%; object-fit: contain;"><noscript></noscript></span></div></div><div class="RecommendationProductCard_ratingBarContainer__8pllY"><div data-zta="RatingUIC" class="z-rating"><span class="z-rating__star-wrap"><span class="pp-visually-hidden">: 4/5</span><svg fill="currentColor" width="24" height="24" xmlns="http://www.w3.org/2000/svg" viewBox="0 0 24 24" role="none" class="z-rating__star z-rating__star--full"><path d="M7.446 7.12 10.603.857a1.569 1.569 0 0 1 2.794 0l.002.004 3.16 6.261 6.018.597a1.555 1.555 0 0 1 .966 2.654l-4.988 4.944 1.85 6.722a1.563 1.563 0 0 1-2.209 1.8L12 20.77l-6.183 3.063a1.563 1.563 0 0 1-2.211-1.804l1.848-6.715L.462 10.37a1.555 1.555 0 0 1 .954-2.653l6.03-.598Z" fill-rule="evenodd"></path></svg><svg fill="currentColor" width="24" height="24" xmlns="http://www.w3.org/2000/svg" viewBox="0 0 24 24" role="none" class="z-rating__star z-rating__star--full"><path d="M7.446 7.12 10.603.857a1.569 1.569 0 0 1 2.794 0l.002.004 3.16 6.261 6.018.597a1.555 1.555 0 0 1 .966 2.654l-4.988 4.944 1.85 6.722a1.563 1.563 0 0 1-2.209 1.8L12 20.77l-6.183 3.063a1.563 1.563 0 0 1-2.211-1.804l1.848-6.715L.462 10.37a1.555 1.555 0 0 1 .954-2.653l6.03-.598Z" fill-rule="evenodd"></path></svg><svg fill="currentColor" width="24" height="24" xmlns="http://www.w3.org/2000/svg" viewBox="0 0 24 24" role="none" class="z-rating__star z-rating__star--full"><path d="M7.446 7.12 10.603.857a1.569 1.569 0 0 1 2.794 0l.002.004 3.16 6.261 6.018.597a1.555 1.555 0 0 1 .966 2.654l-4.988 4.944 1.85 6.722a1.563 1.563 0 0 1-2.209 1.8L12 20.77l-6.183 3.063a1.563 1.563 0 0 1-2.211-1.804l1.848-6.715L.462 10.37a1.555 1.555 0 0 1 .954-2.653l6.03-.598Z" fill-rule="evenodd"></path></svg><svg fill="currentColor" width="24" height="24" xmlns="http://www.w3.org/2000/svg" viewBox="0 0 24 24" role="none" class="z-rating__star z-rating__star--full"><path d="M7.446 7.12 10.603.857a1.569 1.569 0 0 1 2.794 0l.002.004 3.16 6.261 6.018.597a1.555 1.555 0 0 1 .966 2.654l-4.988 4.944 1.85 6.722a1.563 1.563 0 0 1-2.209 1.8L12 20.77l-6.183 3.063a1.563 1.563 0 0 1-2.211-1.804l1.848-6.715L.462 10.37a1.555 1.555 0 0 1 .954-2.653l6.03-.598Z" fill-rule="evenodd"></path></svg><svg fill="currentColor" width="24" height="24" xmlns="http://www.w3.org/2000/svg" viewBox="0 0 24 24" role="none" class="z-rating__star"><path d="M7.446 7.12 10.603.857a1.569 1.569 0 0 1 2.794 0l.002.004 3.16 6.261 6.018.597a1.555 1.555 0 0 1 .966 2.654l-4.988 4.944 1.85 6.722a1.563 1.563 0 0 1-2.209 1.8L12 20.77l-6.183 3.063a1.563 1.563 0 0 1-2.211-1.804l1.848-6.715L.462 10.37a1.555 1.555 0 0 1 .954-2.653l6.03-.598Z" fill-rule="evenodd"></path></svg></span></div></div><div class="RecommendationProductCard_cardNameContainer__QFdxC"><p data-zta="P1UIC" title="Wild Freedom Adult &quot;Wide Country&quot; Poultry - Grain-free" class="z-p1 RecommendationProductCard_cardName__H8vdr">Wild Freedom Adult "Wide Country" Poultry - Grain-free</p></div><div class="z-price RecommendationProductCard_price__KBkaq Price_price__tUrlr" data-zta="ProductStandardPriceUIC"><div class="z-price__price-wrap"><span class="z-price__amount z-price__amount--standard" data-zta="productStandardPriceAmount">£16.49</span></div><span class="z-price__note z-price__note--suffix" data-zta="productStandardPriceSuffix">£8.25 / kg</span></div></a></div><div class="swiper-slide" data-zta="product-slide" style="height: 417px;"><a data-zta="446311" href="/shop/cats/dry_cat_food/smilla/smilla_special_nutrition/446311?zootopia_rec=true&amp;activeVariant=446311.9&amp;cn=initial&amp;si=3&amp;pn=web_pdp&amp;pr=container_1&amp;strategy=28554372&amp;rk=1-12&amp;slot=10&amp;pi=446311&amp;rri=fecc0793-6f1f-46df-a9ef-8f9595287d8f" class="z-anchor RecommendationProductCard_slideCard__Rr_tx"><div class="RecommendationProductCard_imageContainer__2st26"><div class="ImageWithLoader_imageWithLoader__s44YO loading"><span style="box-sizing: border-box; display: inline-block; overflow: hidden; width: initial; height: initial; background: none; opacity: 1; border: 0px; margin: 0px; padding: 0px; position: relative; max-width: 100%;"><span style="box-sizing: border-box; display: block; width: initial; height: initial; background: none; opacity: 1; border: 0px; margin: 0px; padding: 0px; max-width: 100%;"><img alt="" aria-hidden="true" src="data:image/svg+xml,%3csvg%20xmlns=%27http://www.w3.org/2000/svg%27%20version=%271.1%27%20width=%27109%27%20height=%27109%27/%3e" style="display: block; max-width: 100%; width: initial; height: initial; background: none; opacity: 1; border: 0px; margin: 0px; padding: 0px;"></span><img title="Smilla Adult Kidney Care with Poultry" alt="Smilla Adult Kidney Care with Poultry" src="data:image/gif;base64,R0lGODlhAQABAIAAAAAAAP///yH5BAEAAAAALAAAAAABAAEAAAIBRAA7" decoding="async" data-nimg="intrinsic" style="position: absolute; inset: 0px; box-sizing: border-box; padding: 0px; border: none; margin: auto; display: block; width: 0px; height: 0px; min-width: 100%; max-width: 100%; min-height: 100%; max-height: 100%; object-fit: contain;"><noscript></noscript></span></div></div><div class="RecommendationProductCard_ratingBarContainer__8pllY"><div data-zta="RatingUIC" class="z-rating"><span class="z-rating__star-wrap"><span class="pp-visually-hidden">: 5/5</span><svg fill="currentColor" width="24" height="24" xmlns="http://www.w3.org/2000/svg" viewBox="0 0 24 24" role="none" class="z-rating__star z-rating__star--full"><path d="M7.446 7.12 10.603.857a1.569 1.569 0 0 1 2.794 0l.002.004 3.16 6.261 6.018.597a1.555 1.555 0 0 1 .966 2.654l-4.988 4.944 1.85 6.722a1.563 1.563 0 0 1-2.209 1.8L12 20.77l-6.183 3.063a1.563 1.563 0 0 1-2.211-1.804l1.848-6.715L.462 10.37a1.555 1.555 0 0 1 .954-2.653l6.03-.598Z" fill-rule="evenodd"></path></svg><svg fill="currentColor" width="24" height="24" xmlns="http://www.w3.org/2000/svg" viewBox="0 0 24 24" role="none" class="z-rating__star z-rating__star--full"><path d="M7.446 7.12 10.603.857a1.569 1.569 0 0 1 2.794 0l.002.004 3.16 6.261 6.018.597a1.555 1.555 0 0 1 .966 2.654l-4.988 4.944 1.85 6.722a1.563 1.563 0 0 1-2.209 1.8L12 20.77l-6.183 3.063a1.563 1.563 0 0 1-2.211-1.804l1.848-6.715L.462 10.37a1.555 1.555 0 0 1 .954-2.653l6.03-.598Z" fill-rule="evenodd"></path></svg><svg fill="currentColor" width="24" height="24" xmlns="http://www.w3.org/2000/svg" viewBox="0 0 24 24" role="none" class="z-rating__star z-rating__star--full"><path d="M7.446 7.12 10.603.857a1.569 1.569 0 0 1 2.794 0l.002.004 3.16 6.261 6.018.597a1.555 1.555 0 0 1 .966 2.654l-4.988 4.944 1.85 6.722a1.563 1.563 0 0 1-2.209 1.8L12 20.77l-6.183 3.063a1.563 1.563 0 0 1-2.211-1.804l1.848-6.715L.462 10.37a1.555 1.555 0 0 1 .954-2.653l6.03-.598Z" fill-rule="evenodd"></path></svg><svg fill="currentColor" width="24" height="24" xmlns="http://www.w3.org/2000/svg" viewBox="0 0 24 24" role="none" class="z-rating__star z-rating__star--full"><path d="M7.446 7.12 10.603.857a1.569 1.569 0 0 1 2.794 0l.002.004 3.16 6.261 6.018.597a1.555 1.555 0 0 1 .966 2.654l-4.988 4.944 1.85 6.722a1.563 1.563 0 0 1-2.209 1.8L12 20.77l-6.183 3.063a1.563 1.563 0 0 1-2.211-1.804l1.848-6.715L.462 10.37a1.555 1.555 0 0 1 .954-2.653l6.03-.598Z" fill-rule="evenodd"></path></svg><svg fill="currentColor" width="24" height="24" xmlns="http://www.w3.org/2000/svg" viewBox="0 0 24 24" role="none" class="z-rating__star z-rating__star--full"><path d="M7.446 7.12 10.603.857a1.569 1.569 0 0 1 2.794 0l.002.004 3.16 6.261 6.018.597a1.555 1.555 0 0 1 .966 2.654l-4.988 4.944 1.85 6.722a1.563 1.563 0 0 1-2.209 1.8L12 20.77l-6.183 3.063a1.563 1.563 0 0 1-2.211-1.804l1.848-6.715L.462 10.37a1.555 1.555 0 0 1 .954-2.653l6.03-.598Z" fill-rule="evenodd"></path></svg></span></div></div><div class="RecommendationProductCard_cardNameContainer__QFdxC"><p data-zta="P1UIC" title="Smilla Adult Kidney Care with Poultry" class="z-p1 RecommendationProductCard_cardName__H8vdr">Smilla Adult Kidney Care with Poultry</p></div><div class="z-price RecommendationProductCard_price__KBkaq Price_price__tUrlr" data-zta="ProductStandardPriceUIC"><div class="z-price__price-wrap"><span class="z-price__amount z-price__amount--standard" data-zta="productStandardPriceAmount">£27.49</span></div><span class="z-price__note z-price__note--suffix" data-zta="productStandardPriceSuffix">£2.75 / kg</span></div></a></div><div class="swiper-slide" data-zta="product-slide" style="height: 417px;"><a data-zta="656916" href="/shop/cats/canned_cat_food_pouches/wild_freedom_wet/wild_freedom_adult_wet/656916?zootopia_rec=true&amp;activeVariant=656916.1&amp;cn=initial&amp;si=3&amp;pn=web_pdp&amp;pr=container_1&amp;strategy=28554372&amp;rk=1-12&amp;slot=11&amp;pi=656916&amp;rri=fecc0793-6f1f-46df-a9ef-8f9595287d8f" class="z-anchor RecommendationProductCard_slideCard__Rr_tx"><div class="RecommendationProductCard_imageContainer__2st26"><div class="ImageWithLoader_imageWithLoader__s44YO loading"><span style="box-sizing: border-box; display: inline-block; overflow: hidden; width: initial; height: initial; background: none; opacity: 1; border: 0px; margin: 0px; padding: 0px; position: relative; max-width: 100%;"><span style="box-sizing: border-box; display: block; width: initial; height: initial; background: none; opacity: 1; border: 0px; margin: 0px; padding: 0px; max-width: 100%;"><img alt="" aria-hidden="true" src="data:image/svg+xml,%3csvg%20xmlns=%27http://www.w3.org/2000/svg%27%20version=%271.1%27%20width=%27109%27%20height=%27109%27/%3e" style="display: block; max-width: 100%; width: initial; height: initial; background: none; opacity: 1; border: 0px; margin: 0px; padding: 0px;"></span><img title="Wild Freedom Adult 6 x 200g" alt="Wild Freedom Adult 6 x 200g" src="data:image/gif;base64,R0lGODlhAQABAIAAAAAAAP///yH5BAEAAAAALAAAAAABAAEAAAIBRAA7" decoding="async" data-nimg="intrinsic" style="position: absolute; inset: 0px; box-sizing: border-box; padding: 0px; border: none; margin: auto; display: block; width: 0px; height: 0px; min-width: 100%; max-width: 100%; min-height: 100%; max-height: 100%; object-fit: contain;"><noscript></noscript></span></div></div><div class="RecommendationProductCard_ratingBarContainer__8pllY"><div data-zta="RatingUIC" class="z-rating"><span class="z-rating__star-wrap"><span class="pp-visually-hidden">: 4/5</span><svg fill="currentColor" width="24" height="24" xmlns="http://www.w3.org/2000/svg" viewBox="0 0 24 24" role="none" class="z-rating__star z-rating__star--full"><path d="M7.446 7.12 10.603.857a1.569 1.569 0 0 1 2.794 0l.002.004 3.16 6.261 6.018.597a1.555 1.555 0 0 1 .966 2.654l-4.988 4.944 1.85 6.722a1.563 1.563 0 0 1-2.209 1.8L12 20.77l-6.183 3.063a1.563 1.563 0 0 1-2.211-1.804l1.848-6.715L.462 10.37a1.555 1.555 0 0 1 .954-2.653l6.03-.598Z" fill-rule="evenodd"></path></svg><svg fill="currentColor" width="24" height="24" xmlns="http://www.w3.org/2000/svg" viewBox="0 0 24 24" role="none" class="z-rating__star z-rating__star--full"><path d="M7.446 7.12 10.603.857a1.569 1.569 0 0 1 2.794 0l.002.004 3.16 6.261 6.018.597a1.555 1.555 0 0 1 .966 2.654l-4.988 4.944 1.85 6.722a1.563 1.563 0 0 1-2.209 1.8L12 20.77l-6.183 3.063a1.563 1.563 0 0 1-2.211-1.804l1.848-6.715L.462 10.37a1.555 1.555 0 0 1 .954-2.653l6.03-.598Z" fill-rule="evenodd"></path></svg><svg fill="currentColor" width="24" height="24" xmlns="http://www.w3.org/2000/svg" viewBox="0 0 24 24" role="none" class="z-rating__star z-rating__star--full"><path d="M7.446 7.12 10.603.857a1.569 1.569 0 0 1 2.794 0l.002.004 3.16 6.261 6.018.597a1.555 1.555 0 0 1 .966 2.654l-4.988 4.944 1.85 6.722a1.563 1.563 0 0 1-2.209 1.8L12 20.77l-6.183 3.063a1.563 1.563 0 0 1-2.211-1.804l1.848-6.715L.462 10.37a1.555 1.555 0 0 1 .954-2.653l6.03-.598Z" fill-rule="evenodd"></path></svg><svg fill="currentColor" width="24" height="24" xmlns="http://www.w3.org/2000/svg" viewBox="0 0 24 24" role="none" class="z-rating__star z-rating__star--full"><path d="M7.446 7.12 10.603.857a1.569 1.569 0 0 1 2.794 0l.002.004 3.16 6.261 6.018.597a1.555 1.555 0 0 1 .966 2.654l-4.988 4.944 1.85 6.722a1.563 1.563 0 0 1-2.209 1.8L12 20.77l-6.183 3.063a1.563 1.563 0 0 1-2.211-1.804l1.848-6.715L.462 10.37a1.555 1.555 0 0 1 .954-2.653l6.03-.598Z" fill-rule="evenodd"></path></svg><svg fill="currentColor" width="24" height="24" xmlns="http://www.w3.org/2000/svg" viewBox="0 0 24 24" role="none" class="z-rating__star"><path d="M7.446 7.12 10.603.857a1.569 1.569 0 0 1 2.794 0l.002.004 3.16 6.261 6.018.597a1.555 1.555 0 0 1 .966 2.654l-4.988 4.944 1.85 6.722a1.563 1.563 0 0 1-2.209 1.8L12 20.77l-6.183 3.063a1.563 1.563 0 0 1-2.211-1.804l1.848-6.715L.462 10.37a1.555 1.555 0 0 1 .954-2.653l6.03-.598Z" fill-rule="evenodd"></path></svg></span></div></div><div class="RecommendationProductCard_cardNameContainer__QFdxC"><p data-zta="P1UIC" title="Wild Freedom Adult 6 x 200g" class="z-p1 RecommendationProductCard_cardName__H8vdr">Wild Freedom Adult 6 x 200g</p></div><div class="z-price RecommendationProductCard_price__KBkaq Price_price__tUrlr" data-zta="ProductStandardPriceUIC"><div class="z-price__price-wrap"><span class="z-price__amount z-price__amount--standard" data-zta="productStandardPriceAmount">£9.49</span></div><span class="z-price__note z-price__note--suffix" data-zta="productStandardPriceSuffix">£7.91 / kg</span></div></a></div><div class="swiper-slide" data-zta="product-slide" style="height: 417px;"><a data-zta="766476" href="/shop/cats/dry_cat_food/purizon/adult_cat/766476?zootopia_rec=true&amp;activeVariant=766476.1&amp;cn=initial&amp;si=3&amp;pn=web_pdp&amp;pr=container_1&amp;strategy=28554372&amp;rk=1-12&amp;slot=12&amp;pi=766476&amp;rri=fecc0793-6f1f-46df-a9ef-8f9595287d8f" class="z-anchor RecommendationProductCard_slideCard__Rr_tx"><div class="RecommendationProductCard_imageContainer__2st26"><div class="ImageWithLoader_imageWithLoader__s44YO loading"><span style="box-sizing: border-box; display: inline-block; overflow: hidden; width: initial; height: initial; background: none; opacity: 1; border: 0px; margin: 0px; padding: 0px; position: relative; max-width: 100%;"><span style="box-sizing: border-box; display: block; width: initial; height: initial; background: none; opacity: 1; border: 0px; margin: 0px; padding: 0px; max-width: 100%;"><img alt="" aria-hidden="true" src="data:image/svg+xml,%3csvg%20xmlns=%27http://www.w3.org/2000/svg%27%20version=%271.1%27%20width=%27109%27%20height=%27109%27/%3e" style="display: block; max-width: 100%; width: initial; height: initial; background: none; opacity: 1; border: 0px; margin: 0px; padding: 0px;"></span><img title="Purizon Large Adult Grain-Free Chicken &amp; Fish " alt="Purizon Large Adult Grain-Free Chicken &amp; Fish " src="data:image/gif;base64,R0lGODlhAQABAIAAAAAAAP///yH5BAEAAAAALAAAAAABAAEAAAIBRAA7" decoding="async" data-nimg="intrinsic" style="position: absolute; inset: 0px; box-sizing: border-box; padding: 0px; border: none; margin: auto; display: block; width: 0px; height: 0px; min-width: 100%; max-width: 100%; min-height: 100%; max-height: 100%; object-fit: contain;"><noscript></noscript></span></div></div><div class="RecommendationProductCard_ratingBarContainer__8pllY"><div data-zta="RatingUIC" class="z-rating"><span class="z-rating__star-wrap"><span class="pp-visually-hidden">: 4/5</span><svg fill="currentColor" width="24" height="24" xmlns="http://www.w3.org/2000/svg" viewBox="0 0 24 24" role="none" class="z-rating__star z-rating__star--full"><path d="M7.446 7.12 10.603.857a1.569 1.569 0 0 1 2.794 0l.002.004 3.16 6.261 6.018.597a1.555 1.555 0 0 1 .966 2.654l-4.988 4.944 1.85 6.722a1.563 1.563 0 0 1-2.209 1.8L12 20.77l-6.183 3.063a1.563 1.563 0 0 1-2.211-1.804l1.848-6.715L.462 10.37a1.555 1.555 0 0 1 .954-2.653l6.03-.598Z" fill-rule="evenodd"></path></svg><svg fill="currentColor" width="24" height="24" xmlns="http://www.w3.org/2000/svg" viewBox="0 0 24 24" role="none" class="z-rating__star z-rating__star--full"><path d="M7.446 7.12 10.603.857a1.569 1.569 0 0 1 2.794 0l.002.004 3.16 6.261 6.018.597a1.555 1.555 0 0 1 .966 2.654l-4.988 4.944 1.85 6.722a1.563 1.563 0 0 1-2.209 1.8L12 20.77l-6.183 3.063a1.563 1.563 0 0 1-2.211-1.804l1.848-6.715L.462 10.37a1.555 1.555 0 0 1 .954-2.653l6.03-.598Z" fill-rule="evenodd"></path></svg><svg fill="currentColor" width="24" height="24" xmlns="http://www.w3.org/2000/svg" viewBox="0 0 24 24" role="none" class="z-rating__star z-rating__star--full"><path d="M7.446 7.12 10.603.857a1.569 1.569 0 0 1 2.794 0l.002.004 3.16 6.261 6.018.597a1.555 1.555 0 0 1 .966 2.654l-4.988 4.944 1.85 6.722a1.563 1.563 0 0 1-2.209 1.8L12 20.77l-6.183 3.063a1.563 1.563 0 0 1-2.211-1.804l1.848-6.715L.462 10.37a1.555 1.555 0 0 1 .954-2.653l6.03-.598Z" fill-rule="evenodd"></path></svg><svg fill="currentColor" width="24" height="24" xmlns="http://www.w3.org/2000/svg" viewBox="0 0 24 24" role="none" class="z-rating__star z-rating__star--full"><path d="M7.446 7.12 10.603.857a1.569 1.569 0 0 1 2.794 0l.002.004 3.16 6.261 6.018.597a1.555 1.555 0 0 1 .966 2.654l-4.988 4.944 1.85 6.722a1.563 1.563 0 0 1-2.209 1.8L12 20.77l-6.183 3.063a1.563 1.563 0 0 1-2.211-1.804l1.848-6.715L.462 10.37a1.555 1.555 0 0 1 .954-2.653l6.03-.598Z" fill-rule="evenodd"></path></svg><svg fill="currentColor" width="24" height="24" xmlns="http://www.w3.org/2000/svg" viewBox="0 0 24 24" role="none" class="z-rating__star"><path d="M7.446 7.12 10.603.857a1.569 1.569 0 0 1 2.794 0l.002.004 3.16 6.261 6.018.597a1.555 1.555 0 0 1 .966 2.654l-4.988 4.944 1.85 6.722a1.563 1.563 0 0 1-2.209 1.8L12 20.77l-6.183 3.063a1.563 1.563 0 0 1-2.211-1.804l1.848-6.715L.462 10.37a1.555 1.555 0 0 1 .954-2.653l6.03-.598Z" fill-rule="evenodd"></path></svg></span></div></div><div class="RecommendationProductCard_cardNameContainer__QFdxC"><p data-zta="P1UIC" title="Purizon Large Adult Grain-Free Chicken &amp; Fish " class="z-p1 RecommendationProductCard_cardName__H8vdr">Purizon Large Adult Grain-Free Chicken &amp; Fish </p></div><div class="z-price RecommendationProductCard_price__KBkaq Price_price__tUrlr" data-zta="ProductStandardPriceUIC"><div class="z-price__price-wrap"><span class="z-price__amount z-price__amount--standard" data-zta="productStandardPriceAmount">£49.99</span></div><span class="z-price__note z-price__note--suffix" data-zta="productStandardPriceSuffix">£7.69 / kg</span></div></a></div></div></div><span class="RecommendationSlider_swiperPreviousButton__MDZq6 swiper-button-prev prev-first-vertical disabled" data-zta="first-vertical-recommendationSliderPreviousButton"><svg fill="currentColor" width="24" height="24" xmlns="http://www.w3.org/2000/svg" viewBox="0 0 24 24" role="img"><path d="M20.485 3.515c4.687 4.686 4.687 12.284 0 16.97-4.686 4.687-12.284 4.687-16.97 0-4.687-4.686-4.687-12.284 0-16.97 4.686-4.687 12.284-4.687 16.97 0Zm-15.91 1.06c-4.1 4.1-4.1 10.75 0 14.85s10.75 4.1 14.85 0 4.1-10.75 0-14.85-10.75-4.1-14.85 0Zm7.206 3.142a.75.75 0 0 1 0 1.06l-2.47 2.469 7.19.001a.75.75 0 1 1 0 1.5l-7.19-.001 2.47 2.47a.75.75 0 0 1-1.06 1.061l-3.75-3.75-.064-.072a.752.752 0 0 1-.005-.006l.069.078a.754.754 0 0 1-.22-.53v-.03l.004-.043-.004.073a.754.754 0 0 1 .22-.53l3.75-3.75a.75.75 0 0 1 1.06 0Z" fill-rule="evenodd"></path></svg></span><span class="RecommendationSlider_swiperNextButton__7fIPF swiper-button-next next-first-vertical" data-zta="first-vertical-recommendationSliderNextButton"><svg fill="currentColor" width="24" height="24" xmlns="http://www.w3.org/2000/svg" viewBox="0 0 24 24" role="img"><path d="M3.515 3.515c4.686-4.687 12.284-4.687 16.97 0 4.687 4.686 4.687 12.284 0 16.97-4.686 4.687-12.284 4.687-16.97 0-4.687-4.686-4.687-12.284 0-16.97Zm15.91 1.06c-4.1-4.1-10.75-4.1-14.85 0s-4.1 10.75 0 14.85 10.75 4.1 14.85 0 4.1-10.75 0-14.85Zm-7.206 3.142a.75.75 0 0 1 1.06 0l3.75 3.75a.754.754 0 0 1 .22.53l-.004-.073c.002.014.003.029.003.044l.001.029a.763.763 0 0 1-.129.42.748.748 0 0 1-.09.11l.068-.078a.75.75 0 0 1-.005.006l-.064.072-3.75 3.75a.75.75 0 0 1-1.06-1.06l2.469-2.471-7.189.001a.75.75 0 0 1-.743-.648l-.007-.102a.75.75 0 0 1 .75-.75l7.189-.001-2.47-2.469a.75.75 0 0 1-.072-.976Z" fill-rule="evenodd"></path></svg></span></div></div></div></div><div class="PDPLayoutBottom_rightColumn__DwVrA PDPLayoutBottom_list__mHpCX"><div data-zta="tabs"><div class="Tabs_tabList__ek4ed"><h2 data-zta="description" data-index="0" id="description-header" class="z-h2 Tabs_tabHeader__pMnba Tabs_selectedTabHeader__lOXlc">Product description<svg fill="currentColor" width="24" height="24" xmlns="http://www.w3.org/2000/svg" viewBox="0 0 24 24" role="img"><path d="M6.57 9.93a.75.75 0 0 1 .977-1.134l.084.073 4.625 4.626 4.627-4.626a.75.75 0 0 1 .976-.073l.085.073a.75.75 0 0 1 .072.976l-.072.085-4.913 4.913a1.093 1.093 0 0 1-1.451.085l-.095-.084L6.57 9.93Z" fill-rule="evenodd"></path></svg></h2><div id="description" class="Tabs_tabContent__pDqtd Tabs_selectedTabContent__GnfLa"><div class="Content_content__AHXRT anchors_anchorsHTML__ksgRw"><p data-zta="productDescription" class="PDPTabs_productDescription__EJ_R1">Balanced dry food for cats, with 100% natural ingredients and no grains or gluten, with chicken and salmon as the key ingredients, rich in protein and a source of taurine and omega-3 fatty acids.</p>Encore Cat Chicken with Salmon is a delicious dry food for cats, made with&nbsp;<strong>100% natural ingredients</strong>. The main ingredients are chicken and salmon, which form over 80% of the recipe and provide essential protein. This kibble contains no grains, gluten or other allergies, making it an ideal choice as a delectable&nbsp;<strong>hypoallergenic</strong>&nbsp;option for more sensitive cats. This food is easy to digest and contains potato as a digestible source of carbohydrate and fibre.<br>
    This&nbsp;Encore Cat Chicken with Salmon provides&nbsp;<strong>omega-3 fatty acids</strong>&nbsp;from salmon oil, which helps to keep skin and coat healthy as well as supporting healthy brain function. It provides your cat with essential vitamins, minerals and taurine, a vital amino acid for supporting heart and vision.&nbsp;Encore Cat Chicken with Salmon also contains yucca schidigera to help reduce unpleasant stool odour.<br>
    <br>
    <strong>Encore Cat Chicken with Salmon at a glance:</strong>
    <ul>
        <li>Delicious dry food for cats</li>
        <li><strong>Protein-rich:&nbsp;</strong>with a high content of chicken and salmon</li>
        <li><strong>Hypoallergenic:&nbsp;</strong>free from allergens such as grains and gluten</li>
        <li><strong>Natural ingredients:&nbsp;</strong>free from artificial flavour enhancers and preservatives</li>
        <li><strong>Contains omega-3 fatty acids:&nbsp;</strong>to support skin and coat, as well as maintain healthy brain function</li>
        <li><b>With brown algae:&nbsp;</b>natural source of minerals</li>
        <li><strong>Source of taurine:&nbsp;</strong>essential amino acid for healthy heart function and strong vision</li>
        <li><b>Contains yucca schidigera:&nbsp;</b>can help to reduce unpleasant stool odour</li>
        <li><strong>Balanced recipe:&nbsp;</strong>suitable as a complete food for daily feeding</li>
    </ul>
</div></div><h2 data-zta="ingredients" data-index="1" id="ingredients-header" class="z-h2 Tabs_tabHeader__pMnba">Ingredients<svg fill="currentColor" width="24" height="24" xmlns="http://www.w3.org/2000/svg" viewBox="0 0 24 24" role="img"><path d="M6.57 9.93a.75.75 0 0 1 .977-1.134l.084.073 4.625 4.626 4.627-4.626a.75.75 0 0 1 .976-.073l.085.073a.75.75 0 0 1 .072.976l-.072.085-4.913 4.913a1.093 1.093 0 0 1-1.451.085l-.095-.084L6.57 9.93Z" fill-rule="evenodd"></path></svg></h2><div id="ingredients" class="Tabs_tabContent__pDqtd"><div class="Content_content__AHXRT Content_isTruncated__13S4Z"><a data-zta="goToConstituents" class="z-anchor Ingredients_goToConstituents__aXC_f">Go to analytical constituents</a><div class="anchors_anchorsHTML__ksgRw"><strong>Ingredients:</strong><br>
    Dried chicken meal (50%), dried salmon meal (13%), chicken mince (13%), potato, salmon (6%), beet pulp, brewer's yeast, salmon oil (1%, source of omega-3), chicken gravy (1%), fish gravy (0.5%), vitamins and minerals, dried egg, cellulose, plant fibres (0.03%), sodium chloride, calcium carbonate, brown algae, cranberry, DL-methionine, potassium chloride, yucca extract, citrus extract, rosemary extract.<br>
    <br>
    <strong>Additives per kg:</strong><br>
    <i>Nutritional additives:</i><br>
    Vitamin A (27,850 IU), vitamin D3 (1200 IU), taurine (2000mg), vitamin E (615mg), selenium [as sodium selenite] (0.13mg), iodine [as calcium iodate anhydrous] (1.5mg), iron [as ferrous sulphate monohydrate] (80mg), copper [as cupric sulphate pentahydrate] (48mg), manganese [as manganous sulphate monohydrate] (38mg), zinc [as zinc sulphate monohydrate] (135mg).<br>
    <em>Technological additives:</em><br>
    E1705 Enterococcus Faecium Cernelle 68 [Sf68; Ncimb 10415] (1.000.000.000 Cfu).<br>
    Natural antioxidants: mixed tocopherols, rosemary extract.</div><hr class="Ingredients_space__57MIT"><p class="Ingredients_paragraph__rflDQ"><b>Analytical constituents</b></p><select data-zta="constituentsSelect" class="Variants_select__dfJcl"><option value="800g">800g</option><option value="Economy Pack: 2 x 800g">Economy Pack: 2 x 800g</option></select><table data-zta="constituentsTable" class="Table_table__g_KVh"><tbody><tr><td>protein</td><td>37.0<!-- --> <!-- -->%</td></tr><tr><td>fat</td><td>20.0<!-- --> <!-- -->%</td></tr><tr><td>fibre</td><td>2.2<!-- --> <!-- -->%</td></tr><tr><td>ash</td><td>10.8<!-- --> <!-- -->%</td></tr><tr><td>calcium</td><td>2.8<!-- --> <!-- -->%</td></tr><tr><td>omega-3 fats</td><td>1.4<!-- --> <!-- -->%</td></tr><tr><td>omega-6 fats</td><td>3.5<!-- --> <!-- -->%</td></tr></tbody></table></div></div><h2 data-zta="feedingrecommendation" data-index="2" id="feedingrecommendation-header" class="z-h2 Tabs_tabHeader__pMnba">Feeding guide<svg fill="currentColor" width="24" height="24" xmlns="http://www.w3.org/2000/svg" viewBox="0 0 24 24" role="img"><path d="M6.57 9.93a.75.75 0 0 1 .977-1.134l.084.073 4.625 4.626 4.627-4.626a.75.75 0 0 1 .976-.073l.085.073a.75.75 0 0 1 .072.976l-.072.085-4.913 4.913a1.093 1.093 0 0 1-1.451.085l-.095-.084L6.57 9.93Z" fill-rule="evenodd"></path></svg></h2><div id="feedingrecommendation" class="Tabs_tabContent__pDqtd"><div class="Content_content__AHXRT Content_isTruncated__13S4Z anchors_anchorsHTML__ksgRw"><strong>Feeding recommendation:</strong><br>
    Encore Cat Chicken with Salmon&nbsp;is a complete food for cats.<br>
    &nbsp;
    <table border="1" cellpadding="1" cellspacing="1" style="width: 340px;">
        <tbody>
        <tr>
            <td style="text-align: center;"><strong><small>Cat's weight</small></strong></td>
            <td style="text-align: center;"><strong><small>Serving in g/day</small></strong></td>
        </tr>
        <tr>
            <td style="text-align: center;"><small>&nbsp;0 - 3 kg</small></td>
            <td style="text-align: center;"><small>20 - 40 g</small></td>
        </tr>
        <tr>
            <td style="text-align: center;"><small>3 - 5 kg</small></td>
            <td style="text-align: center;"><small>40 - 60 g</small></td>
        </tr>
        <tr>
            <td style="text-align: center;"><small>&nbsp;5kg+</small></td>
            <td style="text-align: center;"><small>60 - 100 g&nbsp;</small></td>
        </tr>
        </tbody>
    </table>
    <br>
    Ensure fresh, clean drinking water is always available.</div></div></div></div><div data-zta="first-horizontal" class="slider-horizontal PDPLayoutBottom_mobileOnly__wTeNp"><div class="
        RecommendationSlider_sliderContainer__RfMgq" data-name="container_1" data-zta="recoSlider"><span class="RecommendationSlider_sliderTitle__92QSO z-h3">Products you might find interesting</span><div class="RecommendationSlider_slider__NvBrq"><div class="swiper swiper-initialized swiper-horizontal swiper-pointer-events RecommendationSlider_swiper__kusMv"><div class="swiper-wrapper" style="transition-duration: 0ms;"><div class="swiper-slide" data-zta="product-slide"><a data-zta="1949931" href="/shop/cats/dry_cat_food/encore/1949931?zootopia_rec=true&amp;activeVariant=1949931.1&amp;cn=initial&amp;si=3&amp;pn=web_pdp&amp;pr=container_1&amp;strategy=28554372&amp;rk=1-12&amp;slot=1&amp;pi=1949931&amp;rri=fecc0793-6f1f-46df-a9ef-8f9595287d8f" class="z-anchor RecommendationProductCard_slideCard__Rr_tx"><div class="RecommendationProductCard_imageContainer__2st26"><div class="ImageWithLoader_imageWithLoader__s44YO loading"><span style="box-sizing: border-box; display: inline-block; overflow: hidden; width: initial; height: initial; background: none; opacity: 1; border: 0px; margin: 0px; padding: 0px; position: relative; max-width: 100%;"><span style="box-sizing: border-box; display: block; width: initial; height: initial; background: none; opacity: 1; border: 0px; margin: 0px; padding: 0px; max-width: 100%;"><img alt="" aria-hidden="true" src="data:image/svg+xml,%3csvg%20xmlns=%27http://www.w3.org/2000/svg%27%20version=%271.1%27%20width=%27109%27%20height=%27109%27/%3e" style="display: block; max-width: 100%; width: initial; height: initial; background: none; opacity: 1; border: 0px; margin: 0px; padding: 0px;"></span><img title="Encore Cat Chicken" alt="Encore Cat Chicken" src="data:image/gif;base64,R0lGODlhAQABAIAAAAAAAP///yH5BAEAAAAALAAAAAABAAEAAAIBRAA7" decoding="async" data-nimg="intrinsic" style="position: absolute; inset: 0px; box-sizing: border-box; padding: 0px; border: none; margin: auto; display: block; width: 0px; height: 0px; min-width: 100%; max-width: 100%; min-height: 100%; max-height: 100%; object-fit: contain;"><noscript></noscript></span></div></div><div class="RecommendationProductCard_ratingBarContainer__8pllY"><div data-zta="RatingUIC" class="z-rating"><span class="z-rating__star-wrap"><span class="pp-visually-hidden">: 5/5</span><svg fill="currentColor" width="24" height="24" xmlns="http://www.w3.org/2000/svg" viewBox="0 0 24 24" role="none" class="z-rating__star z-rating__star--full"><path d="M7.446 7.12 10.603.857a1.569 1.569 0 0 1 2.794 0l.002.004 3.16 6.261 6.018.597a1.555 1.555 0 0 1 .966 2.654l-4.988 4.944 1.85 6.722a1.563 1.563 0 0 1-2.209 1.8L12 20.77l-6.183 3.063a1.563 1.563 0 0 1-2.211-1.804l1.848-6.715L.462 10.37a1.555 1.555 0 0 1 .954-2.653l6.03-.598Z" fill-rule="evenodd"></path></svg><svg fill="currentColor" width="24" height="24" xmlns="http://www.w3.org/2000/svg" viewBox="0 0 24 24" role="none" class="z-rating__star z-rating__star--full"><path d="M7.446 7.12 10.603.857a1.569 1.569 0 0 1 2.794 0l.002.004 3.16 6.261 6.018.597a1.555 1.555 0 0 1 .966 2.654l-4.988 4.944 1.85 6.722a1.563 1.563 0 0 1-2.209 1.8L12 20.77l-6.183 3.063a1.563 1.563 0 0 1-2.211-1.804l1.848-6.715L.462 10.37a1.555 1.555 0 0 1 .954-2.653l6.03-.598Z" fill-rule="evenodd"></path></svg><svg fill="currentColor" width="24" height="24" xmlns="http://www.w3.org/2000/svg" viewBox="0 0 24 24" role="none" class="z-rating__star z-rating__star--full"><path d="M7.446 7.12 10.603.857a1.569 1.569 0 0 1 2.794 0l.002.004 3.16 6.261 6.018.597a1.555 1.555 0 0 1 .966 2.654l-4.988 4.944 1.85 6.722a1.563 1.563 0 0 1-2.209 1.8L12 20.77l-6.183 3.063a1.563 1.563 0 0 1-2.211-1.804l1.848-6.715L.462 10.37a1.555 1.555 0 0 1 .954-2.653l6.03-.598Z" fill-rule="evenodd"></path></svg><svg fill="currentColor" width="24" height="24" xmlns="http://www.w3.org/2000/svg" viewBox="0 0 24 24" role="none" class="z-rating__star z-rating__star--full"><path d="M7.446 7.12 10.603.857a1.569 1.569 0 0 1 2.794 0l.002.004 3.16 6.261 6.018.597a1.555 1.555 0 0 1 .966 2.654l-4.988 4.944 1.85 6.722a1.563 1.563 0 0 1-2.209 1.8L12 20.77l-6.183 3.063a1.563 1.563 0 0 1-2.211-1.804l1.848-6.715L.462 10.37a1.555 1.555 0 0 1 .954-2.653l6.03-.598Z" fill-rule="evenodd"></path></svg><svg fill="currentColor" width="24" height="24" xmlns="http://www.w3.org/2000/svg" viewBox="0 0 24 24" role="none" class="z-rating__star z-rating__star--full"><path d="M7.446 7.12 10.603.857a1.569 1.569 0 0 1 2.794 0l.002.004 3.16 6.261 6.018.597a1.555 1.555 0 0 1 .966 2.654l-4.988 4.944 1.85 6.722a1.563 1.563 0 0 1-2.209 1.8L12 20.77l-6.183 3.063a1.563 1.563 0 0 1-2.211-1.804l1.848-6.715L.462 10.37a1.555 1.555 0 0 1 .954-2.653l6.03-.598Z" fill-rule="evenodd"></path></svg></span></div></div><div class="RecommendationProductCard_cardNameContainer__QFdxC"><p data-zta="P1UIC" title="Encore Cat Chicken" class="z-p1 RecommendationProductCard_cardName__H8vdr">Encore Cat Chicken</p></div><div class="z-price RecommendationProductCard_price__KBkaq Price_price__tUrlr" data-zta="ProductReducedPriceUIC"><div class="z-price__note-wrap"><span class="z-price__note" data-zta="productReducedPricePrefix">individually priced  £14.98</span></div><div class="z-price__price-wrap"><span class="z-price__prepend" data-zta="productReducedPriceAmountIntro">Now </span> <span class="z-price__amount" data-zta="productReducedPriceAmount">£14.39</span></div><span class="z-price__note z-price__note--suffix" data-zta="productReducedPriceSuffix">£8.99 / kg</span></div></a></div><div class="swiper-slide" data-zta="product-slide"><a data-zta="943727" href="/shop/cats/dry_cat_food/greenwoods/trial_packs/943727?zootopia_rec=true&amp;activeVariant=943727.0&amp;cn=initial&amp;si=3&amp;pn=web_pdp&amp;pr=container_1&amp;strategy=28554372&amp;rk=1-12&amp;slot=2&amp;pi=943727&amp;rri=fecc0793-6f1f-46df-a9ef-8f9595287d8f" class="z-anchor RecommendationProductCard_slideCard__Rr_tx"><div class="RecommendationProductCard_imageContainer__2st26"><div class="ImageWithLoader_imageWithLoader__s44YO loading"><span style="box-sizing: border-box; display: inline-block; overflow: hidden; width: initial; height: initial; background: none; opacity: 1; border: 0px; margin: 0px; padding: 0px; position: relative; max-width: 100%;"><span style="box-sizing: border-box; display: block; width: initial; height: initial; background: none; opacity: 1; border: 0px; margin: 0px; padding: 0px; max-width: 100%;"><img alt="" aria-hidden="true" src="data:image/svg+xml,%3csvg%20xmlns=%27http://www.w3.org/2000/svg%27%20version=%271.1%27%20width=%27109%27%20height=%27109%27/%3e" style="display: block; max-width: 100%; width: initial; height: initial; background: none; opacity: 1; border: 0px; margin: 0px; padding: 0px;"></span><img title="Greenwoods Mixed Trial Pack 3 x 400g" alt="Greenwoods Mixed Trial Pack 3 x 400g" src="data:image/gif;base64,R0lGODlhAQABAIAAAAAAAP///yH5BAEAAAAALAAAAAABAAEAAAIBRAA7" decoding="async" data-nimg="intrinsic" style="position: absolute; inset: 0px; box-sizing: border-box; padding: 0px; border: none; margin: auto; display: block; width: 0px; height: 0px; min-width: 100%; max-width: 100%; min-height: 100%; max-height: 100%; object-fit: contain;"><noscript></noscript></span></div></div><div class="RecommendationProductCard_ratingBarContainer__8pllY"><div data-zta="RatingUIC" class="z-rating"><span class="z-rating__star-wrap"><span class="pp-visually-hidden">: 4/5</span><svg fill="currentColor" width="24" height="24" xmlns="http://www.w3.org/2000/svg" viewBox="0 0 24 24" role="none" class="z-rating__star z-rating__star--full"><path d="M7.446 7.12 10.603.857a1.569 1.569 0 0 1 2.794 0l.002.004 3.16 6.261 6.018.597a1.555 1.555 0 0 1 .966 2.654l-4.988 4.944 1.85 6.722a1.563 1.563 0 0 1-2.209 1.8L12 20.77l-6.183 3.063a1.563 1.563 0 0 1-2.211-1.804l1.848-6.715L.462 10.37a1.555 1.555 0 0 1 .954-2.653l6.03-.598Z" fill-rule="evenodd"></path></svg><svg fill="currentColor" width="24" height="24" xmlns="http://www.w3.org/2000/svg" viewBox="0 0 24 24" role="none" class="z-rating__star z-rating__star--full"><path d="M7.446 7.12 10.603.857a1.569 1.569 0 0 1 2.794 0l.002.004 3.16 6.261 6.018.597a1.555 1.555 0 0 1 .966 2.654l-4.988 4.944 1.85 6.722a1.563 1.563 0 0 1-2.209 1.8L12 20.77l-6.183 3.063a1.563 1.563 0 0 1-2.211-1.804l1.848-6.715L.462 10.37a1.555 1.555 0 0 1 .954-2.653l6.03-.598Z" fill-rule="evenodd"></path></svg><svg fill="currentColor" width="24" height="24" xmlns="http://www.w3.org/2000/svg" viewBox="0 0 24 24" role="none" class="z-rating__star z-rating__star--full"><path d="M7.446 7.12 10.603.857a1.569 1.569 0 0 1 2.794 0l.002.004 3.16 6.261 6.018.597a1.555 1.555 0 0 1 .966 2.654l-4.988 4.944 1.85 6.722a1.563 1.563 0 0 1-2.209 1.8L12 20.77l-6.183 3.063a1.563 1.563 0 0 1-2.211-1.804l1.848-6.715L.462 10.37a1.555 1.555 0 0 1 .954-2.653l6.03-.598Z" fill-rule="evenodd"></path></svg><svg fill="currentColor" width="24" height="24" xmlns="http://www.w3.org/2000/svg" viewBox="0 0 24 24" role="none" class="z-rating__star z-rating__star--full"><path d="M7.446 7.12 10.603.857a1.569 1.569 0 0 1 2.794 0l.002.004 3.16 6.261 6.018.597a1.555 1.555 0 0 1 .966 2.654l-4.988 4.944 1.85 6.722a1.563 1.563 0 0 1-2.209 1.8L12 20.77l-6.183 3.063a1.563 1.563 0 0 1-2.211-1.804l1.848-6.715L.462 10.37a1.555 1.555 0 0 1 .954-2.653l6.03-.598Z" fill-rule="evenodd"></path></svg><svg fill="currentColor" width="24" height="24" xmlns="http://www.w3.org/2000/svg" viewBox="0 0 24 24" role="none" class="z-rating__star"><path d="M7.446 7.12 10.603.857a1.569 1.569 0 0 1 2.794 0l.002.004 3.16 6.261 6.018.597a1.555 1.555 0 0 1 .966 2.654l-4.988 4.944 1.85 6.722a1.563 1.563 0 0 1-2.209 1.8L12 20.77l-6.183 3.063a1.563 1.563 0 0 1-2.211-1.804l1.848-6.715L.462 10.37a1.555 1.555 0 0 1 .954-2.653l6.03-.598Z" fill-rule="evenodd"></path></svg></span></div></div><div class="RecommendationProductCard_cardNameContainer__QFdxC"><p data-zta="P1UIC" title="Greenwoods Mixed Trial Pack 3 x 400g" class="z-p1 RecommendationProductCard_cardName__H8vdr">Greenwoods Mixed Trial Pack 3 x 400g</p></div><div class="z-price RecommendationProductCard_price__KBkaq Price_price__tUrlr" data-zta="ProductReducedPriceUIC"><div class="z-price__note-wrap"><span class="z-price__note" data-zta="productReducedPricePrefix">individually priced  £12.27</span></div><div class="z-price__price-wrap"><span class="z-price__prepend" data-zta="productReducedPriceAmountIntro">Now </span> <span class="z-price__amount" data-zta="productReducedPriceAmount">£10.49</span></div><span class="z-price__note z-price__note--suffix" data-zta="productReducedPriceSuffix">£8.74 / kg</span></div></a></div><div class="swiper-slide" data-zta="product-slide"><a data-zta="1920868" href="/shop/cats/canned_cat_food_pouches/encore/pouches/1920868?zootopia_rec=true&amp;activeVariant=1920868.0&amp;cn=initial&amp;si=3&amp;pn=web_pdp&amp;pr=container_1&amp;strategy=28554372&amp;rk=1-12&amp;slot=3&amp;pi=1920868&amp;rri=fecc0793-6f1f-46df-a9ef-8f9595287d8f" class="z-anchor RecommendationProductCard_slideCard__Rr_tx"><div class="RecommendationProductCard_imageContainer__2st26"><div class="ImageWithLoader_imageWithLoader__s44YO loading"><span style="box-sizing: border-box; display: inline-block; overflow: hidden; width: initial; height: initial; background: none; opacity: 1; border: 0px; margin: 0px; padding: 0px; position: relative; max-width: 100%;"><span style="box-sizing: border-box; display: block; width: initial; height: initial; background: none; opacity: 1; border: 0px; margin: 0px; padding: 0px; max-width: 100%;"><img alt="" aria-hidden="true" src="data:image/svg+xml,%3csvg%20xmlns=%27http://www.w3.org/2000/svg%27%20version=%271.1%27%20width=%27109%27%20height=%27109%27/%3e" style="display: block; max-width: 100%; width: initial; height: initial; background: none; opacity: 1; border: 0px; margin: 0px; padding: 0px;"></span><img title="Encore Cat Gravy Pouch Mix Saver Pack 20 x 50g" alt="Encore Cat Gravy Pouch Mix Saver Pack 20 x 50g" src="data:image/gif;base64,R0lGODlhAQABAIAAAAAAAP///yH5BAEAAAAALAAAAAABAAEAAAIBRAA7" decoding="async" data-nimg="intrinsic" style="position: absolute; inset: 0px; box-sizing: border-box; padding: 0px; border: none; margin: auto; display: block; width: 0px; height: 0px; min-width: 100%; max-width: 100%; min-height: 100%; max-height: 100%; object-fit: contain;"><noscript></noscript></span></div></div><div class="RecommendationProductCard_ratingBarContainer__8pllY"><div data-zta="RatingUIC" class="z-rating"><span class="z-rating__star-wrap"><svg fill="currentColor" width="24" height="24" xmlns="http://www.w3.org/2000/svg" viewBox="0 0 24 24" role="none" class="z-rating__star"><path d="M7.446 7.12 10.603.857a1.569 1.569 0 0 1 2.794 0l.002.004 3.16 6.261 6.018.597a1.555 1.555 0 0 1 .966 2.654l-4.988 4.944 1.85 6.722a1.563 1.563 0 0 1-2.209 1.8L12 20.77l-6.183 3.063a1.563 1.563 0 0 1-2.211-1.804l1.848-6.715L.462 10.37a1.555 1.555 0 0 1 .954-2.653l6.03-.598Z" fill-rule="evenodd"></path></svg><svg fill="currentColor" width="24" height="24" xmlns="http://www.w3.org/2000/svg" viewBox="0 0 24 24" role="none" class="z-rating__star"><path d="M7.446 7.12 10.603.857a1.569 1.569 0 0 1 2.794 0l.002.004 3.16 6.261 6.018.597a1.555 1.555 0 0 1 .966 2.654l-4.988 4.944 1.85 6.722a1.563 1.563 0 0 1-2.209 1.8L12 20.77l-6.183 3.063a1.563 1.563 0 0 1-2.211-1.804l1.848-6.715L.462 10.37a1.555 1.555 0 0 1 .954-2.653l6.03-.598Z" fill-rule="evenodd"></path></svg><svg fill="currentColor" width="24" height="24" xmlns="http://www.w3.org/2000/svg" viewBox="0 0 24 24" role="none" class="z-rating__star"><path d="M7.446 7.12 10.603.857a1.569 1.569 0 0 1 2.794 0l.002.004 3.16 6.261 6.018.597a1.555 1.555 0 0 1 .966 2.654l-4.988 4.944 1.85 6.722a1.563 1.563 0 0 1-2.209 1.8L12 20.77l-6.183 3.063a1.563 1.563 0 0 1-2.211-1.804l1.848-6.715L.462 10.37a1.555 1.555 0 0 1 .954-2.653l6.03-.598Z" fill-rule="evenodd"></path></svg><svg fill="currentColor" width="24" height="24" xmlns="http://www.w3.org/2000/svg" viewBox="0 0 24 24" role="none" class="z-rating__star"><path d="M7.446 7.12 10.603.857a1.569 1.569 0 0 1 2.794 0l.002.004 3.16 6.261 6.018.597a1.555 1.555 0 0 1 .966 2.654l-4.988 4.944 1.85 6.722a1.563 1.563 0 0 1-2.209 1.8L12 20.77l-6.183 3.063a1.563 1.563 0 0 1-2.211-1.804l1.848-6.715L.462 10.37a1.555 1.555 0 0 1 .954-2.653l6.03-.598Z" fill-rule="evenodd"></path></svg><svg fill="currentColor" width="24" height="24" xmlns="http://www.w3.org/2000/svg" viewBox="0 0 24 24" role="none" class="z-rating__star"><path d="M7.446 7.12 10.603.857a1.569 1.569 0 0 1 2.794 0l.002.004 3.16 6.261 6.018.597a1.555 1.555 0 0 1 .966 2.654l-4.988 4.944 1.85 6.722a1.563 1.563 0 0 1-2.209 1.8L12 20.77l-6.183 3.063a1.563 1.563 0 0 1-2.211-1.804l1.848-6.715L.462 10.37a1.555 1.555 0 0 1 .954-2.653l6.03-.598Z" fill-rule="evenodd"></path></svg></span></div></div><div class="RecommendationProductCard_cardNameContainer__QFdxC"><p data-zta="P1UIC" title="Encore Cat Gravy Pouch Mix Saver Pack 20 x 50g" class="z-p1 RecommendationProductCard_cardName__H8vdr">Encore Cat Gravy Pouch Mix Saver Pack 20 x 50g</p></div><div class="z-price RecommendationProductCard_price__KBkaq Price_price__tUrlr" data-zta="ProductReducedPriceUIC"><div class="z-price__note-wrap"><span class="z-price__note" data-zta="productReducedPricePrefix">individually priced  £17.56</span></div><div class="z-price__price-wrap"><span class="z-price__prepend" data-zta="productReducedPriceAmountIntro">Now </span> <span class="z-price__amount" data-zta="productReducedPriceAmount">£16.19</span></div><span class="z-price__note z-price__note--suffix" data-zta="productReducedPriceSuffix">£16.19 / kg</span></div></a></div><div class="swiper-slide" data-zta="product-slide"><a data-zta="1946495" href="/shop/cats/canned_cat_food_pouches/encore/pouches/1946495?zootopia_rec=true&amp;activeVariant=1946495.0&amp;cn=initial&amp;si=3&amp;pn=web_pdp&amp;pr=container_1&amp;strategy=28554372&amp;rk=1-12&amp;slot=4&amp;pi=1946495&amp;rri=fecc0793-6f1f-46df-a9ef-8f9595287d8f" class="z-anchor RecommendationProductCard_slideCard__Rr_tx"><div class="RecommendationProductCard_imageContainer__2st26"><div class="ImageWithLoader_imageWithLoader__s44YO loading"><span style="box-sizing: border-box; display: inline-block; overflow: hidden; width: initial; height: initial; background: none; opacity: 1; border: 0px; margin: 0px; padding: 0px; position: relative; max-width: 100%;"><span style="box-sizing: border-box; display: block; width: initial; height: initial; background: none; opacity: 1; border: 0px; margin: 0px; padding: 0px; max-width: 100%;"><img alt="" aria-hidden="true" src="data:image/svg+xml,%3csvg%20xmlns=%27http://www.w3.org/2000/svg%27%20version=%271.1%27%20width=%27109%27%20height=%27109%27/%3e" style="display: block; max-width: 100%; width: initial; height: initial; background: none; opacity: 1; border: 0px; margin: 0px; padding: 0px;"></span><img title="Encore Cat Pouch in Broth Saver Pack 20 x 50g" alt="Encore Cat Pouch in Broth Saver Pack 20 x 50g" src="data:image/gif;base64,R0lGODlhAQABAIAAAAAAAP///yH5BAEAAAAALAAAAAABAAEAAAIBRAA7" decoding="async" data-nimg="intrinsic" style="position: absolute; inset: 0px; box-sizing: border-box; padding: 0px; border: none; margin: auto; display: block; width: 0px; height: 0px; min-width: 100%; max-width: 100%; min-height: 100%; max-height: 100%; object-fit: contain;"><noscript></noscript></span></div></div><div class="RecommendationProductCard_ratingBarContainer__8pllY"><div data-zta="RatingUIC" class="z-rating"><span class="z-rating__star-wrap"><svg fill="currentColor" width="24" height="24" xmlns="http://www.w3.org/2000/svg" viewBox="0 0 24 24" role="none" class="z-rating__star"><path d="M7.446 7.12 10.603.857a1.569 1.569 0 0 1 2.794 0l.002.004 3.16 6.261 6.018.597a1.555 1.555 0 0 1 .966 2.654l-4.988 4.944 1.85 6.722a1.563 1.563 0 0 1-2.209 1.8L12 20.77l-6.183 3.063a1.563 1.563 0 0 1-2.211-1.804l1.848-6.715L.462 10.37a1.555 1.555 0 0 1 .954-2.653l6.03-.598Z" fill-rule="evenodd"></path></svg><svg fill="currentColor" width="24" height="24" xmlns="http://www.w3.org/2000/svg" viewBox="0 0 24 24" role="none" class="z-rating__star"><path d="M7.446 7.12 10.603.857a1.569 1.569 0 0 1 2.794 0l.002.004 3.16 6.261 6.018.597a1.555 1.555 0 0 1 .966 2.654l-4.988 4.944 1.85 6.722a1.563 1.563 0 0 1-2.209 1.8L12 20.77l-6.183 3.063a1.563 1.563 0 0 1-2.211-1.804l1.848-6.715L.462 10.37a1.555 1.555 0 0 1 .954-2.653l6.03-.598Z" fill-rule="evenodd"></path></svg><svg fill="currentColor" width="24" height="24" xmlns="http://www.w3.org/2000/svg" viewBox="0 0 24 24" role="none" class="z-rating__star"><path d="M7.446 7.12 10.603.857a1.569 1.569 0 0 1 2.794 0l.002.004 3.16 6.261 6.018.597a1.555 1.555 0 0 1 .966 2.654l-4.988 4.944 1.85 6.722a1.563 1.563 0 0 1-2.209 1.8L12 20.77l-6.183 3.063a1.563 1.563 0 0 1-2.211-1.804l1.848-6.715L.462 10.37a1.555 1.555 0 0 1 .954-2.653l6.03-.598Z" fill-rule="evenodd"></path></svg><svg fill="currentColor" width="24" height="24" xmlns="http://www.w3.org/2000/svg" viewBox="0 0 24 24" role="none" class="z-rating__star"><path d="M7.446 7.12 10.603.857a1.569 1.569 0 0 1 2.794 0l.002.004 3.16 6.261 6.018.597a1.555 1.555 0 0 1 .966 2.654l-4.988 4.944 1.85 6.722a1.563 1.563 0 0 1-2.209 1.8L12 20.77l-6.183 3.063a1.563 1.563 0 0 1-2.211-1.804l1.848-6.715L.462 10.37a1.555 1.555 0 0 1 .954-2.653l6.03-.598Z" fill-rule="evenodd"></path></svg><svg fill="currentColor" width="24" height="24" xmlns="http://www.w3.org/2000/svg" viewBox="0 0 24 24" role="none" class="z-rating__star"><path d="M7.446 7.12 10.603.857a1.569 1.569 0 0 1 2.794 0l.002.004 3.16 6.261 6.018.597a1.555 1.555 0 0 1 .966 2.654l-4.988 4.944 1.85 6.722a1.563 1.563 0 0 1-2.209 1.8L12 20.77l-6.183 3.063a1.563 1.563 0 0 1-2.211-1.804l1.848-6.715L.462 10.37a1.555 1.555 0 0 1 .954-2.653l6.03-.598Z" fill-rule="evenodd"></path></svg></span></div></div><div class="RecommendationProductCard_cardNameContainer__QFdxC"><p data-zta="P1UIC" title="Encore Cat Pouch in Broth Saver Pack 20 x 50g" class="z-p1 RecommendationProductCard_cardName__H8vdr">Encore Cat Pouch in Broth Saver Pack 20 x 50g</p></div><div class="z-price RecommendationProductCard_price__KBkaq Price_price__tUrlr" data-zta="ProductReducedPriceUIC"><div class="z-price__note-wrap"><span class="z-price__note" data-zta="productReducedPricePrefix">individually priced  £16.18</span></div><div class="z-price__price-wrap"><span class="z-price__prepend" data-zta="productReducedPriceAmountIntro">Now </span> <span class="z-price__amount" data-zta="productReducedPriceAmount">£14.79</span></div><span class="z-price__note z-price__note--suffix" data-zta="productReducedPriceSuffix">£14.79 / kg</span></div></a></div><div class="swiper-slide" data-zta="product-slide"><a data-zta="1933772" href="/shop/cats/canned_cat_food_pouches/encore/pouches/1933772?zootopia_rec=true&amp;activeVariant=1933772.2&amp;cn=initial&amp;si=3&amp;pn=web_pdp&amp;pr=container_1&amp;strategy=28554372&amp;rk=1-12&amp;slot=5&amp;pi=1933772&amp;rri=fecc0793-6f1f-46df-a9ef-8f9595287d8f" class="z-anchor RecommendationProductCard_slideCard__Rr_tx"><div class="RecommendationProductCard_imageContainer__2st26"><div class="ImageWithLoader_imageWithLoader__s44YO loading"><span style="box-sizing: border-box; display: inline-block; overflow: hidden; width: initial; height: initial; background: none; opacity: 1; border: 0px; margin: 0px; padding: 0px; position: relative; max-width: 100%;"><span style="box-sizing: border-box; display: block; width: initial; height: initial; background: none; opacity: 1; border: 0px; margin: 0px; padding: 0px; max-width: 100%;"><img alt="" aria-hidden="true" src="data:image/svg+xml,%3csvg%20xmlns=%27http://www.w3.org/2000/svg%27%20version=%271.1%27%20width=%27109%27%20height=%27109%27/%3e" style="display: block; max-width: 100%; width: initial; height: initial; background: none; opacity: 1; border: 0px; margin: 0px; padding: 0px;"></span><img title="Encore Cat Pouch in Broth 10 x 50g" alt="Encore Cat Pouch in Broth 10 x 50g" src="data:image/gif;base64,R0lGODlhAQABAIAAAAAAAP///yH5BAEAAAAALAAAAAABAAEAAAIBRAA7" decoding="async" data-nimg="intrinsic" style="position: absolute; inset: 0px; box-sizing: border-box; padding: 0px; border: none; margin: auto; display: block; width: 0px; height: 0px; min-width: 100%; max-width: 100%; min-height: 100%; max-height: 100%; object-fit: contain;"><noscript></noscript></span></div></div><div class="RecommendationProductCard_ratingBarContainer__8pllY"><div data-zta="RatingUIC" class="z-rating"><span class="z-rating__star-wrap"><span class="pp-visually-hidden">: 3/5</span><svg fill="currentColor" width="24" height="24" xmlns="http://www.w3.org/2000/svg" viewBox="0 0 24 24" role="none" class="z-rating__star z-rating__star--full"><path d="M7.446 7.12 10.603.857a1.569 1.569 0 0 1 2.794 0l.002.004 3.16 6.261 6.018.597a1.555 1.555 0 0 1 .966 2.654l-4.988 4.944 1.85 6.722a1.563 1.563 0 0 1-2.209 1.8L12 20.77l-6.183 3.063a1.563 1.563 0 0 1-2.211-1.804l1.848-6.715L.462 10.37a1.555 1.555 0 0 1 .954-2.653l6.03-.598Z" fill-rule="evenodd"></path></svg><svg fill="currentColor" width="24" height="24" xmlns="http://www.w3.org/2000/svg" viewBox="0 0 24 24" role="none" class="z-rating__star z-rating__star--full"><path d="M7.446 7.12 10.603.857a1.569 1.569 0 0 1 2.794 0l.002.004 3.16 6.261 6.018.597a1.555 1.555 0 0 1 .966 2.654l-4.988 4.944 1.85 6.722a1.563 1.563 0 0 1-2.209 1.8L12 20.77l-6.183 3.063a1.563 1.563 0 0 1-2.211-1.804l1.848-6.715L.462 10.37a1.555 1.555 0 0 1 .954-2.653l6.03-.598Z" fill-rule="evenodd"></path></svg><svg fill="currentColor" width="24" height="24" xmlns="http://www.w3.org/2000/svg" viewBox="0 0 24 24" role="none" class="z-rating__star z-rating__star--full"><path d="M7.446 7.12 10.603.857a1.569 1.569 0 0 1 2.794 0l.002.004 3.16 6.261 6.018.597a1.555 1.555 0 0 1 .966 2.654l-4.988 4.944 1.85 6.722a1.563 1.563 0 0 1-2.209 1.8L12 20.77l-6.183 3.063a1.563 1.563 0 0 1-2.211-1.804l1.848-6.715L.462 10.37a1.555 1.555 0 0 1 .954-2.653l6.03-.598Z" fill-rule="evenodd"></path></svg><svg fill="currentColor" width="24" height="24" xmlns="http://www.w3.org/2000/svg" viewBox="0 0 24 24" role="none" class="z-rating__star"><path d="M7.446 7.12 10.603.857a1.569 1.569 0 0 1 2.794 0l.002.004 3.16 6.261 6.018.597a1.555 1.555 0 0 1 .966 2.654l-4.988 4.944 1.85 6.722a1.563 1.563 0 0 1-2.209 1.8L12 20.77l-6.183 3.063a1.563 1.563 0 0 1-2.211-1.804l1.848-6.715L.462 10.37a1.555 1.555 0 0 1 .954-2.653l6.03-.598Z" fill-rule="evenodd"></path></svg><svg fill="currentColor" width="24" height="24" xmlns="http://www.w3.org/2000/svg" viewBox="0 0 24 24" role="none" class="z-rating__star"><path d="M7.446 7.12 10.603.857a1.569 1.569 0 0 1 2.794 0l.002.004 3.16 6.261 6.018.597a1.555 1.555 0 0 1 .966 2.654l-4.988 4.944 1.85 6.722a1.563 1.563 0 0 1-2.209 1.8L12 20.77l-6.183 3.063a1.563 1.563 0 0 1-2.211-1.804l1.848-6.715L.462 10.37a1.555 1.555 0 0 1 .954-2.653l6.03-.598Z" fill-rule="evenodd"></path></svg></span></div></div><div class="RecommendationProductCard_cardNameContainer__QFdxC"><p data-zta="P1UIC" title="Encore Cat Pouch in Broth 10 x 50g" class="z-p1 RecommendationProductCard_cardName__H8vdr">Encore Cat Pouch in Broth 10 x 50g</p></div><div class="z-price RecommendationProductCard_price__KBkaq Price_price__tUrlr" data-zta="ProductStandardPriceUIC"><div class="z-price__price-wrap"><span class="z-price__amount z-price__amount--standard" data-zta="productStandardPriceAmount">£8.09</span></div><span class="z-price__note z-price__note--suffix" data-zta="productStandardPriceSuffix">£16.18 / kg</span></div></a></div><div class="swiper-slide" data-zta="product-slide"><a data-zta="407549" href="/shop/cats/dry_cat_food/purizon/adult_cat/407549?zootopia_rec=true&amp;activeVariant=407549.5&amp;cn=initial&amp;si=3&amp;pn=web_pdp&amp;pr=container_1&amp;strategy=28554372&amp;rk=1-12&amp;slot=6&amp;pi=407549&amp;rri=fecc0793-6f1f-46df-a9ef-8f9595287d8f" class="z-anchor RecommendationProductCard_slideCard__Rr_tx"><div class="RecommendationProductCard_imageContainer__2st26"><div class="ImageWithLoader_imageWithLoader__s44YO loading"><span style="box-sizing: border-box; display: inline-block; overflow: hidden; width: initial; height: initial; background: none; opacity: 1; border: 0px; margin: 0px; padding: 0px; position: relative; max-width: 100%;"><span style="box-sizing: border-box; display: block; width: initial; height: initial; background: none; opacity: 1; border: 0px; margin: 0px; padding: 0px; max-width: 100%;"><img alt="" aria-hidden="true" src="data:image/svg+xml,%3csvg%20xmlns=%27http://www.w3.org/2000/svg%27%20version=%271.1%27%20width=%27109%27%20height=%27109%27/%3e" style="display: block; max-width: 100%; width: initial; height: initial; background: none; opacity: 1; border: 0px; margin: 0px; padding: 0px;"></span><img title="Purizon Adult Grain-Free Chicken with Fish" alt="Purizon Adult Grain-Free Chicken with Fish" src="data:image/gif;base64,R0lGODlhAQABAIAAAAAAAP///yH5BAEAAAAALAAAAAABAAEAAAIBRAA7" decoding="async" data-nimg="intrinsic" style="position: absolute; inset: 0px; box-sizing: border-box; padding: 0px; border: none; margin: auto; display: block; width: 0px; height: 0px; min-width: 100%; max-width: 100%; min-height: 100%; max-height: 100%; object-fit: contain;"><noscript></noscript></span></div></div><div class="RecommendationProductCard_ratingBarContainer__8pllY"><div data-zta="RatingUIC" class="z-rating"><span class="z-rating__star-wrap"><span class="pp-visually-hidden">: 4/5</span><svg fill="currentColor" width="24" height="24" xmlns="http://www.w3.org/2000/svg" viewBox="0 0 24 24" role="none" class="z-rating__star z-rating__star--full"><path d="M7.446 7.12 10.603.857a1.569 1.569 0 0 1 2.794 0l.002.004 3.16 6.261 6.018.597a1.555 1.555 0 0 1 .966 2.654l-4.988 4.944 1.85 6.722a1.563 1.563 0 0 1-2.209 1.8L12 20.77l-6.183 3.063a1.563 1.563 0 0 1-2.211-1.804l1.848-6.715L.462 10.37a1.555 1.555 0 0 1 .954-2.653l6.03-.598Z" fill-rule="evenodd"></path></svg><svg fill="currentColor" width="24" height="24" xmlns="http://www.w3.org/2000/svg" viewBox="0 0 24 24" role="none" class="z-rating__star z-rating__star--full"><path d="M7.446 7.12 10.603.857a1.569 1.569 0 0 1 2.794 0l.002.004 3.16 6.261 6.018.597a1.555 1.555 0 0 1 .966 2.654l-4.988 4.944 1.85 6.722a1.563 1.563 0 0 1-2.209 1.8L12 20.77l-6.183 3.063a1.563 1.563 0 0 1-2.211-1.804l1.848-6.715L.462 10.37a1.555 1.555 0 0 1 .954-2.653l6.03-.598Z" fill-rule="evenodd"></path></svg><svg fill="currentColor" width="24" height="24" xmlns="http://www.w3.org/2000/svg" viewBox="0 0 24 24" role="none" class="z-rating__star z-rating__star--full"><path d="M7.446 7.12 10.603.857a1.569 1.569 0 0 1 2.794 0l.002.004 3.16 6.261 6.018.597a1.555 1.555 0 0 1 .966 2.654l-4.988 4.944 1.85 6.722a1.563 1.563 0 0 1-2.209 1.8L12 20.77l-6.183 3.063a1.563 1.563 0 0 1-2.211-1.804l1.848-6.715L.462 10.37a1.555 1.555 0 0 1 .954-2.653l6.03-.598Z" fill-rule="evenodd"></path></svg><svg fill="currentColor" width="24" height="24" xmlns="http://www.w3.org/2000/svg" viewBox="0 0 24 24" role="none" class="z-rating__star z-rating__star--full"><path d="M7.446 7.12 10.603.857a1.569 1.569 0 0 1 2.794 0l.002.004 3.16 6.261 6.018.597a1.555 1.555 0 0 1 .966 2.654l-4.988 4.944 1.85 6.722a1.563 1.563 0 0 1-2.209 1.8L12 20.77l-6.183 3.063a1.563 1.563 0 0 1-2.211-1.804l1.848-6.715L.462 10.37a1.555 1.555 0 0 1 .954-2.653l6.03-.598Z" fill-rule="evenodd"></path></svg><svg fill="currentColor" width="24" height="24" xmlns="http://www.w3.org/2000/svg" viewBox="0 0 24 24" role="none" class="z-rating__star"><path d="M7.446 7.12 10.603.857a1.569 1.569 0 0 1 2.794 0l.002.004 3.16 6.261 6.018.597a1.555 1.555 0 0 1 .966 2.654l-4.988 4.944 1.85 6.722a1.563 1.563 0 0 1-2.209 1.8L12 20.77l-6.183 3.063a1.563 1.563 0 0 1-2.211-1.804l1.848-6.715L.462 10.37a1.555 1.555 0 0 1 .954-2.653l6.03-.598Z" fill-rule="evenodd"></path></svg></span></div></div><div class="RecommendationProductCard_cardNameContainer__QFdxC"><p data-zta="P1UIC" title="Purizon Adult Grain-Free Chicken with Fish" class="z-p1 RecommendationProductCard_cardName__H8vdr">Purizon Adult Grain-Free Chicken with Fish</p></div><div class="z-price RecommendationProductCard_price__KBkaq Price_price__tUrlr" data-zta="ProductReducedPriceUIC"><div class="z-price__note-wrap"><span class="z-price__note" data-zta="productReducedPricePrefix">individually priced  £27.45</span></div><div class="z-price__price-wrap"><span class="z-price__prepend" data-zta="productReducedPriceAmountIntro">Now </span> <span class="z-price__amount" data-zta="productReducedPriceAmount">£24.99</span></div><span class="z-price__note z-price__note--suffix" data-zta="productReducedPriceSuffix">£12.50 / kg</span></div></a></div><div class="swiper-slide" data-zta="product-slide"><a data-zta="221597" href="/shop/cats/dry_cat_food/smilla/smilla_special_nutrition/221597?zootopia_rec=true&amp;activeVariant=221597.11&amp;cn=initial&amp;si=3&amp;pn=web_pdp&amp;pr=container_1&amp;strategy=28554372&amp;rk=1-12&amp;slot=7&amp;pi=221597&amp;rri=fecc0793-6f1f-46df-a9ef-8f9595287d8f" class="z-anchor RecommendationProductCard_slideCard__Rr_tx"><div class="RecommendationProductCard_imageContainer__2st26"><div class="ImageWithLoader_imageWithLoader__s44YO loading"><span style="box-sizing: border-box; display: inline-block; overflow: hidden; width: initial; height: initial; background: none; opacity: 1; border: 0px; margin: 0px; padding: 0px; position: relative; max-width: 100%;"><span style="box-sizing: border-box; display: block; width: initial; height: initial; background: none; opacity: 1; border: 0px; margin: 0px; padding: 0px; max-width: 100%;"><img alt="" aria-hidden="true" src="data:image/svg+xml,%3csvg%20xmlns=%27http://www.w3.org/2000/svg%27%20version=%271.1%27%20width=%27109%27%20height=%27109%27/%3e" style="display: block; max-width: 100%; width: initial; height: initial; background: none; opacity: 1; border: 0px; margin: 0px; padding: 0px;"></span><img title="Smilla Adult Light - Poultry" alt="Smilla Adult Light - Poultry" src="data:image/gif;base64,R0lGODlhAQABAIAAAAAAAP///yH5BAEAAAAALAAAAAABAAEAAAIBRAA7" decoding="async" data-nimg="intrinsic" style="position: absolute; inset: 0px; box-sizing: border-box; padding: 0px; border: none; margin: auto; display: block; width: 0px; height: 0px; min-width: 100%; max-width: 100%; min-height: 100%; max-height: 100%; object-fit: contain;"><noscript></noscript></span></div></div><div class="RecommendationProductCard_ratingBarContainer__8pllY"><div data-zta="RatingUIC" class="z-rating"><span class="z-rating__star-wrap"><span class="pp-visually-hidden">: 5/5</span><svg fill="currentColor" width="24" height="24" xmlns="http://www.w3.org/2000/svg" viewBox="0 0 24 24" role="none" class="z-rating__star z-rating__star--full"><path d="M7.446 7.12 10.603.857a1.569 1.569 0 0 1 2.794 0l.002.004 3.16 6.261 6.018.597a1.555 1.555 0 0 1 .966 2.654l-4.988 4.944 1.85 6.722a1.563 1.563 0 0 1-2.209 1.8L12 20.77l-6.183 3.063a1.563 1.563 0 0 1-2.211-1.804l1.848-6.715L.462 10.37a1.555 1.555 0 0 1 .954-2.653l6.03-.598Z" fill-rule="evenodd"></path></svg><svg fill="currentColor" width="24" height="24" xmlns="http://www.w3.org/2000/svg" viewBox="0 0 24 24" role="none" class="z-rating__star z-rating__star--full"><path d="M7.446 7.12 10.603.857a1.569 1.569 0 0 1 2.794 0l.002.004 3.16 6.261 6.018.597a1.555 1.555 0 0 1 .966 2.654l-4.988 4.944 1.85 6.722a1.563 1.563 0 0 1-2.209 1.8L12 20.77l-6.183 3.063a1.563 1.563 0 0 1-2.211-1.804l1.848-6.715L.462 10.37a1.555 1.555 0 0 1 .954-2.653l6.03-.598Z" fill-rule="evenodd"></path></svg><svg fill="currentColor" width="24" height="24" xmlns="http://www.w3.org/2000/svg" viewBox="0 0 24 24" role="none" class="z-rating__star z-rating__star--full"><path d="M7.446 7.12 10.603.857a1.569 1.569 0 0 1 2.794 0l.002.004 3.16 6.261 6.018.597a1.555 1.555 0 0 1 .966 2.654l-4.988 4.944 1.85 6.722a1.563 1.563 0 0 1-2.209 1.8L12 20.77l-6.183 3.063a1.563 1.563 0 0 1-2.211-1.804l1.848-6.715L.462 10.37a1.555 1.555 0 0 1 .954-2.653l6.03-.598Z" fill-rule="evenodd"></path></svg><svg fill="currentColor" width="24" height="24" xmlns="http://www.w3.org/2000/svg" viewBox="0 0 24 24" role="none" class="z-rating__star z-rating__star--full"><path d="M7.446 7.12 10.603.857a1.569 1.569 0 0 1 2.794 0l.002.004 3.16 6.261 6.018.597a1.555 1.555 0 0 1 .966 2.654l-4.988 4.944 1.85 6.722a1.563 1.563 0 0 1-2.209 1.8L12 20.77l-6.183 3.063a1.563 1.563 0 0 1-2.211-1.804l1.848-6.715L.462 10.37a1.555 1.555 0 0 1 .954-2.653l6.03-.598Z" fill-rule="evenodd"></path></svg><svg fill="currentColor" width="24" height="24" xmlns="http://www.w3.org/2000/svg" viewBox="0 0 24 24" role="none" class="z-rating__star z-rating__star--full"><path d="M7.446 7.12 10.603.857a1.569 1.569 0 0 1 2.794 0l.002.004 3.16 6.261 6.018.597a1.555 1.555 0 0 1 .966 2.654l-4.988 4.944 1.85 6.722a1.563 1.563 0 0 1-2.209 1.8L12 20.77l-6.183 3.063a1.563 1.563 0 0 1-2.211-1.804l1.848-6.715L.462 10.37a1.555 1.555 0 0 1 .954-2.653l6.03-.598Z" fill-rule="evenodd"></path></svg></span></div></div><div class="RecommendationProductCard_cardNameContainer__QFdxC"><p data-zta="P1UIC" title="Smilla Adult Light - Poultry" class="z-p1 RecommendationProductCard_cardName__H8vdr">Smilla Adult Light - Poultry</p></div><div class="z-price RecommendationProductCard_price__KBkaq Price_price__tUrlr" data-zta="ProductReducedPriceUIC"><div class="z-price__note-wrap"><span class="z-price__note" data-zta="productReducedPricePrefix">individually priced  £15.16</span></div><div class="z-price__price-wrap"><span class="z-price__prepend" data-zta="productReducedPriceAmountIntro">Now </span> <span class="z-price__amount" data-zta="productReducedPriceAmount">£12.99</span></div><span class="z-price__note z-price__note--suffix" data-zta="productReducedPriceSuffix">£3.25 / kg</span></div></a></div><div class="swiper-slide" data-zta="product-slide"><a data-zta="574356" href="/shop/cats/dry_cat_food/thrive/adult/574356?zootopia_rec=true&amp;activeVariant=574356.1&amp;cn=initial&amp;si=3&amp;pn=web_pdp&amp;pr=container_1&amp;strategy=28554372&amp;rk=1-12&amp;slot=8&amp;pi=574356&amp;rri=fecc0793-6f1f-46df-a9ef-8f9595287d8f" class="z-anchor RecommendationProductCard_slideCard__Rr_tx"><div class="RecommendationProductCard_imageContainer__2st26"><div class="ImageWithLoader_imageWithLoader__s44YO loading"><span style="box-sizing: border-box; display: inline-block; overflow: hidden; width: initial; height: initial; background: none; opacity: 1; border: 0px; margin: 0px; padding: 0px; position: relative; max-width: 100%;"><span style="box-sizing: border-box; display: block; width: initial; height: initial; background: none; opacity: 1; border: 0px; margin: 0px; padding: 0px; max-width: 100%;"><img alt="" aria-hidden="true" src="data:image/svg+xml,%3csvg%20xmlns=%27http://www.w3.org/2000/svg%27%20version=%271.1%27%20width=%27109%27%20height=%27109%27/%3e" style="display: block; max-width: 100%; width: initial; height: initial; background: none; opacity: 1; border: 0px; margin: 0px; padding: 0px;"></span><img title="thrive PremiumPlus Dry Cat Food - Chicken" alt="thrive PremiumPlus Dry Cat Food - Chicken" src="data:image/gif;base64,R0lGODlhAQABAIAAAAAAAP///yH5BAEAAAAALAAAAAABAAEAAAIBRAA7" decoding="async" data-nimg="intrinsic" style="position: absolute; inset: 0px; box-sizing: border-box; padding: 0px; border: none; margin: auto; display: block; width: 0px; height: 0px; min-width: 100%; max-width: 100%; min-height: 100%; max-height: 100%; object-fit: contain;"><noscript></noscript></span></div></div><div class="RecommendationProductCard_ratingBarContainer__8pllY"><div data-zta="RatingUIC" class="z-rating"><span class="z-rating__star-wrap"><span class="pp-visually-hidden">: 4/5</span><svg fill="currentColor" width="24" height="24" xmlns="http://www.w3.org/2000/svg" viewBox="0 0 24 24" role="none" class="z-rating__star z-rating__star--full"><path d="M7.446 7.12 10.603.857a1.569 1.569 0 0 1 2.794 0l.002.004 3.16 6.261 6.018.597a1.555 1.555 0 0 1 .966 2.654l-4.988 4.944 1.85 6.722a1.563 1.563 0 0 1-2.209 1.8L12 20.77l-6.183 3.063a1.563 1.563 0 0 1-2.211-1.804l1.848-6.715L.462 10.37a1.555 1.555 0 0 1 .954-2.653l6.03-.598Z" fill-rule="evenodd"></path></svg><svg fill="currentColor" width="24" height="24" xmlns="http://www.w3.org/2000/svg" viewBox="0 0 24 24" role="none" class="z-rating__star z-rating__star--full"><path d="M7.446 7.12 10.603.857a1.569 1.569 0 0 1 2.794 0l.002.004 3.16 6.261 6.018.597a1.555 1.555 0 0 1 .966 2.654l-4.988 4.944 1.85 6.722a1.563 1.563 0 0 1-2.209 1.8L12 20.77l-6.183 3.063a1.563 1.563 0 0 1-2.211-1.804l1.848-6.715L.462 10.37a1.555 1.555 0 0 1 .954-2.653l6.03-.598Z" fill-rule="evenodd"></path></svg><svg fill="currentColor" width="24" height="24" xmlns="http://www.w3.org/2000/svg" viewBox="0 0 24 24" role="none" class="z-rating__star z-rating__star--full"><path d="M7.446 7.12 10.603.857a1.569 1.569 0 0 1 2.794 0l.002.004 3.16 6.261 6.018.597a1.555 1.555 0 0 1 .966 2.654l-4.988 4.944 1.85 6.722a1.563 1.563 0 0 1-2.209 1.8L12 20.77l-6.183 3.063a1.563 1.563 0 0 1-2.211-1.804l1.848-6.715L.462 10.37a1.555 1.555 0 0 1 .954-2.653l6.03-.598Z" fill-rule="evenodd"></path></svg><svg fill="currentColor" width="24" height="24" xmlns="http://www.w3.org/2000/svg" viewBox="0 0 24 24" role="none" class="z-rating__star z-rating__star--full"><path d="M7.446 7.12 10.603.857a1.569 1.569 0 0 1 2.794 0l.002.004 3.16 6.261 6.018.597a1.555 1.555 0 0 1 .966 2.654l-4.988 4.944 1.85 6.722a1.563 1.563 0 0 1-2.209 1.8L12 20.77l-6.183 3.063a1.563 1.563 0 0 1-2.211-1.804l1.848-6.715L.462 10.37a1.555 1.555 0 0 1 .954-2.653l6.03-.598Z" fill-rule="evenodd"></path></svg><svg fill="currentColor" width="24" height="24" xmlns="http://www.w3.org/2000/svg" viewBox="0 0 24 24" role="none" class="z-rating__star"><path d="M7.446 7.12 10.603.857a1.569 1.569 0 0 1 2.794 0l.002.004 3.16 6.261 6.018.597a1.555 1.555 0 0 1 .966 2.654l-4.988 4.944 1.85 6.722a1.563 1.563 0 0 1-2.209 1.8L12 20.77l-6.183 3.063a1.563 1.563 0 0 1-2.211-1.804l1.848-6.715L.462 10.37a1.555 1.555 0 0 1 .954-2.653l6.03-.598Z" fill-rule="evenodd"></path></svg></span></div></div><div class="RecommendationProductCard_cardNameContainer__QFdxC"><p data-zta="P1UIC" title="thrive PremiumPlus Dry Cat Food - Chicken" class="z-p1 RecommendationProductCard_cardName__H8vdr">thrive PremiumPlus Dry Cat Food - Chicken</p></div><div class="z-price RecommendationProductCard_price__KBkaq Price_price__tUrlr" data-zta="ProductReducedPriceUIC"><div class="z-price__note-wrap"><span class="z-price__note" data-zta="productReducedPricePrefix">individually priced  £24.78</span></div><div class="z-price__price-wrap"><span class="z-price__prepend" data-zta="productReducedPriceAmountIntro">Now </span> <span class="z-price__amount" data-zta="productReducedPriceAmount">£23.39</span></div><span class="z-price__note z-price__note--suffix" data-zta="productReducedPriceSuffix">£7.80 / kg</span></div><span data-zta="InfoTagUIC" class="RecommendationProductCard_infoTag__AbfOY z-info-tag z-info-tag--primary">Save 10%</span></a></div><div class="swiper-slide" data-zta="product-slide"><a data-zta="649065" href="/shop/cats/dry_cat_food/wild_freedom/adult/649065?zootopia_rec=true&amp;activeVariant=649065.1&amp;cn=initial&amp;si=3&amp;pn=web_pdp&amp;pr=container_1&amp;strategy=28554372&amp;rk=1-12&amp;slot=9&amp;pi=649065&amp;rri=fecc0793-6f1f-46df-a9ef-8f9595287d8f" class="z-anchor RecommendationProductCard_slideCard__Rr_tx"><div class="RecommendationProductCard_imageContainer__2st26"><div class="ImageWithLoader_imageWithLoader__s44YO loading"><span style="box-sizing: border-box; display: inline-block; overflow: hidden; width: initial; height: initial; background: none; opacity: 1; border: 0px; margin: 0px; padding: 0px; position: relative; max-width: 100%;"><span style="box-sizing: border-box; display: block; width: initial; height: initial; background: none; opacity: 1; border: 0px; margin: 0px; padding: 0px; max-width: 100%;"><img alt="" aria-hidden="true" src="data:image/svg+xml,%3csvg%20xmlns=%27http://www.w3.org/2000/svg%27%20version=%271.1%27%20width=%27109%27%20height=%27109%27/%3e" style="display: block; max-width: 100%; width: initial; height: initial; background: none; opacity: 1; border: 0px; margin: 0px; padding: 0px;"></span><img title="Wild Freedom Adult &quot;Wide Country&quot; Poultry - Grain-free" alt="Wild Freedom Adult &quot;Wide Country&quot; Poultry - Grain-free" src="data:image/gif;base64,R0lGODlhAQABAIAAAAAAAP///yH5BAEAAAAALAAAAAABAAEAAAIBRAA7" decoding="async" data-nimg="intrinsic" style="position: absolute; inset: 0px; box-sizing: border-box; padding: 0px; border: none; margin: auto; display: block; width: 0px; height: 0px; min-width: 100%; max-width: 100%; min-height: 100%; max-height: 100%; object-fit: contain;"><noscript></noscript></span></div></div><div class="RecommendationProductCard_ratingBarContainer__8pllY"><div data-zta="RatingUIC" class="z-rating"><span class="z-rating__star-wrap"><span class="pp-visually-hidden">: 4/5</span><svg fill="currentColor" width="24" height="24" xmlns="http://www.w3.org/2000/svg" viewBox="0 0 24 24" role="none" class="z-rating__star z-rating__star--full"><path d="M7.446 7.12 10.603.857a1.569 1.569 0 0 1 2.794 0l.002.004 3.16 6.261 6.018.597a1.555 1.555 0 0 1 .966 2.654l-4.988 4.944 1.85 6.722a1.563 1.563 0 0 1-2.209 1.8L12 20.77l-6.183 3.063a1.563 1.563 0 0 1-2.211-1.804l1.848-6.715L.462 10.37a1.555 1.555 0 0 1 .954-2.653l6.03-.598Z" fill-rule="evenodd"></path></svg><svg fill="currentColor" width="24" height="24" xmlns="http://www.w3.org/2000/svg" viewBox="0 0 24 24" role="none" class="z-rating__star z-rating__star--full"><path d="M7.446 7.12 10.603.857a1.569 1.569 0 0 1 2.794 0l.002.004 3.16 6.261 6.018.597a1.555 1.555 0 0 1 .966 2.654l-4.988 4.944 1.85 6.722a1.563 1.563 0 0 1-2.209 1.8L12 20.77l-6.183 3.063a1.563 1.563 0 0 1-2.211-1.804l1.848-6.715L.462 10.37a1.555 1.555 0 0 1 .954-2.653l6.03-.598Z" fill-rule="evenodd"></path></svg><svg fill="currentColor" width="24" height="24" xmlns="http://www.w3.org/2000/svg" viewBox="0 0 24 24" role="none" class="z-rating__star z-rating__star--full"><path d="M7.446 7.12 10.603.857a1.569 1.569 0 0 1 2.794 0l.002.004 3.16 6.261 6.018.597a1.555 1.555 0 0 1 .966 2.654l-4.988 4.944 1.85 6.722a1.563 1.563 0 0 1-2.209 1.8L12 20.77l-6.183 3.063a1.563 1.563 0 0 1-2.211-1.804l1.848-6.715L.462 10.37a1.555 1.555 0 0 1 .954-2.653l6.03-.598Z" fill-rule="evenodd"></path></svg><svg fill="currentColor" width="24" height="24" xmlns="http://www.w3.org/2000/svg" viewBox="0 0 24 24" role="none" class="z-rating__star z-rating__star--full"><path d="M7.446 7.12 10.603.857a1.569 1.569 0 0 1 2.794 0l.002.004 3.16 6.261 6.018.597a1.555 1.555 0 0 1 .966 2.654l-4.988 4.944 1.85 6.722a1.563 1.563 0 0 1-2.209 1.8L12 20.77l-6.183 3.063a1.563 1.563 0 0 1-2.211-1.804l1.848-6.715L.462 10.37a1.555 1.555 0 0 1 .954-2.653l6.03-.598Z" fill-rule="evenodd"></path></svg><svg fill="currentColor" width="24" height="24" xmlns="http://www.w3.org/2000/svg" viewBox="0 0 24 24" role="none" class="z-rating__star"><path d="M7.446 7.12 10.603.857a1.569 1.569 0 0 1 2.794 0l.002.004 3.16 6.261 6.018.597a1.555 1.555 0 0 1 .966 2.654l-4.988 4.944 1.85 6.722a1.563 1.563 0 0 1-2.209 1.8L12 20.77l-6.183 3.063a1.563 1.563 0 0 1-2.211-1.804l1.848-6.715L.462 10.37a1.555 1.555 0 0 1 .954-2.653l6.03-.598Z" fill-rule="evenodd"></path></svg></span></div></div><div class="RecommendationProductCard_cardNameContainer__QFdxC"><p data-zta="P1UIC" title="Wild Freedom Adult &quot;Wide Country&quot; Poultry - Grain-free" class="z-p1 RecommendationProductCard_cardName__H8vdr">Wild Freedom Adult "Wide Country" Poultry - Grain-free</p></div><div class="z-price RecommendationProductCard_price__KBkaq Price_price__tUrlr" data-zta="ProductStandardPriceUIC"><div class="z-price__price-wrap"><span class="z-price__amount z-price__amount--standard" data-zta="productStandardPriceAmount">£16.49</span></div><span class="z-price__note z-price__note--suffix" data-zta="productStandardPriceSuffix">£8.25 / kg</span></div></a></div><div class="swiper-slide" data-zta="product-slide"><a data-zta="446311" href="/shop/cats/dry_cat_food/smilla/smilla_special_nutrition/446311?zootopia_rec=true&amp;activeVariant=446311.9&amp;cn=initial&amp;si=3&amp;pn=web_pdp&amp;pr=container_1&amp;strategy=28554372&amp;rk=1-12&amp;slot=10&amp;pi=446311&amp;rri=fecc0793-6f1f-46df-a9ef-8f9595287d8f" class="z-anchor RecommendationProductCard_slideCard__Rr_tx"><div class="RecommendationProductCard_imageContainer__2st26"><div class="ImageWithLoader_imageWithLoader__s44YO loading"><span style="box-sizing: border-box; display: inline-block; overflow: hidden; width: initial; height: initial; background: none; opacity: 1; border: 0px; margin: 0px; padding: 0px; position: relative; max-width: 100%;"><span style="box-sizing: border-box; display: block; width: initial; height: initial; background: none; opacity: 1; border: 0px; margin: 0px; padding: 0px; max-width: 100%;"><img alt="" aria-hidden="true" src="data:image/svg+xml,%3csvg%20xmlns=%27http://www.w3.org/2000/svg%27%20version=%271.1%27%20width=%27109%27%20height=%27109%27/%3e" style="display: block; max-width: 100%; width: initial; height: initial; background: none; opacity: 1; border: 0px; margin: 0px; padding: 0px;"></span><img title="Smilla Adult Kidney Care with Poultry" alt="Smilla Adult Kidney Care with Poultry" src="data:image/gif;base64,R0lGODlhAQABAIAAAAAAAP///yH5BAEAAAAALAAAAAABAAEAAAIBRAA7" decoding="async" data-nimg="intrinsic" style="position: absolute; inset: 0px; box-sizing: border-box; padding: 0px; border: none; margin: auto; display: block; width: 0px; height: 0px; min-width: 100%; max-width: 100%; min-height: 100%; max-height: 100%; object-fit: contain;"><noscript></noscript></span></div></div><div class="RecommendationProductCard_ratingBarContainer__8pllY"><div data-zta="RatingUIC" class="z-rating"><span class="z-rating__star-wrap"><span class="pp-visually-hidden">: 5/5</span><svg fill="currentColor" width="24" height="24" xmlns="http://www.w3.org/2000/svg" viewBox="0 0 24 24" role="none" class="z-rating__star z-rating__star--full"><path d="M7.446 7.12 10.603.857a1.569 1.569 0 0 1 2.794 0l.002.004 3.16 6.261 6.018.597a1.555 1.555 0 0 1 .966 2.654l-4.988 4.944 1.85 6.722a1.563 1.563 0 0 1-2.209 1.8L12 20.77l-6.183 3.063a1.563 1.563 0 0 1-2.211-1.804l1.848-6.715L.462 10.37a1.555 1.555 0 0 1 .954-2.653l6.03-.598Z" fill-rule="evenodd"></path></svg><svg fill="currentColor" width="24" height="24" xmlns="http://www.w3.org/2000/svg" viewBox="0 0 24 24" role="none" class="z-rating__star z-rating__star--full"><path d="M7.446 7.12 10.603.857a1.569 1.569 0 0 1 2.794 0l.002.004 3.16 6.261 6.018.597a1.555 1.555 0 0 1 .966 2.654l-4.988 4.944 1.85 6.722a1.563 1.563 0 0 1-2.209 1.8L12 20.77l-6.183 3.063a1.563 1.563 0 0 1-2.211-1.804l1.848-6.715L.462 10.37a1.555 1.555 0 0 1 .954-2.653l6.03-.598Z" fill-rule="evenodd"></path></svg><svg fill="currentColor" width="24" height="24" xmlns="http://www.w3.org/2000/svg" viewBox="0 0 24 24" role="none" class="z-rating__star z-rating__star--full"><path d="M7.446 7.12 10.603.857a1.569 1.569 0 0 1 2.794 0l.002.004 3.16 6.261 6.018.597a1.555 1.555 0 0 1 .966 2.654l-4.988 4.944 1.85 6.722a1.563 1.563 0 0 1-2.209 1.8L12 20.77l-6.183 3.063a1.563 1.563 0 0 1-2.211-1.804l1.848-6.715L.462 10.37a1.555 1.555 0 0 1 .954-2.653l6.03-.598Z" fill-rule="evenodd"></path></svg><svg fill="currentColor" width="24" height="24" xmlns="http://www.w3.org/2000/svg" viewBox="0 0 24 24" role="none" class="z-rating__star z-rating__star--full"><path d="M7.446 7.12 10.603.857a1.569 1.569 0 0 1 2.794 0l.002.004 3.16 6.261 6.018.597a1.555 1.555 0 0 1 .966 2.654l-4.988 4.944 1.85 6.722a1.563 1.563 0 0 1-2.209 1.8L12 20.77l-6.183 3.063a1.563 1.563 0 0 1-2.211-1.804l1.848-6.715L.462 10.37a1.555 1.555 0 0 1 .954-2.653l6.03-.598Z" fill-rule="evenodd"></path></svg><svg fill="currentColor" width="24" height="24" xmlns="http://www.w3.org/2000/svg" viewBox="0 0 24 24" role="none" class="z-rating__star z-rating__star--full"><path d="M7.446 7.12 10.603.857a1.569 1.569 0 0 1 2.794 0l.002.004 3.16 6.261 6.018.597a1.555 1.555 0 0 1 .966 2.654l-4.988 4.944 1.85 6.722a1.563 1.563 0 0 1-2.209 1.8L12 20.77l-6.183 3.063a1.563 1.563 0 0 1-2.211-1.804l1.848-6.715L.462 10.37a1.555 1.555 0 0 1 .954-2.653l6.03-.598Z" fill-rule="evenodd"></path></svg></span></div></div><div class="RecommendationProductCard_cardNameContainer__QFdxC"><p data-zta="P1UIC" title="Smilla Adult Kidney Care with Poultry" class="z-p1 RecommendationProductCard_cardName__H8vdr">Smilla Adult Kidney Care with Poultry</p></div><div class="z-price RecommendationProductCard_price__KBkaq Price_price__tUrlr" data-zta="ProductStandardPriceUIC"><div class="z-price__price-wrap"><span class="z-price__amount z-price__amount--standard" data-zta="productStandardPriceAmount">£27.49</span></div><span class="z-price__note z-price__note--suffix" data-zta="productStandardPriceSuffix">£2.75 / kg</span></div></a></div><div class="swiper-slide" data-zta="product-slide"><a data-zta="656916" href="/shop/cats/canned_cat_food_pouches/wild_freedom_wet/wild_freedom_adult_wet/656916?zootopia_rec=true&amp;activeVariant=656916.1&amp;cn=initial&amp;si=3&amp;pn=web_pdp&amp;pr=container_1&amp;strategy=28554372&amp;rk=1-12&amp;slot=11&amp;pi=656916&amp;rri=fecc0793-6f1f-46df-a9ef-8f9595287d8f" class="z-anchor RecommendationProductCard_slideCard__Rr_tx"><div class="RecommendationProductCard_imageContainer__2st26"><div class="ImageWithLoader_imageWithLoader__s44YO loading"><span style="box-sizing: border-box; display: inline-block; overflow: hidden; width: initial; height: initial; background: none; opacity: 1; border: 0px; margin: 0px; padding: 0px; position: relative; max-width: 100%;"><span style="box-sizing: border-box; display: block; width: initial; height: initial; background: none; opacity: 1; border: 0px; margin: 0px; padding: 0px; max-width: 100%;"><img alt="" aria-hidden="true" src="data:image/svg+xml,%3csvg%20xmlns=%27http://www.w3.org/2000/svg%27%20version=%271.1%27%20width=%27109%27%20height=%27109%27/%3e" style="display: block; max-width: 100%; width: initial; height: initial; background: none; opacity: 1; border: 0px; margin: 0px; padding: 0px;"></span><img title="Wild Freedom Adult 6 x 200g" alt="Wild Freedom Adult 6 x 200g" src="data:image/gif;base64,R0lGODlhAQABAIAAAAAAAP///yH5BAEAAAAALAAAAAABAAEAAAIBRAA7" decoding="async" data-nimg="intrinsic" style="position: absolute; inset: 0px; box-sizing: border-box; padding: 0px; border: none; margin: auto; display: block; width: 0px; height: 0px; min-width: 100%; max-width: 100%; min-height: 100%; max-height: 100%; object-fit: contain;"><noscript></noscript></span></div></div><div class="RecommendationProductCard_ratingBarContainer__8pllY"><div data-zta="RatingUIC" class="z-rating"><span class="z-rating__star-wrap"><span class="pp-visually-hidden">: 4/5</span><svg fill="currentColor" width="24" height="24" xmlns="http://www.w3.org/2000/svg" viewBox="0 0 24 24" role="none" class="z-rating__star z-rating__star--full"><path d="M7.446 7.12 10.603.857a1.569 1.569 0 0 1 2.794 0l.002.004 3.16 6.261 6.018.597a1.555 1.555 0 0 1 .966 2.654l-4.988 4.944 1.85 6.722a1.563 1.563 0 0 1-2.209 1.8L12 20.77l-6.183 3.063a1.563 1.563 0 0 1-2.211-1.804l1.848-6.715L.462 10.37a1.555 1.555 0 0 1 .954-2.653l6.03-.598Z" fill-rule="evenodd"></path></svg><svg fill="currentColor" width="24" height="24" xmlns="http://www.w3.org/2000/svg" viewBox="0 0 24 24" role="none" class="z-rating__star z-rating__star--full"><path d="M7.446 7.12 10.603.857a1.569 1.569 0 0 1 2.794 0l.002.004 3.16 6.261 6.018.597a1.555 1.555 0 0 1 .966 2.654l-4.988 4.944 1.85 6.722a1.563 1.563 0 0 1-2.209 1.8L12 20.77l-6.183 3.063a1.563 1.563 0 0 1-2.211-1.804l1.848-6.715L.462 10.37a1.555 1.555 0 0 1 .954-2.653l6.03-.598Z" fill-rule="evenodd"></path></svg><svg fill="currentColor" width="24" height="24" xmlns="http://www.w3.org/2000/svg" viewBox="0 0 24 24" role="none" class="z-rating__star z-rating__star--full"><path d="M7.446 7.12 10.603.857a1.569 1.569 0 0 1 2.794 0l.002.004 3.16 6.261 6.018.597a1.555 1.555 0 0 1 .966 2.654l-4.988 4.944 1.85 6.722a1.563 1.563 0 0 1-2.209 1.8L12 20.77l-6.183 3.063a1.563 1.563 0 0 1-2.211-1.804l1.848-6.715L.462 10.37a1.555 1.555 0 0 1 .954-2.653l6.03-.598Z" fill-rule="evenodd"></path></svg><svg fill="currentColor" width="24" height="24" xmlns="http://www.w3.org/2000/svg" viewBox="0 0 24 24" role="none" class="z-rating__star z-rating__star--full"><path d="M7.446 7.12 10.603.857a1.569 1.569 0 0 1 2.794 0l.002.004 3.16 6.261 6.018.597a1.555 1.555 0 0 1 .966 2.654l-4.988 4.944 1.85 6.722a1.563 1.563 0 0 1-2.209 1.8L12 20.77l-6.183 3.063a1.563 1.563 0 0 1-2.211-1.804l1.848-6.715L.462 10.37a1.555 1.555 0 0 1 .954-2.653l6.03-.598Z" fill-rule="evenodd"></path></svg><svg fill="currentColor" width="24" height="24" xmlns="http://www.w3.org/2000/svg" viewBox="0 0 24 24" role="none" class="z-rating__star"><path d="M7.446 7.12 10.603.857a1.569 1.569 0 0 1 2.794 0l.002.004 3.16 6.261 6.018.597a1.555 1.555 0 0 1 .966 2.654l-4.988 4.944 1.85 6.722a1.563 1.563 0 0 1-2.209 1.8L12 20.77l-6.183 3.063a1.563 1.563 0 0 1-2.211-1.804l1.848-6.715L.462 10.37a1.555 1.555 0 0 1 .954-2.653l6.03-.598Z" fill-rule="evenodd"></path></svg></span></div></div><div class="RecommendationProductCard_cardNameContainer__QFdxC"><p data-zta="P1UIC" title="Wild Freedom Adult 6 x 200g" class="z-p1 RecommendationProductCard_cardName__H8vdr">Wild Freedom Adult 6 x 200g</p></div><div class="z-price RecommendationProductCard_price__KBkaq Price_price__tUrlr" data-zta="ProductStandardPriceUIC"><div class="z-price__price-wrap"><span class="z-price__amount z-price__amount--standard" data-zta="productStandardPriceAmount">£9.49</span></div><span class="z-price__note z-price__note--suffix" data-zta="productStandardPriceSuffix">£7.91 / kg</span></div></a></div><div class="swiper-slide" data-zta="product-slide"><a data-zta="766476" href="/shop/cats/dry_cat_food/purizon/adult_cat/766476?zootopia_rec=true&amp;activeVariant=766476.1&amp;cn=initial&amp;si=3&amp;pn=web_pdp&amp;pr=container_1&amp;strategy=28554372&amp;rk=1-12&amp;slot=12&amp;pi=766476&amp;rri=fecc0793-6f1f-46df-a9ef-8f9595287d8f" class="z-anchor RecommendationProductCard_slideCard__Rr_tx"><div class="RecommendationProductCard_imageContainer__2st26"><div class="ImageWithLoader_imageWithLoader__s44YO loading"><span style="box-sizing: border-box; display: inline-block; overflow: hidden; width: initial; height: initial; background: none; opacity: 1; border: 0px; margin: 0px; padding: 0px; position: relative; max-width: 100%;"><span style="box-sizing: border-box; display: block; width: initial; height: initial; background: none; opacity: 1; border: 0px; margin: 0px; padding: 0px; max-width: 100%;"><img alt="" aria-hidden="true" src="data:image/svg+xml,%3csvg%20xmlns=%27http://www.w3.org/2000/svg%27%20version=%271.1%27%20width=%27109%27%20height=%27109%27/%3e" style="display: block; max-width: 100%; width: initial; height: initial; background: none; opacity: 1; border: 0px; margin: 0px; padding: 0px;"></span><img title="Purizon Large Adult Grain-Free Chicken &amp; Fish " alt="Purizon Large Adult Grain-Free Chicken &amp; Fish " src="data:image/gif;base64,R0lGODlhAQABAIAAAAAAAP///yH5BAEAAAAALAAAAAABAAEAAAIBRAA7" decoding="async" data-nimg="intrinsic" style="position: absolute; inset: 0px; box-sizing: border-box; padding: 0px; border: none; margin: auto; display: block; width: 0px; height: 0px; min-width: 100%; max-width: 100%; min-height: 100%; max-height: 100%; object-fit: contain;"><noscript></noscript></span></div></div><div class="RecommendationProductCard_ratingBarContainer__8pllY"><div data-zta="RatingUIC" class="z-rating"><span class="z-rating__star-wrap"><span class="pp-visually-hidden">: 4/5</span><svg fill="currentColor" width="24" height="24" xmlns="http://www.w3.org/2000/svg" viewBox="0 0 24 24" role="none" class="z-rating__star z-rating__star--full"><path d="M7.446 7.12 10.603.857a1.569 1.569 0 0 1 2.794 0l.002.004 3.16 6.261 6.018.597a1.555 1.555 0 0 1 .966 2.654l-4.988 4.944 1.85 6.722a1.563 1.563 0 0 1-2.209 1.8L12 20.77l-6.183 3.063a1.563 1.563 0 0 1-2.211-1.804l1.848-6.715L.462 10.37a1.555 1.555 0 0 1 .954-2.653l6.03-.598Z" fill-rule="evenodd"></path></svg><svg fill="currentColor" width="24" height="24" xmlns="http://www.w3.org/2000/svg" viewBox="0 0 24 24" role="none" class="z-rating__star z-rating__star--full"><path d="M7.446 7.12 10.603.857a1.569 1.569 0 0 1 2.794 0l.002.004 3.16 6.261 6.018.597a1.555 1.555 0 0 1 .966 2.654l-4.988 4.944 1.85 6.722a1.563 1.563 0 0 1-2.209 1.8L12 20.77l-6.183 3.063a1.563 1.563 0 0 1-2.211-1.804l1.848-6.715L.462 10.37a1.555 1.555 0 0 1 .954-2.653l6.03-.598Z" fill-rule="evenodd"></path></svg><svg fill="currentColor" width="24" height="24" xmlns="http://www.w3.org/2000/svg" viewBox="0 0 24 24" role="none" class="z-rating__star z-rating__star--full"><path d="M7.446 7.12 10.603.857a1.569 1.569 0 0 1 2.794 0l.002.004 3.16 6.261 6.018.597a1.555 1.555 0 0 1 .966 2.654l-4.988 4.944 1.85 6.722a1.563 1.563 0 0 1-2.209 1.8L12 20.77l-6.183 3.063a1.563 1.563 0 0 1-2.211-1.804l1.848-6.715L.462 10.37a1.555 1.555 0 0 1 .954-2.653l6.03-.598Z" fill-rule="evenodd"></path></svg><svg fill="currentColor" width="24" height="24" xmlns="http://www.w3.org/2000/svg" viewBox="0 0 24 24" role="none" class="z-rating__star z-rating__star--full"><path d="M7.446 7.12 10.603.857a1.569 1.569 0 0 1 2.794 0l.002.004 3.16 6.261 6.018.597a1.555 1.555 0 0 1 .966 2.654l-4.988 4.944 1.85 6.722a1.563 1.563 0 0 1-2.209 1.8L12 20.77l-6.183 3.063a1.563 1.563 0 0 1-2.211-1.804l1.848-6.715L.462 10.37a1.555 1.555 0 0 1 .954-2.653l6.03-.598Z" fill-rule="evenodd"></path></svg><svg fill="currentColor" width="24" height="24" xmlns="http://www.w3.org/2000/svg" viewBox="0 0 24 24" role="none" class="z-rating__star"><path d="M7.446 7.12 10.603.857a1.569 1.569 0 0 1 2.794 0l.002.004 3.16 6.261 6.018.597a1.555 1.555 0 0 1 .966 2.654l-4.988 4.944 1.85 6.722a1.563 1.563 0 0 1-2.209 1.8L12 20.77l-6.183 3.063a1.563 1.563 0 0 1-2.211-1.804l1.848-6.715L.462 10.37a1.555 1.555 0 0 1 .954-2.653l6.03-.598Z" fill-rule="evenodd"></path></svg></span></div></div><div class="RecommendationProductCard_cardNameContainer__QFdxC"><p data-zta="P1UIC" title="Purizon Large Adult Grain-Free Chicken &amp; Fish " class="z-p1 RecommendationProductCard_cardName__H8vdr">Purizon Large Adult Grain-Free Chicken &amp; Fish </p></div><div class="z-price RecommendationProductCard_price__KBkaq Price_price__tUrlr" data-zta="ProductStandardPriceUIC"><div class="z-price__price-wrap"><span class="z-price__amount z-price__amount--standard" data-zta="productStandardPriceAmount">£49.99</span></div><span class="z-price__note z-price__note--suffix" data-zta="productStandardPriceSuffix">£7.69 / kg</span></div></a></div></div></div><span class="RecommendationSlider_swiperPreviousButton__MDZq6 swiper-button-prev prev-first-horizontal" data-zta="first-horizontal-recommendationSliderPreviousButton"><svg fill="currentColor" width="24" height="24" xmlns="http://www.w3.org/2000/svg" viewBox="0 0 24 24" role="img"><path d="M20.485 3.515c4.687 4.686 4.687 12.284 0 16.97-4.686 4.687-12.284 4.687-16.97 0-4.687-4.686-4.687-12.284 0-16.97 4.686-4.687 12.284-4.687 16.97 0Zm-15.91 1.06c-4.1 4.1-4.1 10.75 0 14.85s10.75 4.1 14.85 0 4.1-10.75 0-14.85-10.75-4.1-14.85 0Zm7.206 3.142a.75.75 0 0 1 0 1.06l-2.47 2.469 7.19.001a.75.75 0 1 1 0 1.5l-7.19-.001 2.47 2.47a.75.75 0 0 1-1.06 1.061l-3.75-3.75-.064-.072a.752.752 0 0 1-.005-.006l.069.078a.754.754 0 0 1-.22-.53v-.03l.004-.043-.004.073a.754.754 0 0 1 .22-.53l3.75-3.75a.75.75 0 0 1 1.06 0Z" fill-rule="evenodd"></path></svg></span><span class="RecommendationSlider_swiperNextButton__7fIPF swiper-button-next next-first-horizontal" data-zta="first-horizontal-recommendationSliderNextButton"><svg fill="currentColor" width="24" height="24" xmlns="http://www.w3.org/2000/svg" viewBox="0 0 24 24" role="img"><path d="M3.515 3.515c4.686-4.687 12.284-4.687 16.97 0 4.687 4.686 4.687 12.284 0 16.97-4.686 4.687-12.284 4.687-16.97 0-4.687-4.686-4.687-12.284 0-16.97Zm15.91 1.06c-4.1-4.1-10.75-4.1-14.85 0s-4.1 10.75 0 14.85 10.75 4.1 14.85 0 4.1-10.75 0-14.85Zm-7.206 3.142a.75.75 0 0 1 1.06 0l3.75 3.75a.754.754 0 0 1 .22.53l-.004-.073c.002.014.003.029.003.044l.001.029a.763.763 0 0 1-.129.42.748.748 0 0 1-.09.11l.068-.078a.75.75 0 0 1-.005.006l-.064.072-3.75 3.75a.75.75 0 0 1-1.06-1.06l2.469-2.471-7.189.001a.75.75 0 0 1-.743-.648l-.007-.102a.75.75 0 0 1 .75-.75l7.189-.001-2.47-2.469a.75.75 0 0 1-.072-.976Z" fill-rule="evenodd"></path></svg></span></div></div></div><div data-zta="second-horizontal" class="slider-horizontal"><div class="
        RecommendationSlider_sliderContainer__RfMgq" data-name="container_2" data-zta="recoSlider"><span class="RecommendationSlider_sliderTitle__92QSO z-h3">Your pet might also like </span><div class="RecommendationSlider_slider__NvBrq"><div class="swiper swiper-initialized swiper-horizontal swiper-pointer-events RecommendationSlider_swiper__kusMv"><div class="swiper-wrapper" style="transform: translate3d(0px, 0px, 0px);"><div class="swiper-slide swiper-slide-active" data-zta="product-slide" style="width: 170.25px;"><a data-zta="693953" href="/shop/cats/canned_cat_food_pouches/encore/cans/693953?zootopia_rec=true&amp;activeVariant=693953.3&amp;cn=initial&amp;si=3&amp;pn=web_pdp&amp;pr=container_2&amp;strategy=18113207&amp;rk=1-2&amp;slot=1&amp;pi=693953&amp;rri=fecc0793-6f1f-46df-a9ef-8f9595287d8f" class="z-anchor RecommendationProductCard_slideCard__Rr_tx"><div class="RecommendationProductCard_imageContainer__2st26"><div class="ImageWithLoader_imageWithLoader__s44YO"><span style="box-sizing: border-box; display: inline-block; overflow: hidden; width: initial; height: initial; background: none; opacity: 1; border: 0px; margin: 0px; padding: 0px; position: relative; max-width: 100%;"><span style="box-sizing: border-box; display: block; width: initial; height: initial; background: none; opacity: 1; border: 0px; margin: 0px; padding: 0px; max-width: 100%;"><img alt="" aria-hidden="true" src="data:image/svg+xml,%3csvg%20xmlns=%27http://www.w3.org/2000/svg%27%20version=%271.1%27%20width=%27109%27%20height=%27109%27/%3e" style="display: block; max-width: 100%; width: initial; height: initial; background: none; opacity: 1; border: 0px; margin: 0px; padding: 0px;"></span><img title="Encore Cat Tin 16 x 70g" alt="Encore Cat Tin 16 x 70g" src="https://media.zooplus.com/bilder/6/300/82374_pla_encore_cattin_chickenbreast_cheese_hs_01_6.jpg" decoding="async" data-nimg="intrinsic" style="position: absolute; inset: 0px; box-sizing: border-box; padding: 0px; border: none; margin: auto; display: block; width: 0px; height: 0px; min-width: 100%; max-width: 100%; min-height: 100%; max-height: 100%; object-fit: contain;"></span></div></div><div class="RecommendationProductCard_ratingBarContainer__8pllY"><div data-zta="RatingUIC" class="z-rating"><span class="z-rating__star-wrap"><span class="pp-visually-hidden">: 4/5</span><svg fill="currentColor" width="24" height="24" xmlns="http://www.w3.org/2000/svg" viewBox="0 0 24 24" role="none" class="z-rating__star z-rating__star--full"><path d="M7.446 7.12 10.603.857a1.569 1.569 0 0 1 2.794 0l.002.004 3.16 6.261 6.018.597a1.555 1.555 0 0 1 .966 2.654l-4.988 4.944 1.85 6.722a1.563 1.563 0 0 1-2.209 1.8L12 20.77l-6.183 3.063a1.563 1.563 0 0 1-2.211-1.804l1.848-6.715L.462 10.37a1.555 1.555 0 0 1 .954-2.653l6.03-.598Z" fill-rule="evenodd"></path></svg><svg fill="currentColor" width="24" height="24" xmlns="http://www.w3.org/2000/svg" viewBox="0 0 24 24" role="none" class="z-rating__star z-rating__star--full"><path d="M7.446 7.12 10.603.857a1.569 1.569 0 0 1 2.794 0l.002.004 3.16 6.261 6.018.597a1.555 1.555 0 0 1 .966 2.654l-4.988 4.944 1.85 6.722a1.563 1.563 0 0 1-2.209 1.8L12 20.77l-6.183 3.063a1.563 1.563 0 0 1-2.211-1.804l1.848-6.715L.462 10.37a1.555 1.555 0 0 1 .954-2.653l6.03-.598Z" fill-rule="evenodd"></path></svg><svg fill="currentColor" width="24" height="24" xmlns="http://www.w3.org/2000/svg" viewBox="0 0 24 24" role="none" class="z-rating__star z-rating__star--full"><path d="M7.446 7.12 10.603.857a1.569 1.569 0 0 1 2.794 0l.002.004 3.16 6.261 6.018.597a1.555 1.555 0 0 1 .966 2.654l-4.988 4.944 1.85 6.722a1.563 1.563 0 0 1-2.209 1.8L12 20.77l-6.183 3.063a1.563 1.563 0 0 1-2.211-1.804l1.848-6.715L.462 10.37a1.555 1.555 0 0 1 .954-2.653l6.03-.598Z" fill-rule="evenodd"></path></svg><svg fill="currentColor" width="24" height="24" xmlns="http://www.w3.org/2000/svg" viewBox="0 0 24 24" role="none" class="z-rating__star z-rating__star--full"><path d="M7.446 7.12 10.603.857a1.569 1.569 0 0 1 2.794 0l.002.004 3.16 6.261 6.018.597a1.555 1.555 0 0 1 .966 2.654l-4.988 4.944 1.85 6.722a1.563 1.563 0 0 1-2.209 1.8L12 20.77l-6.183 3.063a1.563 1.563 0 0 1-2.211-1.804l1.848-6.715L.462 10.37a1.555 1.555 0 0 1 .954-2.653l6.03-.598Z" fill-rule="evenodd"></path></svg><svg fill="currentColor" width="24" height="24" xmlns="http://www.w3.org/2000/svg" viewBox="0 0 24 24" role="none" class="z-rating__star"><path d="M7.446 7.12 10.603.857a1.569 1.569 0 0 1 2.794 0l.002.004 3.16 6.261 6.018.597a1.555 1.555 0 0 1 .966 2.654l-4.988 4.944 1.85 6.722a1.563 1.563 0 0 1-2.209 1.8L12 20.77l-6.183 3.063a1.563 1.563 0 0 1-2.211-1.804l1.848-6.715L.462 10.37a1.555 1.555 0 0 1 .954-2.653l6.03-.598Z" fill-rule="evenodd"></path></svg></span></div></div><div class="RecommendationProductCard_cardNameContainer__QFdxC"><p data-zta="P1UIC" title="Encore Cat Tin 16 x 70g" class="z-p1 RecommendationProductCard_cardName__H8vdr">Encore Cat Tin 16 x 70g</p></div><div class="z-price RecommendationProductCard_price__KBkaq Price_price__tUrlr" data-zta="ProductReducedPriceUIC"><div class="z-price__note-wrap"><span class="z-price__note" data-zta="productReducedPricePrefix">RRP* £18.39</span></div><div class="z-price__price-wrap"><span class="z-price__prepend" data-zta="productReducedPriceAmountIntro">Our Price </span> <span class="z-price__amount" data-zta="productReducedPriceAmount">£14.59</span></div><span class="z-price__note z-price__note--suffix" data-zta="productReducedPriceSuffix">£13.03 / kg</span></div></a></div><div class="swiper-slide swiper-slide-next" data-zta="product-slide" style="width: 170.25px;"><a data-zta="693948" href="/shop/cats/canned_cat_food_pouches/encore/cans/693948?zootopia_rec=true&amp;activeVariant=693948.4&amp;cn=initial&amp;si=3&amp;pn=web_pdp&amp;pr=container_2&amp;strategy=55205132&amp;rk=1-12&amp;slot=2&amp;pi=693948&amp;rri=fecc0793-6f1f-46df-a9ef-8f9595287d8f" class="z-anchor RecommendationProductCard_slideCard__Rr_tx"><div class="RecommendationProductCard_imageContainer__2st26"><div class="ImageWithLoader_imageWithLoader__s44YO"><span style="box-sizing: border-box; display: inline-block; overflow: hidden; width: initial; height: initial; background: none; opacity: 1; border: 0px; margin: 0px; padding: 0px; position: relative; max-width: 100%;"><span style="box-sizing: border-box; display: block; width: initial; height: initial; background: none; opacity: 1; border: 0px; margin: 0px; padding: 0px; max-width: 100%;"><img alt="" aria-hidden="true" src="data:image/svg+xml,%3csvg%20xmlns=%27http://www.w3.org/2000/svg%27%20version=%271.1%27%20width=%27109%27%20height=%27109%27/%3e" style="display: block; max-width: 100%; width: initial; height: initial; background: none; opacity: 1; border: 0px; margin: 0px; padding: 0px;"></span><img title="Encore Cat Tin Saver Pack 48 x 70g" alt="Encore Cat Tin Saver Pack 48 x 70g" src="https://media.zooplus.com/bilder/7/300/82373_pla_encore_cattin_oceanfish_hs_01_7.jpg" decoding="async" data-nimg="intrinsic" style="position: absolute; inset: 0px; box-sizing: border-box; padding: 0px; border: none; margin: auto; display: block; width: 0px; height: 0px; min-width: 100%; max-width: 100%; min-height: 100%; max-height: 100%; object-fit: contain;"></span></div></div><div class="RecommendationProductCard_ratingBarContainer__8pllY"><div data-zta="RatingUIC" class="z-rating"><span class="z-rating__star-wrap"><span class="pp-visually-hidden">: 4/5</span><svg fill="currentColor" width="24" height="24" xmlns="http://www.w3.org/2000/svg" viewBox="0 0 24 24" role="none" class="z-rating__star z-rating__star--full"><path d="M7.446 7.12 10.603.857a1.569 1.569 0 0 1 2.794 0l.002.004 3.16 6.261 6.018.597a1.555 1.555 0 0 1 .966 2.654l-4.988 4.944 1.85 6.722a1.563 1.563 0 0 1-2.209 1.8L12 20.77l-6.183 3.063a1.563 1.563 0 0 1-2.211-1.804l1.848-6.715L.462 10.37a1.555 1.555 0 0 1 .954-2.653l6.03-.598Z" fill-rule="evenodd"></path></svg><svg fill="currentColor" width="24" height="24" xmlns="http://www.w3.org/2000/svg" viewBox="0 0 24 24" role="none" class="z-rating__star z-rating__star--full"><path d="M7.446 7.12 10.603.857a1.569 1.569 0 0 1 2.794 0l.002.004 3.16 6.261 6.018.597a1.555 1.555 0 0 1 .966 2.654l-4.988 4.944 1.85 6.722a1.563 1.563 0 0 1-2.209 1.8L12 20.77l-6.183 3.063a1.563 1.563 0 0 1-2.211-1.804l1.848-6.715L.462 10.37a1.555 1.555 0 0 1 .954-2.653l6.03-.598Z" fill-rule="evenodd"></path></svg><svg fill="currentColor" width="24" height="24" xmlns="http://www.w3.org/2000/svg" viewBox="0 0 24 24" role="none" class="z-rating__star z-rating__star--full"><path d="M7.446 7.12 10.603.857a1.569 1.569 0 0 1 2.794 0l.002.004 3.16 6.261 6.018.597a1.555 1.555 0 0 1 .966 2.654l-4.988 4.944 1.85 6.722a1.563 1.563 0 0 1-2.209 1.8L12 20.77l-6.183 3.063a1.563 1.563 0 0 1-2.211-1.804l1.848-6.715L.462 10.37a1.555 1.555 0 0 1 .954-2.653l6.03-.598Z" fill-rule="evenodd"></path></svg><svg fill="currentColor" width="24" height="24" xmlns="http://www.w3.org/2000/svg" viewBox="0 0 24 24" role="none" class="z-rating__star z-rating__star--full"><path d="M7.446 7.12 10.603.857a1.569 1.569 0 0 1 2.794 0l.002.004 3.16 6.261 6.018.597a1.555 1.555 0 0 1 .966 2.654l-4.988 4.944 1.85 6.722a1.563 1.563 0 0 1-2.209 1.8L12 20.77l-6.183 3.063a1.563 1.563 0 0 1-2.211-1.804l1.848-6.715L.462 10.37a1.555 1.555 0 0 1 .954-2.653l6.03-.598Z" fill-rule="evenodd"></path></svg><svg fill="currentColor" width="24" height="24" xmlns="http://www.w3.org/2000/svg" viewBox="0 0 24 24" role="none" class="z-rating__star"><path d="M7.446 7.12 10.603.857a1.569 1.569 0 0 1 2.794 0l.002.004 3.16 6.261 6.018.597a1.555 1.555 0 0 1 .966 2.654l-4.988 4.944 1.85 6.722a1.563 1.563 0 0 1-2.209 1.8L12 20.77l-6.183 3.063a1.563 1.563 0 0 1-2.211-1.804l1.848-6.715L.462 10.37a1.555 1.555 0 0 1 .954-2.653l6.03-.598Z" fill-rule="evenodd"></path></svg></span></div></div><div class="RecommendationProductCard_cardNameContainer__QFdxC"><p data-zta="P1UIC" title="Encore Cat Tin Saver Pack 48 x 70g" class="z-p1 RecommendationProductCard_cardName__H8vdr">Encore Cat Tin Saver Pack 48 x 70g</p></div><div class="z-price RecommendationProductCard_price__KBkaq Price_price__tUrlr" data-zta="ProductReducedPriceUIC"><div class="z-price__note-wrap"><span class="z-price__note" data-zta="productReducedPricePrefix">individually priced  £43.77</span></div><div class="z-price__price-wrap"><span class="z-price__prepend" data-zta="productReducedPriceAmountIntro">Now </span> <span class="z-price__amount" data-zta="productReducedPriceAmount">£42.29</span></div><span class="z-price__note z-price__note--suffix" data-zta="productReducedPriceSuffix">£12.59 / kg</span></div></a></div><div class="swiper-slide" data-zta="product-slide" style="width: 170.25px;"><a data-zta="1946567" href="/shop/cats/canned_cat_food_pouches/encore/cans/1946567?zootopia_rec=true&amp;activeVariant=1946567.0&amp;cn=initial&amp;si=3&amp;pn=web_pdp&amp;pr=container_2&amp;strategy=55205132&amp;rk=1-12&amp;slot=3&amp;pi=1946567&amp;rri=fecc0793-6f1f-46df-a9ef-8f9595287d8f" class="z-anchor RecommendationProductCard_slideCard__Rr_tx"><div class="RecommendationProductCard_imageContainer__2st26"><div class="ImageWithLoader_imageWithLoader__s44YO"><span style="box-sizing: border-box; display: inline-block; overflow: hidden; width: initial; height: initial; background: none; opacity: 1; border: 0px; margin: 0px; padding: 0px; position: relative; max-width: 100%;"><span style="box-sizing: border-box; display: block; width: initial; height: initial; background: none; opacity: 1; border: 0px; margin: 0px; padding: 0px; max-width: 100%;"><img alt="" aria-hidden="true" src="data:image/svg+xml,%3csvg%20xmlns=%27http://www.w3.org/2000/svg%27%20version=%271.1%27%20width=%27109%27%20height=%27109%27/%3e" style="display: block; max-width: 100%; width: initial; height: initial; background: none; opacity: 1; border: 0px; margin: 0px; padding: 0px;"></span><img title="Encore Cans in Broth Saver Pack 24 x 70g" alt="Encore Cans in Broth Saver Pack 24 x 70g" src="https://media.zooplus.com/bilder/4/300/413498_pla_encore_dose_bruhe_huhn_hs_01_4.jpg" decoding="async" data-nimg="intrinsic" style="position: absolute; inset: 0px; box-sizing: border-box; padding: 0px; border: none; margin: auto; display: block; width: 0px; height: 0px; min-width: 100%; max-width: 100%; min-height: 100%; max-height: 100%; object-fit: contain;"></span></div></div><div class="RecommendationProductCard_ratingBarContainer__8pllY"><div data-zta="RatingUIC" class="z-rating"><span class="z-rating__star-wrap"><svg fill="currentColor" width="24" height="24" xmlns="http://www.w3.org/2000/svg" viewBox="0 0 24 24" role="none" class="z-rating__star"><path d="M7.446 7.12 10.603.857a1.569 1.569 0 0 1 2.794 0l.002.004 3.16 6.261 6.018.597a1.555 1.555 0 0 1 .966 2.654l-4.988 4.944 1.85 6.722a1.563 1.563 0 0 1-2.209 1.8L12 20.77l-6.183 3.063a1.563 1.563 0 0 1-2.211-1.804l1.848-6.715L.462 10.37a1.555 1.555 0 0 1 .954-2.653l6.03-.598Z" fill-rule="evenodd"></path></svg><svg fill="currentColor" width="24" height="24" xmlns="http://www.w3.org/2000/svg" viewBox="0 0 24 24" role="none" class="z-rating__star"><path d="M7.446 7.12 10.603.857a1.569 1.569 0 0 1 2.794 0l.002.004 3.16 6.261 6.018.597a1.555 1.555 0 0 1 .966 2.654l-4.988 4.944 1.85 6.722a1.563 1.563 0 0 1-2.209 1.8L12 20.77l-6.183 3.063a1.563 1.563 0 0 1-2.211-1.804l1.848-6.715L.462 10.37a1.555 1.555 0 0 1 .954-2.653l6.03-.598Z" fill-rule="evenodd"></path></svg><svg fill="currentColor" width="24" height="24" xmlns="http://www.w3.org/2000/svg" viewBox="0 0 24 24" role="none" class="z-rating__star"><path d="M7.446 7.12 10.603.857a1.569 1.569 0 0 1 2.794 0l.002.004 3.16 6.261 6.018.597a1.555 1.555 0 0 1 .966 2.654l-4.988 4.944 1.85 6.722a1.563 1.563 0 0 1-2.209 1.8L12 20.77l-6.183 3.063a1.563 1.563 0 0 1-2.211-1.804l1.848-6.715L.462 10.37a1.555 1.555 0 0 1 .954-2.653l6.03-.598Z" fill-rule="evenodd"></path></svg><svg fill="currentColor" width="24" height="24" xmlns="http://www.w3.org/2000/svg" viewBox="0 0 24 24" role="none" class="z-rating__star"><path d="M7.446 7.12 10.603.857a1.569 1.569 0 0 1 2.794 0l.002.004 3.16 6.261 6.018.597a1.555 1.555 0 0 1 .966 2.654l-4.988 4.944 1.85 6.722a1.563 1.563 0 0 1-2.209 1.8L12 20.77l-6.183 3.063a1.563 1.563 0 0 1-2.211-1.804l1.848-6.715L.462 10.37a1.555 1.555 0 0 1 .954-2.653l6.03-.598Z" fill-rule="evenodd"></path></svg><svg fill="currentColor" width="24" height="24" xmlns="http://www.w3.org/2000/svg" viewBox="0 0 24 24" role="none" class="z-rating__star"><path d="M7.446 7.12 10.603.857a1.569 1.569 0 0 1 2.794 0l.002.004 3.16 6.261 6.018.597a1.555 1.555 0 0 1 .966 2.654l-4.988 4.944 1.85 6.722a1.563 1.563 0 0 1-2.209 1.8L12 20.77l-6.183 3.063a1.563 1.563 0 0 1-2.211-1.804l1.848-6.715L.462 10.37a1.555 1.555 0 0 1 .954-2.653l6.03-.598Z" fill-rule="evenodd"></path></svg></span></div></div><div class="RecommendationProductCard_cardNameContainer__QFdxC"><p data-zta="P1UIC" title="Encore Cans in Broth Saver Pack 24 x 70g" class="z-p1 RecommendationProductCard_cardName__H8vdr">Encore Cans in Broth Saver Pack 24 x 70g</p></div><div class="z-price RecommendationProductCard_price__KBkaq Price_price__tUrlr" data-zta="ProductReducedPriceUIC"><div class="z-price__note-wrap"><span class="z-price__note" data-zta="productReducedPricePrefix">individually priced  £21.78</span></div><div class="z-price__price-wrap"><span class="z-price__prepend" data-zta="productReducedPriceAmountIntro">Now </span> <span class="z-price__amount" data-zta="productReducedPriceAmount">£20.39</span></div><span class="z-price__note z-price__note--suffix" data-zta="productReducedPriceSuffix">£12.14 / kg</span></div></a></div><div class="swiper-slide" data-zta="product-slide" style="width: 170.25px;"><a data-zta="649227" href="/shop/cats/dry_cat_food/wild_freedom/adult/649227?zootopia_rec=true&amp;activeVariant=649227.4&amp;cn=initial&amp;si=3&amp;pn=web_pdp&amp;pr=container_2&amp;strategy=55205132&amp;rk=1-12&amp;slot=4&amp;pi=649227&amp;rri=fecc0793-6f1f-46df-a9ef-8f9595287d8f" class="z-anchor RecommendationProductCard_slideCard__Rr_tx"><div class="RecommendationProductCard_imageContainer__2st26"><div class="ImageWithLoader_imageWithLoader__s44YO"><span style="box-sizing: border-box; display: inline-block; overflow: hidden; width: initial; height: initial; background: none; opacity: 1; border: 0px; margin: 0px; padding: 0px; position: relative; max-width: 100%;"><span style="box-sizing: border-box; display: block; width: initial; height: initial; background: none; opacity: 1; border: 0px; margin: 0px; padding: 0px; max-width: 100%;"><img alt="" aria-hidden="true" src="data:image/svg+xml,%3csvg%20xmlns=%27http://www.w3.org/2000/svg%27%20version=%271.1%27%20width=%27109%27%20height=%27109%27/%3e" style="display: block; max-width: 100%; width: initial; height: initial; background: none; opacity: 1; border: 0px; margin: 0px; padding: 0px;"></span><img title="Wild Freedom Adult Wild Hills - Duck" alt="Wild Freedom Adult Wild Hills - Duck" src="https://media.zooplus.com/bilder/9/300/wildfreedom_wildhills_front_6_5kg_1000x1000_2__9.jpg" decoding="async" data-nimg="intrinsic" style="position: absolute; inset: 0px; box-sizing: border-box; padding: 0px; border: none; margin: auto; display: block; width: 0px; height: 0px; min-width: 100%; max-width: 100%; min-height: 100%; max-height: 100%; object-fit: contain;"></span></div></div><div class="RecommendationProductCard_ratingBarContainer__8pllY"><div data-zta="RatingUIC" class="z-rating"><span class="z-rating__star-wrap"><span class="pp-visually-hidden">: 4/5</span><svg fill="currentColor" width="24" height="24" xmlns="http://www.w3.org/2000/svg" viewBox="0 0 24 24" role="none" class="z-rating__star z-rating__star--full"><path d="M7.446 7.12 10.603.857a1.569 1.569 0 0 1 2.794 0l.002.004 3.16 6.261 6.018.597a1.555 1.555 0 0 1 .966 2.654l-4.988 4.944 1.85 6.722a1.563 1.563 0 0 1-2.209 1.8L12 20.77l-6.183 3.063a1.563 1.563 0 0 1-2.211-1.804l1.848-6.715L.462 10.37a1.555 1.555 0 0 1 .954-2.653l6.03-.598Z" fill-rule="evenodd"></path></svg><svg fill="currentColor" width="24" height="24" xmlns="http://www.w3.org/2000/svg" viewBox="0 0 24 24" role="none" class="z-rating__star z-rating__star--full"><path d="M7.446 7.12 10.603.857a1.569 1.569 0 0 1 2.794 0l.002.004 3.16 6.261 6.018.597a1.555 1.555 0 0 1 .966 2.654l-4.988 4.944 1.85 6.722a1.563 1.563 0 0 1-2.209 1.8L12 20.77l-6.183 3.063a1.563 1.563 0 0 1-2.211-1.804l1.848-6.715L.462 10.37a1.555 1.555 0 0 1 .954-2.653l6.03-.598Z" fill-rule="evenodd"></path></svg><svg fill="currentColor" width="24" height="24" xmlns="http://www.w3.org/2000/svg" viewBox="0 0 24 24" role="none" class="z-rating__star z-rating__star--full"><path d="M7.446 7.12 10.603.857a1.569 1.569 0 0 1 2.794 0l.002.004 3.16 6.261 6.018.597a1.555 1.555 0 0 1 .966 2.654l-4.988 4.944 1.85 6.722a1.563 1.563 0 0 1-2.209 1.8L12 20.77l-6.183 3.063a1.563 1.563 0 0 1-2.211-1.804l1.848-6.715L.462 10.37a1.555 1.555 0 0 1 .954-2.653l6.03-.598Z" fill-rule="evenodd"></path></svg><svg fill="currentColor" width="24" height="24" xmlns="http://www.w3.org/2000/svg" viewBox="0 0 24 24" role="none" class="z-rating__star z-rating__star--full"><path d="M7.446 7.12 10.603.857a1.569 1.569 0 0 1 2.794 0l.002.004 3.16 6.261 6.018.597a1.555 1.555 0 0 1 .966 2.654l-4.988 4.944 1.85 6.722a1.563 1.563 0 0 1-2.209 1.8L12 20.77l-6.183 3.063a1.563 1.563 0 0 1-2.211-1.804l1.848-6.715L.462 10.37a1.555 1.555 0 0 1 .954-2.653l6.03-.598Z" fill-rule="evenodd"></path></svg><svg fill="currentColor" width="24" height="24" xmlns="http://www.w3.org/2000/svg" viewBox="0 0 24 24" role="none" class="z-rating__star"><path d="M7.446 7.12 10.603.857a1.569 1.569 0 0 1 2.794 0l.002.004 3.16 6.261 6.018.597a1.555 1.555 0 0 1 .966 2.654l-4.988 4.944 1.85 6.722a1.563 1.563 0 0 1-2.209 1.8L12 20.77l-6.183 3.063a1.563 1.563 0 0 1-2.211-1.804l1.848-6.715L.462 10.37a1.555 1.555 0 0 1 .954-2.653l6.03-.598Z" fill-rule="evenodd"></path></svg></span></div></div><div class="RecommendationProductCard_cardNameContainer__QFdxC"><p data-zta="P1UIC" title="Wild Freedom Adult Wild Hills - Duck" class="z-p1 RecommendationProductCard_cardName__H8vdr">Wild Freedom Adult Wild Hills - Duck</p></div><div class="z-price RecommendationProductCard_price__KBkaq Price_price__tUrlr" data-zta="ProductStandardPriceUIC"><div class="z-price__price-wrap"><span class="z-price__amount z-price__amount--standard" data-zta="productStandardPriceAmount">£36.49</span></div><span class="z-price__note z-price__note--suffix" data-zta="productStandardPriceSuffix">£5.61 / kg</span></div></a></div><div class="swiper-slide" data-zta="product-slide" style="width: 170.25px;"><a data-zta="693949" href="/shop/cats/canned_cat_food_pouches/encore/pouches/693949?zootopia_rec=true&amp;activeVariant=693949.3&amp;cn=initial&amp;si=3&amp;pn=web_pdp&amp;pr=container_2&amp;strategy=55205132&amp;rk=1-12&amp;slot=5&amp;pi=693949&amp;rri=fecc0793-6f1f-46df-a9ef-8f9595287d8f" class="z-anchor RecommendationProductCard_slideCard__Rr_tx"><div class="RecommendationProductCard_imageContainer__2st26"><div class="ImageWithLoader_imageWithLoader__s44YO loading"><span style="box-sizing: border-box; display: inline-block; overflow: hidden; width: initial; height: initial; background: none; opacity: 1; border: 0px; margin: 0px; padding: 0px; position: relative; max-width: 100%;"><span style="box-sizing: border-box; display: block; width: initial; height: initial; background: none; opacity: 1; border: 0px; margin: 0px; padding: 0px; max-width: 100%;"><img alt="" aria-hidden="true" src="data:image/svg+xml,%3csvg%20xmlns=%27http://www.w3.org/2000/svg%27%20version=%271.1%27%20width=%27109%27%20height=%27109%27/%3e" style="display: block; max-width: 100%; width: initial; height: initial; background: none; opacity: 1; border: 0px; margin: 0px; padding: 0px;"></span><img title="Encore Cat Jelly Pouch Multipack 20 x 50g" alt="Encore Cat Jelly Pouch Multipack 20 x 50g" src="data:image/gif;base64,R0lGODlhAQABAIAAAAAAAP///yH5BAEAAAAALAAAAAABAAEAAAIBRAA7" decoding="async" data-nimg="intrinsic" style="position: absolute; inset: 0px; box-sizing: border-box; padding: 0px; border: none; margin: auto; display: block; width: 0px; height: 0px; min-width: 100%; max-width: 100%; min-height: 100%; max-height: 100%; object-fit: contain;"><noscript></noscript></span></div></div><div class="RecommendationProductCard_ratingBarContainer__8pllY"><div data-zta="RatingUIC" class="z-rating"><span class="z-rating__star-wrap"><span class="pp-visually-hidden">: 4/5</span><svg fill="currentColor" width="24" height="24" xmlns="http://www.w3.org/2000/svg" viewBox="0 0 24 24" role="none" class="z-rating__star z-rating__star--full"><path d="M7.446 7.12 10.603.857a1.569 1.569 0 0 1 2.794 0l.002.004 3.16 6.261 6.018.597a1.555 1.555 0 0 1 .966 2.654l-4.988 4.944 1.85 6.722a1.563 1.563 0 0 1-2.209 1.8L12 20.77l-6.183 3.063a1.563 1.563 0 0 1-2.211-1.804l1.848-6.715L.462 10.37a1.555 1.555 0 0 1 .954-2.653l6.03-.598Z" fill-rule="evenodd"></path></svg><svg fill="currentColor" width="24" height="24" xmlns="http://www.w3.org/2000/svg" viewBox="0 0 24 24" role="none" class="z-rating__star z-rating__star--full"><path d="M7.446 7.12 10.603.857a1.569 1.569 0 0 1 2.794 0l.002.004 3.16 6.261 6.018.597a1.555 1.555 0 0 1 .966 2.654l-4.988 4.944 1.85 6.722a1.563 1.563 0 0 1-2.209 1.8L12 20.77l-6.183 3.063a1.563 1.563 0 0 1-2.211-1.804l1.848-6.715L.462 10.37a1.555 1.555 0 0 1 .954-2.653l6.03-.598Z" fill-rule="evenodd"></path></svg><svg fill="currentColor" width="24" height="24" xmlns="http://www.w3.org/2000/svg" viewBox="0 0 24 24" role="none" class="z-rating__star z-rating__star--full"><path d="M7.446 7.12 10.603.857a1.569 1.569 0 0 1 2.794 0l.002.004 3.16 6.261 6.018.597a1.555 1.555 0 0 1 .966 2.654l-4.988 4.944 1.85 6.722a1.563 1.563 0 0 1-2.209 1.8L12 20.77l-6.183 3.063a1.563 1.563 0 0 1-2.211-1.804l1.848-6.715L.462 10.37a1.555 1.555 0 0 1 .954-2.653l6.03-.598Z" fill-rule="evenodd"></path></svg><svg fill="currentColor" width="24" height="24" xmlns="http://www.w3.org/2000/svg" viewBox="0 0 24 24" role="none" class="z-rating__star z-rating__star--full"><path d="M7.446 7.12 10.603.857a1.569 1.569 0 0 1 2.794 0l.002.004 3.16 6.261 6.018.597a1.555 1.555 0 0 1 .966 2.654l-4.988 4.944 1.85 6.722a1.563 1.563 0 0 1-2.209 1.8L12 20.77l-6.183 3.063a1.563 1.563 0 0 1-2.211-1.804l1.848-6.715L.462 10.37a1.555 1.555 0 0 1 .954-2.653l6.03-.598Z" fill-rule="evenodd"></path></svg><svg fill="currentColor" width="24" height="24" xmlns="http://www.w3.org/2000/svg" viewBox="0 0 24 24" role="none" class="z-rating__star"><path d="M7.446 7.12 10.603.857a1.569 1.569 0 0 1 2.794 0l.002.004 3.16 6.261 6.018.597a1.555 1.555 0 0 1 .966 2.654l-4.988 4.944 1.85 6.722a1.563 1.563 0 0 1-2.209 1.8L12 20.77l-6.183 3.063a1.563 1.563 0 0 1-2.211-1.804l1.848-6.715L.462 10.37a1.555 1.555 0 0 1 .954-2.653l6.03-.598Z" fill-rule="evenodd"></path></svg></span></div></div><div class="RecommendationProductCard_cardNameContainer__QFdxC"><p data-zta="P1UIC" title="Encore Cat Jelly Pouch Multipack 20 x 50g" class="z-p1 RecommendationProductCard_cardName__H8vdr">Encore Cat Jelly Pouch Multipack 20 x 50g</p></div><div class="z-price RecommendationProductCard_price__KBkaq Price_price__tUrlr" data-zta="ProductReducedPriceUIC"><div class="z-price__note-wrap"><span class="z-price__note" data-zta="productReducedPricePrefix">individually priced  £17.96</span></div><div class="z-price__price-wrap"><span class="z-price__prepend" data-zta="productReducedPriceAmountIntro">Now </span> <span class="z-price__amount" data-zta="productReducedPriceAmount">£16.59</span></div><span class="z-price__note z-price__note--suffix" data-zta="productReducedPriceSuffix">£16.59 / kg</span></div></a></div><div class="swiper-slide" data-zta="product-slide" style="width: 170.25px;"><a data-zta="1934688" href="/shop/cats/canned_cat_food_pouches/encore/cans/1934688?zootopia_rec=true&amp;activeVariant=1934688.1&amp;cn=initial&amp;si=3&amp;pn=web_pdp&amp;pr=container_2&amp;strategy=55205132&amp;rk=1-12&amp;slot=6&amp;pi=1934688&amp;rri=fecc0793-6f1f-46df-a9ef-8f9595287d8f" class="z-anchor RecommendationProductCard_slideCard__Rr_tx"><div class="RecommendationProductCard_imageContainer__2st26"><div class="ImageWithLoader_imageWithLoader__s44YO loading"><span style="box-sizing: border-box; display: inline-block; overflow: hidden; width: initial; height: initial; background: none; opacity: 1; border: 0px; margin: 0px; padding: 0px; position: relative; max-width: 100%;"><span style="box-sizing: border-box; display: block; width: initial; height: initial; background: none; opacity: 1; border: 0px; margin: 0px; padding: 0px; max-width: 100%;"><img alt="" aria-hidden="true" src="data:image/svg+xml,%3csvg%20xmlns=%27http://www.w3.org/2000/svg%27%20version=%271.1%27%20width=%27109%27%20height=%27109%27/%3e" style="display: block; max-width: 100%; width: initial; height: initial; background: none; opacity: 1; border: 0px; margin: 0px; padding: 0px;"></span><img title="Encore Cat Tin in Broth 12 x 70g" alt="Encore Cat Tin in Broth 12 x 70g" src="data:image/gif;base64,R0lGODlhAQABAIAAAAAAAP///yH5BAEAAAAALAAAAAABAAEAAAIBRAA7" decoding="async" data-nimg="intrinsic" style="position: absolute; inset: 0px; box-sizing: border-box; padding: 0px; border: none; margin: auto; display: block; width: 0px; height: 0px; min-width: 100%; max-width: 100%; min-height: 100%; max-height: 100%; object-fit: contain;"><noscript></noscript></span></div></div><div class="RecommendationProductCard_ratingBarContainer__8pllY"><div data-zta="RatingUIC" class="z-rating"><span class="z-rating__star-wrap"><span class="pp-visually-hidden">: 5/5</span><svg fill="currentColor" width="24" height="24" xmlns="http://www.w3.org/2000/svg" viewBox="0 0 24 24" role="none" class="z-rating__star z-rating__star--full"><path d="M7.446 7.12 10.603.857a1.569 1.569 0 0 1 2.794 0l.002.004 3.16 6.261 6.018.597a1.555 1.555 0 0 1 .966 2.654l-4.988 4.944 1.85 6.722a1.563 1.563 0 0 1-2.209 1.8L12 20.77l-6.183 3.063a1.563 1.563 0 0 1-2.211-1.804l1.848-6.715L.462 10.37a1.555 1.555 0 0 1 .954-2.653l6.03-.598Z" fill-rule="evenodd"></path></svg><svg fill="currentColor" width="24" height="24" xmlns="http://www.w3.org/2000/svg" viewBox="0 0 24 24" role="none" class="z-rating__star z-rating__star--full"><path d="M7.446 7.12 10.603.857a1.569 1.569 0 0 1 2.794 0l.002.004 3.16 6.261 6.018.597a1.555 1.555 0 0 1 .966 2.654l-4.988 4.944 1.85 6.722a1.563 1.563 0 0 1-2.209 1.8L12 20.77l-6.183 3.063a1.563 1.563 0 0 1-2.211-1.804l1.848-6.715L.462 10.37a1.555 1.555 0 0 1 .954-2.653l6.03-.598Z" fill-rule="evenodd"></path></svg><svg fill="currentColor" width="24" height="24" xmlns="http://www.w3.org/2000/svg" viewBox="0 0 24 24" role="none" class="z-rating__star z-rating__star--full"><path d="M7.446 7.12 10.603.857a1.569 1.569 0 0 1 2.794 0l.002.004 3.16 6.261 6.018.597a1.555 1.555 0 0 1 .966 2.654l-4.988 4.944 1.85 6.722a1.563 1.563 0 0 1-2.209 1.8L12 20.77l-6.183 3.063a1.563 1.563 0 0 1-2.211-1.804l1.848-6.715L.462 10.37a1.555 1.555 0 0 1 .954-2.653l6.03-.598Z" fill-rule="evenodd"></path></svg><svg fill="currentColor" width="24" height="24" xmlns="http://www.w3.org/2000/svg" viewBox="0 0 24 24" role="none" class="z-rating__star z-rating__star--full"><path d="M7.446 7.12 10.603.857a1.569 1.569 0 0 1 2.794 0l.002.004 3.16 6.261 6.018.597a1.555 1.555 0 0 1 .966 2.654l-4.988 4.944 1.85 6.722a1.563 1.563 0 0 1-2.209 1.8L12 20.77l-6.183 3.063a1.563 1.563 0 0 1-2.211-1.804l1.848-6.715L.462 10.37a1.555 1.555 0 0 1 .954-2.653l6.03-.598Z" fill-rule="evenodd"></path></svg><svg fill="currentColor" width="24" height="24" xmlns="http://www.w3.org/2000/svg" viewBox="0 0 24 24" role="none" class="z-rating__star z-rating__star--full"><path d="M7.446 7.12 10.603.857a1.569 1.569 0 0 1 2.794 0l.002.004 3.16 6.261 6.018.597a1.555 1.555 0 0 1 .966 2.654l-4.988 4.944 1.85 6.722a1.563 1.563 0 0 1-2.209 1.8L12 20.77l-6.183 3.063a1.563 1.563 0 0 1-2.211-1.804l1.848-6.715L.462 10.37a1.555 1.555 0 0 1 .954-2.653l6.03-.598Z" fill-rule="evenodd"></path></svg></span></div></div><div class="RecommendationProductCard_cardNameContainer__QFdxC"><p data-zta="P1UIC" title="Encore Cat Tin in Broth 12 x 70g" class="z-p1 RecommendationProductCard_cardName__H8vdr">Encore Cat Tin in Broth 12 x 70g</p></div><div class="z-price RecommendationProductCard_price__KBkaq Price_price__tUrlr" data-zta="ProductStandardPriceUIC"><div class="z-price__price-wrap"><span class="z-price__amount z-price__amount--standard" data-zta="productStandardPriceAmount">£10.89</span></div><span class="z-price__note z-price__note--suffix" data-zta="productStandardPriceSuffix">£12.96 / kg</span></div></a></div><div class="swiper-slide" data-zta="product-slide" style="width: 170.25px;"><a data-zta="434497" href="/shop/cats/canned_cat_food_pouches/cosma_nature/cans/434497?zootopia_rec=true&amp;activeVariant=434497.5&amp;cn=initial&amp;si=3&amp;pn=web_pdp&amp;pr=container_2&amp;strategy=55205132&amp;rk=1-12&amp;slot=7&amp;pi=434497&amp;rri=fecc0793-6f1f-46df-a9ef-8f9595287d8f" class="z-anchor RecommendationProductCard_slideCard__Rr_tx"><div class="RecommendationProductCard_imageContainer__2st26"><div class="ImageWithLoader_imageWithLoader__s44YO loading"><span style="box-sizing: border-box; display: inline-block; overflow: hidden; width: initial; height: initial; background: none; opacity: 1; border: 0px; margin: 0px; padding: 0px; position: relative; max-width: 100%;"><span style="box-sizing: border-box; display: block; width: initial; height: initial; background: none; opacity: 1; border: 0px; margin: 0px; padding: 0px; max-width: 100%;"><img alt="" aria-hidden="true" src="data:image/svg+xml,%3csvg%20xmlns=%27http://www.w3.org/2000/svg%27%20version=%271.1%27%20width=%27109%27%20height=%27109%27/%3e" style="display: block; max-width: 100%; width: initial; height: initial; background: none; opacity: 1; border: 0px; margin: 0px; padding: 0px;"></span><img title="Cosma Nature 6 x 70g" alt="Cosma Nature 6 x 70g" src="data:image/gif;base64,R0lGODlhAQABAIAAAAAAAP///yH5BAEAAAAALAAAAAABAAEAAAIBRAA7" decoding="async" data-nimg="intrinsic" style="position: absolute; inset: 0px; box-sizing: border-box; padding: 0px; border: none; margin: auto; display: block; width: 0px; height: 0px; min-width: 100%; max-width: 100%; min-height: 100%; max-height: 100%; object-fit: contain;"><noscript></noscript></span></div><div data-zta="zooplus-choice-badge-recommendation" class="ZooplusChoiceBadge_zooplusChoiceBadge__QM2nd RecommendationProductCard_bottomBadge__DxHdD">zooplus choice</div></div><div class="RecommendationProductCard_ratingBarContainer__8pllY"><div data-zta="RatingUIC" class="z-rating"><span class="z-rating__star-wrap"><span class="pp-visually-hidden">: 5/5</span><svg fill="currentColor" width="24" height="24" xmlns="http://www.w3.org/2000/svg" viewBox="0 0 24 24" role="none" class="z-rating__star z-rating__star--full"><path d="M7.446 7.12 10.603.857a1.569 1.569 0 0 1 2.794 0l.002.004 3.16 6.261 6.018.597a1.555 1.555 0 0 1 .966 2.654l-4.988 4.944 1.85 6.722a1.563 1.563 0 0 1-2.209 1.8L12 20.77l-6.183 3.063a1.563 1.563 0 0 1-2.211-1.804l1.848-6.715L.462 10.37a1.555 1.555 0 0 1 .954-2.653l6.03-.598Z" fill-rule="evenodd"></path></svg><svg fill="currentColor" width="24" height="24" xmlns="http://www.w3.org/2000/svg" viewBox="0 0 24 24" role="none" class="z-rating__star z-rating__star--full"><path d="M7.446 7.12 10.603.857a1.569 1.569 0 0 1 2.794 0l.002.004 3.16 6.261 6.018.597a1.555 1.555 0 0 1 .966 2.654l-4.988 4.944 1.85 6.722a1.563 1.563 0 0 1-2.209 1.8L12 20.77l-6.183 3.063a1.563 1.563 0 0 1-2.211-1.804l1.848-6.715L.462 10.37a1.555 1.555 0 0 1 .954-2.653l6.03-.598Z" fill-rule="evenodd"></path></svg><svg fill="currentColor" width="24" height="24" xmlns="http://www.w3.org/2000/svg" viewBox="0 0 24 24" role="none" class="z-rating__star z-rating__star--full"><path d="M7.446 7.12 10.603.857a1.569 1.569 0 0 1 2.794 0l.002.004 3.16 6.261 6.018.597a1.555 1.555 0 0 1 .966 2.654l-4.988 4.944 1.85 6.722a1.563 1.563 0 0 1-2.209 1.8L12 20.77l-6.183 3.063a1.563 1.563 0 0 1-2.211-1.804l1.848-6.715L.462 10.37a1.555 1.555 0 0 1 .954-2.653l6.03-.598Z" fill-rule="evenodd"></path></svg><svg fill="currentColor" width="24" height="24" xmlns="http://www.w3.org/2000/svg" viewBox="0 0 24 24" role="none" class="z-rating__star z-rating__star--full"><path d="M7.446 7.12 10.603.857a1.569 1.569 0 0 1 2.794 0l.002.004 3.16 6.261 6.018.597a1.555 1.555 0 0 1 .966 2.654l-4.988 4.944 1.85 6.722a1.563 1.563 0 0 1-2.209 1.8L12 20.77l-6.183 3.063a1.563 1.563 0 0 1-2.211-1.804l1.848-6.715L.462 10.37a1.555 1.555 0 0 1 .954-2.653l6.03-.598Z" fill-rule="evenodd"></path></svg><svg fill="currentColor" width="24" height="24" xmlns="http://www.w3.org/2000/svg" viewBox="0 0 24 24" role="none" class="z-rating__star z-rating__star--full"><path d="M7.446 7.12 10.603.857a1.569 1.569 0 0 1 2.794 0l.002.004 3.16 6.261 6.018.597a1.555 1.555 0 0 1 .966 2.654l-4.988 4.944 1.85 6.722a1.563 1.563 0 0 1-2.209 1.8L12 20.77l-6.183 3.063a1.563 1.563 0 0 1-2.211-1.804l1.848-6.715L.462 10.37a1.555 1.555 0 0 1 .954-2.653l6.03-.598Z" fill-rule="evenodd"></path></svg></span></div></div><div class="RecommendationProductCard_cardNameContainer__QFdxC"><p data-zta="P1UIC" title="Cosma Nature 6 x 70g" class="z-p1 RecommendationProductCard_cardName__H8vdr">Cosma Nature 6 x 70g</p></div><div class="z-price RecommendationProductCard_price__KBkaq Price_price__tUrlr" data-zta="ProductStandardPriceUIC"><div class="z-price__price-wrap"><span class="z-price__amount z-price__amount--standard" data-zta="productStandardPriceAmount">£6.99</span></div><span class="z-price__note z-price__note--suffix" data-zta="productStandardPriceSuffix">£16.64 / kg</span></div></a></div><div class="swiper-slide" data-zta="product-slide" style="width: 170.25px;"><a data-zta="693950" href="/shop/cats/canned_cat_food_pouches/encore/cans/693950?zootopia_rec=true&amp;activeVariant=693950.0&amp;cn=initial&amp;si=3&amp;pn=web_pdp&amp;pr=container_2&amp;strategy=55205132&amp;rk=1-12&amp;slot=8&amp;pi=693950&amp;rri=fecc0793-6f1f-46df-a9ef-8f9595287d8f" class="z-anchor RecommendationProductCard_slideCard__Rr_tx"><div class="RecommendationProductCard_imageContainer__2st26"><div class="ImageWithLoader_imageWithLoader__s44YO loading"><span style="box-sizing: border-box; display: inline-block; overflow: hidden; width: initial; height: initial; background: none; opacity: 1; border: 0px; margin: 0px; padding: 0px; position: relative; max-width: 100%;"><span style="box-sizing: border-box; display: block; width: initial; height: initial; background: none; opacity: 1; border: 0px; margin: 0px; padding: 0px; max-width: 100%;"><img alt="" aria-hidden="true" src="data:image/svg+xml,%3csvg%20xmlns=%27http://www.w3.org/2000/svg%27%20version=%271.1%27%20width=%27109%27%20height=%27109%27/%3e" style="display: block; max-width: 100%; width: initial; height: initial; background: none; opacity: 1; border: 0px; margin: 0px; padding: 0px;"></span><img title="Encore Cat Tin Multipack Selection 8 x 70g" alt="Encore Cat Tin Multipack Selection 8 x 70g" src="data:image/gif;base64,R0lGODlhAQABAIAAAAAAAP///yH5BAEAAAAALAAAAAABAAEAAAIBRAA7" decoding="async" data-nimg="intrinsic" style="position: absolute; inset: 0px; box-sizing: border-box; padding: 0px; border: none; margin: auto; display: block; width: 0px; height: 0px; min-width: 100%; max-width: 100%; min-height: 100%; max-height: 100%; object-fit: contain;"><noscript></noscript></span></div></div><div class="RecommendationProductCard_ratingBarContainer__8pllY"><div data-zta="RatingUIC" class="z-rating"><span class="z-rating__star-wrap"><span class="pp-visually-hidden">: 4/5</span><svg fill="currentColor" width="24" height="24" xmlns="http://www.w3.org/2000/svg" viewBox="0 0 24 24" role="none" class="z-rating__star z-rating__star--full"><path d="M7.446 7.12 10.603.857a1.569 1.569 0 0 1 2.794 0l.002.004 3.16 6.261 6.018.597a1.555 1.555 0 0 1 .966 2.654l-4.988 4.944 1.85 6.722a1.563 1.563 0 0 1-2.209 1.8L12 20.77l-6.183 3.063a1.563 1.563 0 0 1-2.211-1.804l1.848-6.715L.462 10.37a1.555 1.555 0 0 1 .954-2.653l6.03-.598Z" fill-rule="evenodd"></path></svg><svg fill="currentColor" width="24" height="24" xmlns="http://www.w3.org/2000/svg" viewBox="0 0 24 24" role="none" class="z-rating__star z-rating__star--full"><path d="M7.446 7.12 10.603.857a1.569 1.569 0 0 1 2.794 0l.002.004 3.16 6.261 6.018.597a1.555 1.555 0 0 1 .966 2.654l-4.988 4.944 1.85 6.722a1.563 1.563 0 0 1-2.209 1.8L12 20.77l-6.183 3.063a1.563 1.563 0 0 1-2.211-1.804l1.848-6.715L.462 10.37a1.555 1.555 0 0 1 .954-2.653l6.03-.598Z" fill-rule="evenodd"></path></svg><svg fill="currentColor" width="24" height="24" xmlns="http://www.w3.org/2000/svg" viewBox="0 0 24 24" role="none" class="z-rating__star z-rating__star--full"><path d="M7.446 7.12 10.603.857a1.569 1.569 0 0 1 2.794 0l.002.004 3.16 6.261 6.018.597a1.555 1.555 0 0 1 .966 2.654l-4.988 4.944 1.85 6.722a1.563 1.563 0 0 1-2.209 1.8L12 20.77l-6.183 3.063a1.563 1.563 0 0 1-2.211-1.804l1.848-6.715L.462 10.37a1.555 1.555 0 0 1 .954-2.653l6.03-.598Z" fill-rule="evenodd"></path></svg><svg fill="currentColor" width="24" height="24" xmlns="http://www.w3.org/2000/svg" viewBox="0 0 24 24" role="none" class="z-rating__star z-rating__star--full"><path d="M7.446 7.12 10.603.857a1.569 1.569 0 0 1 2.794 0l.002.004 3.16 6.261 6.018.597a1.555 1.555 0 0 1 .966 2.654l-4.988 4.944 1.85 6.722a1.563 1.563 0 0 1-2.209 1.8L12 20.77l-6.183 3.063a1.563 1.563 0 0 1-2.211-1.804l1.848-6.715L.462 10.37a1.555 1.555 0 0 1 .954-2.653l6.03-.598Z" fill-rule="evenodd"></path></svg><svg fill="currentColor" width="24" height="24" xmlns="http://www.w3.org/2000/svg" viewBox="0 0 24 24" role="none" class="z-rating__star"><path d="M7.446 7.12 10.603.857a1.569 1.569 0 0 1 2.794 0l.002.004 3.16 6.261 6.018.597a1.555 1.555 0 0 1 .966 2.654l-4.988 4.944 1.85 6.722a1.563 1.563 0 0 1-2.209 1.8L12 20.77l-6.183 3.063a1.563 1.563 0 0 1-2.211-1.804l1.848-6.715L.462 10.37a1.555 1.555 0 0 1 .954-2.653l6.03-.598Z" fill-rule="evenodd"></path></svg></span></div></div><div class="RecommendationProductCard_cardNameContainer__QFdxC"><p data-zta="P1UIC" title="Encore Cat Tin Multipack Selection 8 x 70g" class="z-p1 RecommendationProductCard_cardName__H8vdr">Encore Cat Tin Multipack Selection 8 x 70g</p></div><div class="z-price RecommendationProductCard_price__KBkaq Price_price__tUrlr" data-zta="ProductReducedPriceUIC"><div class="z-price__note-wrap"><span class="z-price__note" data-zta="productReducedPricePrefix">RRP* £9.49</span></div><div class="z-price__price-wrap"><span class="z-price__prepend" data-zta="productReducedPriceAmountIntro">Our Price </span> <span class="z-price__amount" data-zta="productReducedPriceAmount">£8.09</span></div><span class="z-price__note z-price__note--suffix" data-zta="productReducedPriceSuffix">£14.45 / kg</span></div></a></div><div class="swiper-slide" data-zta="product-slide" style="width: 170.25px;"><a data-zta="1933830" href="/shop/cats/canned_cat_food_pouches/encore/pouches/1933830?zootopia_rec=true&amp;activeVariant=1933830.0&amp;cn=initial&amp;si=3&amp;pn=web_pdp&amp;pr=container_2&amp;strategy=55205132&amp;rk=1-12&amp;slot=9&amp;pi=1933830&amp;rri=fecc0793-6f1f-46df-a9ef-8f9595287d8f" class="z-anchor RecommendationProductCard_slideCard__Rr_tx"><div class="RecommendationProductCard_imageContainer__2st26"><div class="ImageWithLoader_imageWithLoader__s44YO loading"><span style="box-sizing: border-box; display: inline-block; overflow: hidden; width: initial; height: initial; background: none; opacity: 1; border: 0px; margin: 0px; padding: 0px; position: relative; max-width: 100%;"><span style="box-sizing: border-box; display: block; width: initial; height: initial; background: none; opacity: 1; border: 0px; margin: 0px; padding: 0px; max-width: 100%;"><img alt="" aria-hidden="true" src="data:image/svg+xml,%3csvg%20xmlns=%27http://www.w3.org/2000/svg%27%20version=%271.1%27%20width=%27109%27%20height=%27109%27/%3e" style="display: block; max-width: 100%; width: initial; height: initial; background: none; opacity: 1; border: 0px; margin: 0px; padding: 0px;"></span><img title="Encore Cat Pouch in Broth Saver Pack 20 x 50g" alt="Encore Cat Pouch in Broth Saver Pack 20 x 50g" src="data:image/gif;base64,R0lGODlhAQABAIAAAAAAAP///yH5BAEAAAAALAAAAAABAAEAAAIBRAA7" decoding="async" data-nimg="intrinsic" style="position: absolute; inset: 0px; box-sizing: border-box; padding: 0px; border: none; margin: auto; display: block; width: 0px; height: 0px; min-width: 100%; max-width: 100%; min-height: 100%; max-height: 100%; object-fit: contain;"><noscript></noscript></span></div></div><div class="RecommendationProductCard_ratingBarContainer__8pllY"><div data-zta="RatingUIC" class="z-rating"><span class="z-rating__star-wrap"><span class="pp-visually-hidden">: 5/5</span><svg fill="currentColor" width="24" height="24" xmlns="http://www.w3.org/2000/svg" viewBox="0 0 24 24" role="none" class="z-rating__star z-rating__star--full"><path d="M7.446 7.12 10.603.857a1.569 1.569 0 0 1 2.794 0l.002.004 3.16 6.261 6.018.597a1.555 1.555 0 0 1 .966 2.654l-4.988 4.944 1.85 6.722a1.563 1.563 0 0 1-2.209 1.8L12 20.77l-6.183 3.063a1.563 1.563 0 0 1-2.211-1.804l1.848-6.715L.462 10.37a1.555 1.555 0 0 1 .954-2.653l6.03-.598Z" fill-rule="evenodd"></path></svg><svg fill="currentColor" width="24" height="24" xmlns="http://www.w3.org/2000/svg" viewBox="0 0 24 24" role="none" class="z-rating__star z-rating__star--full"><path d="M7.446 7.12 10.603.857a1.569 1.569 0 0 1 2.794 0l.002.004 3.16 6.261 6.018.597a1.555 1.555 0 0 1 .966 2.654l-4.988 4.944 1.85 6.722a1.563 1.563 0 0 1-2.209 1.8L12 20.77l-6.183 3.063a1.563 1.563 0 0 1-2.211-1.804l1.848-6.715L.462 10.37a1.555 1.555 0 0 1 .954-2.653l6.03-.598Z" fill-rule="evenodd"></path></svg><svg fill="currentColor" width="24" height="24" xmlns="http://www.w3.org/2000/svg" viewBox="0 0 24 24" role="none" class="z-rating__star z-rating__star--full"><path d="M7.446 7.12 10.603.857a1.569 1.569 0 0 1 2.794 0l.002.004 3.16 6.261 6.018.597a1.555 1.555 0 0 1 .966 2.654l-4.988 4.944 1.85 6.722a1.563 1.563 0 0 1-2.209 1.8L12 20.77l-6.183 3.063a1.563 1.563 0 0 1-2.211-1.804l1.848-6.715L.462 10.37a1.555 1.555 0 0 1 .954-2.653l6.03-.598Z" fill-rule="evenodd"></path></svg><svg fill="currentColor" width="24" height="24" xmlns="http://www.w3.org/2000/svg" viewBox="0 0 24 24" role="none" class="z-rating__star z-rating__star--full"><path d="M7.446 7.12 10.603.857a1.569 1.569 0 0 1 2.794 0l.002.004 3.16 6.261 6.018.597a1.555 1.555 0 0 1 .966 2.654l-4.988 4.944 1.85 6.722a1.563 1.563 0 0 1-2.209 1.8L12 20.77l-6.183 3.063a1.563 1.563 0 0 1-2.211-1.804l1.848-6.715L.462 10.37a1.555 1.555 0 0 1 .954-2.653l6.03-.598Z" fill-rule="evenodd"></path></svg><svg fill="currentColor" width="24" height="24" xmlns="http://www.w3.org/2000/svg" viewBox="0 0 24 24" role="none" class="z-rating__star z-rating__star--full"><path d="M7.446 7.12 10.603.857a1.569 1.569 0 0 1 2.794 0l.002.004 3.16 6.261 6.018.597a1.555 1.555 0 0 1 .966 2.654l-4.988 4.944 1.85 6.722a1.563 1.563 0 0 1-2.209 1.8L12 20.77l-6.183 3.063a1.563 1.563 0 0 1-2.211-1.804l1.848-6.715L.462 10.37a1.555 1.555 0 0 1 .954-2.653l6.03-.598Z" fill-rule="evenodd"></path></svg></span></div></div><div class="RecommendationProductCard_cardNameContainer__QFdxC"><p data-zta="P1UIC" title="Encore Cat Pouch in Broth Saver Pack 20 x 50g" class="z-p1 RecommendationProductCard_cardName__H8vdr">Encore Cat Pouch in Broth Saver Pack 20 x 50g</p></div><div class="z-price RecommendationProductCard_price__KBkaq Price_price__tUrlr" data-zta="ProductReducedPriceUIC"><div class="z-price__note-wrap"><span class="z-price__note" data-zta="productReducedPricePrefix">individually priced  £15.96</span></div><div class="z-price__price-wrap"><span class="z-price__prepend" data-zta="productReducedPriceAmountIntro">Now </span> <span class="z-price__amount" data-zta="productReducedPriceAmount">£15.09</span></div><span class="z-price__note z-price__note--suffix" data-zta="productReducedPriceSuffix">£15.09 / kg</span></div></a></div><div class="swiper-slide" data-zta="product-slide" style="width: 170.25px;"><a data-zta="1920740" href="/shop/cats/canned_cat_food_pouches/encore/pouches/1920740?zootopia_rec=true&amp;activeVariant=1920740.1&amp;cn=initial&amp;si=3&amp;pn=web_pdp&amp;pr=container_2&amp;strategy=55205132&amp;rk=1-12&amp;slot=10&amp;pi=1920740&amp;rri=fecc0793-6f1f-46df-a9ef-8f9595287d8f" class="z-anchor RecommendationProductCard_slideCard__Rr_tx"><div class="RecommendationProductCard_imageContainer__2st26"><div class="ImageWithLoader_imageWithLoader__s44YO loading"><span style="box-sizing: border-box; display: inline-block; overflow: hidden; width: initial; height: initial; background: none; opacity: 1; border: 0px; margin: 0px; padding: 0px; position: relative; max-width: 100%;"><span style="box-sizing: border-box; display: block; width: initial; height: initial; background: none; opacity: 1; border: 0px; margin: 0px; padding: 0px; max-width: 100%;"><img alt="" aria-hidden="true" src="data:image/svg+xml,%3csvg%20xmlns=%27http://www.w3.org/2000/svg%27%20version=%271.1%27%20width=%27109%27%20height=%27109%27/%3e" style="display: block; max-width: 100%; width: initial; height: initial; background: none; opacity: 1; border: 0px; margin: 0px; padding: 0px;"></span><img title="Encore Cat Gravy Pouch Mix 5 x 50g" alt="Encore Cat Gravy Pouch Mix 5 x 50g" src="data:image/gif;base64,R0lGODlhAQABAIAAAAAAAP///yH5BAEAAAAALAAAAAABAAEAAAIBRAA7" decoding="async" data-nimg="intrinsic" style="position: absolute; inset: 0px; box-sizing: border-box; padding: 0px; border: none; margin: auto; display: block; width: 0px; height: 0px; min-width: 100%; max-width: 100%; min-height: 100%; max-height: 100%; object-fit: contain;"><noscript></noscript></span></div></div><div class="RecommendationProductCard_ratingBarContainer__8pllY"><div data-zta="RatingUIC" class="z-rating"><span class="z-rating__star-wrap"><svg fill="currentColor" width="24" height="24" xmlns="http://www.w3.org/2000/svg" viewBox="0 0 24 24" role="none" class="z-rating__star"><path d="M7.446 7.12 10.603.857a1.569 1.569 0 0 1 2.794 0l.002.004 3.16 6.261 6.018.597a1.555 1.555 0 0 1 .966 2.654l-4.988 4.944 1.85 6.722a1.563 1.563 0 0 1-2.209 1.8L12 20.77l-6.183 3.063a1.563 1.563 0 0 1-2.211-1.804l1.848-6.715L.462 10.37a1.555 1.555 0 0 1 .954-2.653l6.03-.598Z" fill-rule="evenodd"></path></svg><svg fill="currentColor" width="24" height="24" xmlns="http://www.w3.org/2000/svg" viewBox="0 0 24 24" role="none" class="z-rating__star"><path d="M7.446 7.12 10.603.857a1.569 1.569 0 0 1 2.794 0l.002.004 3.16 6.261 6.018.597a1.555 1.555 0 0 1 .966 2.654l-4.988 4.944 1.85 6.722a1.563 1.563 0 0 1-2.209 1.8L12 20.77l-6.183 3.063a1.563 1.563 0 0 1-2.211-1.804l1.848-6.715L.462 10.37a1.555 1.555 0 0 1 .954-2.653l6.03-.598Z" fill-rule="evenodd"></path></svg><svg fill="currentColor" width="24" height="24" xmlns="http://www.w3.org/2000/svg" viewBox="0 0 24 24" role="none" class="z-rating__star"><path d="M7.446 7.12 10.603.857a1.569 1.569 0 0 1 2.794 0l.002.004 3.16 6.261 6.018.597a1.555 1.555 0 0 1 .966 2.654l-4.988 4.944 1.85 6.722a1.563 1.563 0 0 1-2.209 1.8L12 20.77l-6.183 3.063a1.563 1.563 0 0 1-2.211-1.804l1.848-6.715L.462 10.37a1.555 1.555 0 0 1 .954-2.653l6.03-.598Z" fill-rule="evenodd"></path></svg><svg fill="currentColor" width="24" height="24" xmlns="http://www.w3.org/2000/svg" viewBox="0 0 24 24" role="none" class="z-rating__star"><path d="M7.446 7.12 10.603.857a1.569 1.569 0 0 1 2.794 0l.002.004 3.16 6.261 6.018.597a1.555 1.555 0 0 1 .966 2.654l-4.988 4.944 1.85 6.722a1.563 1.563 0 0 1-2.209 1.8L12 20.77l-6.183 3.063a1.563 1.563 0 0 1-2.211-1.804l1.848-6.715L.462 10.37a1.555 1.555 0 0 1 .954-2.653l6.03-.598Z" fill-rule="evenodd"></path></svg><svg fill="currentColor" width="24" height="24" xmlns="http://www.w3.org/2000/svg" viewBox="0 0 24 24" role="none" class="z-rating__star"><path d="M7.446 7.12 10.603.857a1.569 1.569 0 0 1 2.794 0l.002.004 3.16 6.261 6.018.597a1.555 1.555 0 0 1 .966 2.654l-4.988 4.944 1.85 6.722a1.563 1.563 0 0 1-2.209 1.8L12 20.77l-6.183 3.063a1.563 1.563 0 0 1-2.211-1.804l1.848-6.715L.462 10.37a1.555 1.555 0 0 1 .954-2.653l6.03-.598Z" fill-rule="evenodd"></path></svg></span></div></div><div class="RecommendationProductCard_cardNameContainer__QFdxC"><p data-zta="P1UIC" title="Encore Cat Gravy Pouch Mix 5 x 50g" class="z-p1 RecommendationProductCard_cardName__H8vdr">Encore Cat Gravy Pouch Mix 5 x 50g</p></div><div class="z-price RecommendationProductCard_price__KBkaq Price_price__tUrlr" data-zta="ProductStandardPriceUIC"><div class="z-price__price-wrap"><span class="z-price__amount z-price__amount--standard" data-zta="productStandardPriceAmount">£4.39</span></div><span class="z-price__note z-price__note--suffix" data-zta="productStandardPriceSuffix">£17.56 / kg</span></div></a></div><div class="swiper-slide" data-zta="product-slide" style="width: 170.25px;"><a data-zta="693952" href="/shop/cats/canned_cat_food_pouches/encore/pouches/693952?zootopia_rec=true&amp;activeVariant=693952.1&amp;cn=initial&amp;si=3&amp;pn=web_pdp&amp;pr=container_2&amp;strategy=55205132&amp;rk=1-12&amp;slot=11&amp;pi=693952&amp;rri=fecc0793-6f1f-46df-a9ef-8f9595287d8f" class="z-anchor RecommendationProductCard_slideCard__Rr_tx"><div class="RecommendationProductCard_imageContainer__2st26"><div class="ImageWithLoader_imageWithLoader__s44YO loading"><span style="box-sizing: border-box; display: inline-block; overflow: hidden; width: initial; height: initial; background: none; opacity: 1; border: 0px; margin: 0px; padding: 0px; position: relative; max-width: 100%;"><span style="box-sizing: border-box; display: block; width: initial; height: initial; background: none; opacity: 1; border: 0px; margin: 0px; padding: 0px; max-width: 100%;"><img alt="" aria-hidden="true" src="data:image/svg+xml,%3csvg%20xmlns=%27http://www.w3.org/2000/svg%27%20version=%271.1%27%20width=%27109%27%20height=%27109%27/%3e" style="display: block; max-width: 100%; width: initial; height: initial; background: none; opacity: 1; border: 0px; margin: 0px; padding: 0px;"></span><img title="Encore Cat Broth Pouch 16 x 70g" alt="Encore Cat Broth Pouch 16 x 70g" src="data:image/gif;base64,R0lGODlhAQABAIAAAAAAAP///yH5BAEAAAAALAAAAAABAAEAAAIBRAA7" decoding="async" data-nimg="intrinsic" style="position: absolute; inset: 0px; box-sizing: border-box; padding: 0px; border: none; margin: auto; display: block; width: 0px; height: 0px; min-width: 100%; max-width: 100%; min-height: 100%; max-height: 100%; object-fit: contain;"><noscript></noscript></span></div></div><div class="RecommendationProductCard_ratingBarContainer__8pllY"><div data-zta="RatingUIC" class="z-rating"><span class="z-rating__star-wrap"><span class="pp-visually-hidden">: 5/5</span><svg fill="currentColor" width="24" height="24" xmlns="http://www.w3.org/2000/svg" viewBox="0 0 24 24" role="none" class="z-rating__star z-rating__star--full"><path d="M7.446 7.12 10.603.857a1.569 1.569 0 0 1 2.794 0l.002.004 3.16 6.261 6.018.597a1.555 1.555 0 0 1 .966 2.654l-4.988 4.944 1.85 6.722a1.563 1.563 0 0 1-2.209 1.8L12 20.77l-6.183 3.063a1.563 1.563 0 0 1-2.211-1.804l1.848-6.715L.462 10.37a1.555 1.555 0 0 1 .954-2.653l6.03-.598Z" fill-rule="evenodd"></path></svg><svg fill="currentColor" width="24" height="24" xmlns="http://www.w3.org/2000/svg" viewBox="0 0 24 24" role="none" class="z-rating__star z-rating__star--full"><path d="M7.446 7.12 10.603.857a1.569 1.569 0 0 1 2.794 0l.002.004 3.16 6.261 6.018.597a1.555 1.555 0 0 1 .966 2.654l-4.988 4.944 1.85 6.722a1.563 1.563 0 0 1-2.209 1.8L12 20.77l-6.183 3.063a1.563 1.563 0 0 1-2.211-1.804l1.848-6.715L.462 10.37a1.555 1.555 0 0 1 .954-2.653l6.03-.598Z" fill-rule="evenodd"></path></svg><svg fill="currentColor" width="24" height="24" xmlns="http://www.w3.org/2000/svg" viewBox="0 0 24 24" role="none" class="z-rating__star z-rating__star--full"><path d="M7.446 7.12 10.603.857a1.569 1.569 0 0 1 2.794 0l.002.004 3.16 6.261 6.018.597a1.555 1.555 0 0 1 .966 2.654l-4.988 4.944 1.85 6.722a1.563 1.563 0 0 1-2.209 1.8L12 20.77l-6.183 3.063a1.563 1.563 0 0 1-2.211-1.804l1.848-6.715L.462 10.37a1.555 1.555 0 0 1 .954-2.653l6.03-.598Z" fill-rule="evenodd"></path></svg><svg fill="currentColor" width="24" height="24" xmlns="http://www.w3.org/2000/svg" viewBox="0 0 24 24" role="none" class="z-rating__star z-rating__star--full"><path d="M7.446 7.12 10.603.857a1.569 1.569 0 0 1 2.794 0l.002.004 3.16 6.261 6.018.597a1.555 1.555 0 0 1 .966 2.654l-4.988 4.944 1.85 6.722a1.563 1.563 0 0 1-2.209 1.8L12 20.77l-6.183 3.063a1.563 1.563 0 0 1-2.211-1.804l1.848-6.715L.462 10.37a1.555 1.555 0 0 1 .954-2.653l6.03-.598Z" fill-rule="evenodd"></path></svg><svg fill="currentColor" width="24" height="24" xmlns="http://www.w3.org/2000/svg" viewBox="0 0 24 24" role="none" class="z-rating__star z-rating__star--full"><path d="M7.446 7.12 10.603.857a1.569 1.569 0 0 1 2.794 0l.002.004 3.16 6.261 6.018.597a1.555 1.555 0 0 1 .966 2.654l-4.988 4.944 1.85 6.722a1.563 1.563 0 0 1-2.209 1.8L12 20.77l-6.183 3.063a1.563 1.563 0 0 1-2.211-1.804l1.848-6.715L.462 10.37a1.555 1.555 0 0 1 .954-2.653l6.03-.598Z" fill-rule="evenodd"></path></svg></span></div></div><div class="RecommendationProductCard_cardNameContainer__QFdxC"><p data-zta="P1UIC" title="Encore Cat Broth Pouch 16 x 70g" class="z-p1 RecommendationProductCard_cardName__H8vdr">Encore Cat Broth Pouch 16 x 70g</p></div><div class="z-price RecommendationProductCard_price__KBkaq Price_price__tUrlr" data-zta="ProductReducedPriceUIC"><div class="z-price__note-wrap"><span class="z-price__note" data-zta="productReducedPricePrefix">RRP* £18.39</span></div><div class="z-price__price-wrap"><span class="z-price__prepend" data-zta="productReducedPriceAmountIntro">Our Price </span> <span class="z-price__amount" data-zta="productReducedPriceAmount">£16.99</span></div><span class="z-price__note z-price__note--suffix" data-zta="productReducedPriceSuffix">£15.17 / kg</span></div></a></div><div class="swiper-slide" data-zta="product-slide" style="width: 170.25px;"><a data-zta="693951" href="/shop/cats/canned_cat_food_pouches/encore/pouches/693951?zootopia_rec=true&amp;activeVariant=693951.0&amp;cn=initial&amp;si=3&amp;pn=web_pdp&amp;pr=container_2&amp;strategy=55205132&amp;rk=1-12&amp;slot=12&amp;pi=693951&amp;rri=fecc0793-6f1f-46df-a9ef-8f9595287d8f" class="z-anchor RecommendationProductCard_slideCard__Rr_tx"><div class="RecommendationProductCard_imageContainer__2st26"><div class="ImageWithLoader_imageWithLoader__s44YO loading"><span style="box-sizing: border-box; display: inline-block; overflow: hidden; width: initial; height: initial; background: none; opacity: 1; border: 0px; margin: 0px; padding: 0px; position: relative; max-width: 100%;"><span style="box-sizing: border-box; display: block; width: initial; height: initial; background: none; opacity: 1; border: 0px; margin: 0px; padding: 0px; max-width: 100%;"><img alt="" aria-hidden="true" src="data:image/svg+xml,%3csvg%20xmlns=%27http://www.w3.org/2000/svg%27%20version=%271.1%27%20width=%27109%27%20height=%27109%27/%3e" style="display: block; max-width: 100%; width: initial; height: initial; background: none; opacity: 1; border: 0px; margin: 0px; padding: 0px;"></span><img title="Encore Cat Jelly Pouch Multipack 5 x 50g" alt="Encore Cat Jelly Pouch Multipack 5 x 50g" src="data:image/gif;base64,R0lGODlhAQABAIAAAAAAAP///yH5BAEAAAAALAAAAAABAAEAAAIBRAA7" decoding="async" data-nimg="intrinsic" style="position: absolute; inset: 0px; box-sizing: border-box; padding: 0px; border: none; margin: auto; display: block; width: 0px; height: 0px; min-width: 100%; max-width: 100%; min-height: 100%; max-height: 100%; object-fit: contain;"><noscript></noscript></span></div></div><div class="RecommendationProductCard_ratingBarContainer__8pllY"><div data-zta="RatingUIC" class="z-rating"><span class="z-rating__star-wrap"><span class="pp-visually-hidden">: 3/5</span><svg fill="currentColor" width="24" height="24" xmlns="http://www.w3.org/2000/svg" viewBox="0 0 24 24" role="none" class="z-rating__star z-rating__star--full"><path d="M7.446 7.12 10.603.857a1.569 1.569 0 0 1 2.794 0l.002.004 3.16 6.261 6.018.597a1.555 1.555 0 0 1 .966 2.654l-4.988 4.944 1.85 6.722a1.563 1.563 0 0 1-2.209 1.8L12 20.77l-6.183 3.063a1.563 1.563 0 0 1-2.211-1.804l1.848-6.715L.462 10.37a1.555 1.555 0 0 1 .954-2.653l6.03-.598Z" fill-rule="evenodd"></path></svg><svg fill="currentColor" width="24" height="24" xmlns="http://www.w3.org/2000/svg" viewBox="0 0 24 24" role="none" class="z-rating__star z-rating__star--full"><path d="M7.446 7.12 10.603.857a1.569 1.569 0 0 1 2.794 0l.002.004 3.16 6.261 6.018.597a1.555 1.555 0 0 1 .966 2.654l-4.988 4.944 1.85 6.722a1.563 1.563 0 0 1-2.209 1.8L12 20.77l-6.183 3.063a1.563 1.563 0 0 1-2.211-1.804l1.848-6.715L.462 10.37a1.555 1.555 0 0 1 .954-2.653l6.03-.598Z" fill-rule="evenodd"></path></svg><svg fill="currentColor" width="24" height="24" xmlns="http://www.w3.org/2000/svg" viewBox="0 0 24 24" role="none" class="z-rating__star z-rating__star--full"><path d="M7.446 7.12 10.603.857a1.569 1.569 0 0 1 2.794 0l.002.004 3.16 6.261 6.018.597a1.555 1.555 0 0 1 .966 2.654l-4.988 4.944 1.85 6.722a1.563 1.563 0 0 1-2.209 1.8L12 20.77l-6.183 3.063a1.563 1.563 0 0 1-2.211-1.804l1.848-6.715L.462 10.37a1.555 1.555 0 0 1 .954-2.653l6.03-.598Z" fill-rule="evenodd"></path></svg><svg fill="currentColor" width="24" height="24" xmlns="http://www.w3.org/2000/svg" viewBox="0 0 24 24" role="none" class="z-rating__star"><path d="M7.446 7.12 10.603.857a1.569 1.569 0 0 1 2.794 0l.002.004 3.16 6.261 6.018.597a1.555 1.555 0 0 1 .966 2.654l-4.988 4.944 1.85 6.722a1.563 1.563 0 0 1-2.209 1.8L12 20.77l-6.183 3.063a1.563 1.563 0 0 1-2.211-1.804l1.848-6.715L.462 10.37a1.555 1.555 0 0 1 .954-2.653l6.03-.598Z" fill-rule="evenodd"></path></svg><svg fill="currentColor" width="24" height="24" xmlns="http://www.w3.org/2000/svg" viewBox="0 0 24 24" role="none" class="z-rating__star"><path d="M7.446 7.12 10.603.857a1.569 1.569 0 0 1 2.794 0l.002.004 3.16 6.261 6.018.597a1.555 1.555 0 0 1 .966 2.654l-4.988 4.944 1.85 6.722a1.563 1.563 0 0 1-2.209 1.8L12 20.77l-6.183 3.063a1.563 1.563 0 0 1-2.211-1.804l1.848-6.715L.462 10.37a1.555 1.555 0 0 1 .954-2.653l6.03-.598Z" fill-rule="evenodd"></path></svg></span></div></div><div class="RecommendationProductCard_cardNameContainer__QFdxC"><p data-zta="P1UIC" title="Encore Cat Jelly Pouch Multipack 5 x 50g" class="z-p1 RecommendationProductCard_cardName__H8vdr">Encore Cat Jelly Pouch Multipack 5 x 50g</p></div><div class="z-price RecommendationProductCard_price__KBkaq Price_price__tUrlr" data-zta="ProductStandardPriceUIC"><div class="z-price__price-wrap"><span class="z-price__amount z-price__amount--standard" data-zta="productStandardPriceAmount">£4.49</span></div><span class="z-price__note z-price__note--suffix" data-zta="productStandardPriceSuffix">£17.96 / kg</span></div></a></div></div></div><span class="RecommendationSlider_swiperPreviousButton__MDZq6 swiper-button-prev prev-second-horizontal disabled" data-zta="second-horizontal-recommendationSliderPreviousButton"><svg fill="currentColor" width="24" height="24" xmlns="http://www.w3.org/2000/svg" viewBox="0 0 24 24" role="img"><path d="M20.485 3.515c4.687 4.686 4.687 12.284 0 16.97-4.686 4.687-12.284 4.687-16.97 0-4.687-4.686-4.687-12.284 0-16.97 4.686-4.687 12.284-4.687 16.97 0Zm-15.91 1.06c-4.1 4.1-4.1 10.75 0 14.85s10.75 4.1 14.85 0 4.1-10.75 0-14.85-10.75-4.1-14.85 0Zm7.206 3.142a.75.75 0 0 1 0 1.06l-2.47 2.469 7.19.001a.75.75 0 1 1 0 1.5l-7.19-.001 2.47 2.47a.75.75 0 0 1-1.06 1.061l-3.75-3.75-.064-.072a.752.752 0 0 1-.005-.006l.069.078a.754.754 0 0 1-.22-.53v-.03l.004-.043-.004.073a.754.754 0 0 1 .22-.53l3.75-3.75a.75.75 0 0 1 1.06 0Z" fill-rule="evenodd"></path></svg></span><span class="RecommendationSlider_swiperNextButton__7fIPF swiper-button-next next-second-horizontal" data-zta="second-horizontal-recommendationSliderNextButton"><svg fill="currentColor" width="24" height="24" xmlns="http://www.w3.org/2000/svg" viewBox="0 0 24 24" role="img"><path d="M3.515 3.515c4.686-4.687 12.284-4.687 16.97 0 4.687 4.686 4.687 12.284 0 16.97-4.686 4.687-12.284 4.687-16.97 0-4.687-4.686-4.687-12.284 0-16.97Zm15.91 1.06c-4.1-4.1-10.75-4.1-14.85 0s-4.1 10.75 0 14.85 10.75 4.1 14.85 0 4.1-10.75 0-14.85Zm-7.206 3.142a.75.75 0 0 1 1.06 0l3.75 3.75a.754.754 0 0 1 .22.53l-.004-.073c.002.014.003.029.003.044l.001.029a.763.763 0 0 1-.129.42.748.748 0 0 1-.09.11l.068-.078a.75.75 0 0 1-.005.006l-.064.072-3.75 3.75a.75.75 0 0 1-1.06-1.06l2.469-2.471-7.189.001a.75.75 0 0 1-.743-.648l-.007-.102a.75.75 0 0 1 .75-.75l7.189-.001-2.47-2.469a.75.75 0 0 1-.072-.976Z" fill-rule="evenodd"></path></svg></span></div></div></div><div class="PDPLayoutBottom_reviews__GE2wB"><div id="reviews" data-zta="reviewsComponent" class="Reviews_container__wY5YC"><h2 data-zta="H2UIC" id="reviews-header" class="z-h2 Reviews_title__VO32X">Reviews</h2><div class="Reviews_feedbackAggregate__JP0O2" data-zta="reviews-feedback"><span style="box-sizing:border-box;display:inline-block;overflow:hidden;width:initial;height:initial;background:none;opacity:1;border:0;margin:0;padding:0;position:relative;max-width:100%"><span style="box-sizing:border-box;display:block;width:initial;height:initial;background:none;opacity:1;border:0;margin:0;padding:0;max-width:100%"><img style="display:block;max-width:100%;width:initial;height:initial;background:none;opacity:1;border:0;margin:0;padding:0" alt="" aria-hidden="true" src="data:image/svg+xml,%3csvg%20xmlns=%27http://www.w3.org/2000/svg%27%20version=%271.1%27%20width=%27200%27%20height=%27200%27/%3e"></span><img alt="Encore Cat Chicken with Salmon" src="https://media.zooplus.com/bilder/4/400/413997_pla_encore_cat_huhn_lachs_hs_01_4.jpg" decoding="async" data-nimg="intrinsic" class="Reviews_productPicture__E88yt" style="position:absolute;top:0;left:0;bottom:0;right:0;box-sizing:border-box;padding:0;border:none;margin:auto;display:block;width:0;height:0;min-width:100%;max-width:100%;min-height:100%;max-height:100%"></span><div class="Chart_container__u1EVa"><div class="Chart_header__tJXgY"><div data-zta="RatingUIC" class="z-rating z-rating--lg"><span class="z-rating__star-wrap"><span class="pp-visually-hidden">: 4/5</span><svg fill="currentColor" width="24" height="24" xmlns="http://www.w3.org/2000/svg" viewBox="0 0 24 24" role="none" class="z-rating__star z-rating__star--full"><path d="M7.446 7.12 10.603.857a1.569 1.569 0 0 1 2.794 0l.002.004 3.16 6.261 6.018.597a1.555 1.555 0 0 1 .966 2.654l-4.988 4.944 1.85 6.722a1.563 1.563 0 0 1-2.209 1.8L12 20.77l-6.183 3.063a1.563 1.563 0 0 1-2.211-1.804l1.848-6.715L.462 10.37a1.555 1.555 0 0 1 .954-2.653l6.03-.598Z" fill-rule="evenodd"></path></svg><svg fill="currentColor" width="24" height="24" xmlns="http://www.w3.org/2000/svg" viewBox="0 0 24 24" role="none" class="z-rating__star z-rating__star--full"><path d="M7.446 7.12 10.603.857a1.569 1.569 0 0 1 2.794 0l.002.004 3.16 6.261 6.018.597a1.555 1.555 0 0 1 .966 2.654l-4.988 4.944 1.85 6.722a1.563 1.563 0 0 1-2.209 1.8L12 20.77l-6.183 3.063a1.563 1.563 0 0 1-2.211-1.804l1.848-6.715L.462 10.37a1.555 1.555 0 0 1 .954-2.653l6.03-.598Z" fill-rule="evenodd"></path></svg><svg fill="currentColor" width="24" height="24" xmlns="http://www.w3.org/2000/svg" viewBox="0 0 24 24" role="none" class="z-rating__star z-rating__star--full"><path d="M7.446 7.12 10.603.857a1.569 1.569 0 0 1 2.794 0l.002.004 3.16 6.261 6.018.597a1.555 1.555 0 0 1 .966 2.654l-4.988 4.944 1.85 6.722a1.563 1.563 0 0 1-2.209 1.8L12 20.77l-6.183 3.063a1.563 1.563 0 0 1-2.211-1.804l1.848-6.715L.462 10.37a1.555 1.555 0 0 1 .954-2.653l6.03-.598Z" fill-rule="evenodd"></path></svg><svg fill="currentColor" width="24" height="24" xmlns="http://www.w3.org/2000/svg" viewBox="0 0 24 24" role="none" class="z-rating__star z-rating__star--full"><path d="M7.446 7.12 10.603.857a1.569 1.569 0 0 1 2.794 0l.002.004 3.16 6.261 6.018.597a1.555 1.555 0 0 1 .966 2.654l-4.988 4.944 1.85 6.722a1.563 1.563 0 0 1-2.209 1.8L12 20.77l-6.183 3.063a1.563 1.563 0 0 1-2.211-1.804l1.848-6.715L.462 10.37a1.555 1.555 0 0 1 .954-2.653l6.03-.598Z" fill-rule="evenodd"></path></svg><svg fill="currentColor" width="24" height="24" xmlns="http://www.w3.org/2000/svg" viewBox="0 0 24 24" role="none" class="z-rating__star"><path d="M7.446 7.12 10.603.857a1.569 1.569 0 0 1 2.794 0l.002.004 3.16 6.261 6.018.597a1.555 1.555 0 0 1 .966 2.654l-4.988 4.944 1.85 6.722a1.563 1.563 0 0 1-2.209 1.8L12 20.77l-6.183 3.063a1.563 1.563 0 0 1-2.211-1.804l1.848-6.715L.462 10.37a1.555 1.555 0 0 1 .954-2.653l6.03-.598Z" fill-rule="evenodd"></path></svg></span></div><span class="Chart_title__KcTru">Overall Rating (2)</span></div><div class="Chart_content__9u_3z"><div class="Chart_chartLines__oY9Ih"><div class="ChartLine-EXPLORE-2494_container__RwSuN" data-zta="chart-line-5"><div data-zta="RatingUIC" class="z-rating z-rating--sm"><span class="z-rating__star-wrap"><span class="pp-visually-hidden">: 5/5</span><svg fill="currentColor" width="24" height="24" xmlns="http://www.w3.org/2000/svg" viewBox="0 0 24 24" role="none" class="z-rating__star z-rating__star--full"><path d="M7.446 7.12 10.603.857a1.569 1.569 0 0 1 2.794 0l.002.004 3.16 6.261 6.018.597a1.555 1.555 0 0 1 .966 2.654l-4.988 4.944 1.85 6.722a1.563 1.563 0 0 1-2.209 1.8L12 20.77l-6.183 3.063a1.563 1.563 0 0 1-2.211-1.804l1.848-6.715L.462 10.37a1.555 1.555 0 0 1 .954-2.653l6.03-.598Z" fill-rule="evenodd"></path></svg><svg fill="currentColor" width="24" height="24" xmlns="http://www.w3.org/2000/svg" viewBox="0 0 24 24" role="none" class="z-rating__star z-rating__star--full"><path d="M7.446 7.12 10.603.857a1.569 1.569 0 0 1 2.794 0l.002.004 3.16 6.261 6.018.597a1.555 1.555 0 0 1 .966 2.654l-4.988 4.944 1.85 6.722a1.563 1.563 0 0 1-2.209 1.8L12 20.77l-6.183 3.063a1.563 1.563 0 0 1-2.211-1.804l1.848-6.715L.462 10.37a1.555 1.555 0 0 1 .954-2.653l6.03-.598Z" fill-rule="evenodd"></path></svg><svg fill="currentColor" width="24" height="24" xmlns="http://www.w3.org/2000/svg" viewBox="0 0 24 24" role="none" class="z-rating__star z-rating__star--full"><path d="M7.446 7.12 10.603.857a1.569 1.569 0 0 1 2.794 0l.002.004 3.16 6.261 6.018.597a1.555 1.555 0 0 1 .966 2.654l-4.988 4.944 1.85 6.722a1.563 1.563 0 0 1-2.209 1.8L12 20.77l-6.183 3.063a1.563 1.563 0 0 1-2.211-1.804l1.848-6.715L.462 10.37a1.555 1.555 0 0 1 .954-2.653l6.03-.598Z" fill-rule="evenodd"></path></svg><svg fill="currentColor" width="24" height="24" xmlns="http://www.w3.org/2000/svg" viewBox="0 0 24 24" role="none" class="z-rating__star z-rating__star--full"><path d="M7.446 7.12 10.603.857a1.569 1.569 0 0 1 2.794 0l.002.004 3.16 6.261 6.018.597a1.555 1.555 0 0 1 .966 2.654l-4.988 4.944 1.85 6.722a1.563 1.563 0 0 1-2.209 1.8L12 20.77l-6.183 3.063a1.563 1.563 0 0 1-2.211-1.804l1.848-6.715L.462 10.37a1.555 1.555 0 0 1 .954-2.653l6.03-.598Z" fill-rule="evenodd"></path></svg><svg fill="currentColor" width="24" height="24" xmlns="http://www.w3.org/2000/svg" viewBox="0 0 24 24" role="none" class="z-rating__star z-rating__star--full"><path d="M7.446 7.12 10.603.857a1.569 1.569 0 0 1 2.794 0l.002.004 3.16 6.261 6.018.597a1.555 1.555 0 0 1 .966 2.654l-4.988 4.944 1.85 6.722a1.563 1.563 0 0 1-2.209 1.8L12 20.77l-6.183 3.063a1.563 1.563 0 0 1-2.211-1.804l1.848-6.715L.462 10.37a1.555 1.555 0 0 1 .954-2.653l6.03-.598Z" fill-rule="evenodd"></path></svg></span></div><div class="PercentageBar_container__Hml5U ChartLine-EXPLORE-2494_percentageBar___xATg" data-zta="percentageBar"><div class="PercentageBar_value__vo_Lu" data-zta="percentageBarValue" style="width:50%"></div></div><span class="ChartLine-EXPLORE-2494_feedbacksByRating__mukrA" data-zta="reviewsCount_5">(<!-- -->1<!-- -->)</span></div><div class="ChartLine-EXPLORE-2494_container__RwSuN" data-zta="chart-line-4"><div data-zta="RatingUIC" class="z-rating z-rating--sm"><span class="z-rating__star-wrap"><span class="pp-visually-hidden">: 4/5</span><svg fill="currentColor" width="24" height="24" xmlns="http://www.w3.org/2000/svg" viewBox="0 0 24 24" role="none" class="z-rating__star z-rating__star--full"><path d="M7.446 7.12 10.603.857a1.569 1.569 0 0 1 2.794 0l.002.004 3.16 6.261 6.018.597a1.555 1.555 0 0 1 .966 2.654l-4.988 4.944 1.85 6.722a1.563 1.563 0 0 1-2.209 1.8L12 20.77l-6.183 3.063a1.563 1.563 0 0 1-2.211-1.804l1.848-6.715L.462 10.37a1.555 1.555 0 0 1 .954-2.653l6.03-.598Z" fill-rule="evenodd"></path></svg><svg fill="currentColor" width="24" height="24" xmlns="http://www.w3.org/2000/svg" viewBox="0 0 24 24" role="none" class="z-rating__star z-rating__star--full"><path d="M7.446 7.12 10.603.857a1.569 1.569 0 0 1 2.794 0l.002.004 3.16 6.261 6.018.597a1.555 1.555 0 0 1 .966 2.654l-4.988 4.944 1.85 6.722a1.563 1.563 0 0 1-2.209 1.8L12 20.77l-6.183 3.063a1.563 1.563 0 0 1-2.211-1.804l1.848-6.715L.462 10.37a1.555 1.555 0 0 1 .954-2.653l6.03-.598Z" fill-rule="evenodd"></path></svg><svg fill="currentColor" width="24" height="24" xmlns="http://www.w3.org/2000/svg" viewBox="0 0 24 24" role="none" class="z-rating__star z-rating__star--full"><path d="M7.446 7.12 10.603.857a1.569 1.569 0 0 1 2.794 0l.002.004 3.16 6.261 6.018.597a1.555 1.555 0 0 1 .966 2.654l-4.988 4.944 1.85 6.722a1.563 1.563 0 0 1-2.209 1.8L12 20.77l-6.183 3.063a1.563 1.563 0 0 1-2.211-1.804l1.848-6.715L.462 10.37a1.555 1.555 0 0 1 .954-2.653l6.03-.598Z" fill-rule="evenodd"></path></svg><svg fill="currentColor" width="24" height="24" xmlns="http://www.w3.org/2000/svg" viewBox="0 0 24 24" role="none" class="z-rating__star z-rating__star--full"><path d="M7.446 7.12 10.603.857a1.569 1.569 0 0 1 2.794 0l.002.004 3.16 6.261 6.018.597a1.555 1.555 0 0 1 .966 2.654l-4.988 4.944 1.85 6.722a1.563 1.563 0 0 1-2.209 1.8L12 20.77l-6.183 3.063a1.563 1.563 0 0 1-2.211-1.804l1.848-6.715L.462 10.37a1.555 1.555 0 0 1 .954-2.653l6.03-.598Z" fill-rule="evenodd"></path></svg><svg fill="currentColor" width="24" height="24" xmlns="http://www.w3.org/2000/svg" viewBox="0 0 24 24" role="none" class="z-rating__star"><path d="M7.446 7.12 10.603.857a1.569 1.569 0 0 1 2.794 0l.002.004 3.16 6.261 6.018.597a1.555 1.555 0 0 1 .966 2.654l-4.988 4.944 1.85 6.722a1.563 1.563 0 0 1-2.209 1.8L12 20.77l-6.183 3.063a1.563 1.563 0 0 1-2.211-1.804l1.848-6.715L.462 10.37a1.555 1.555 0 0 1 .954-2.653l6.03-.598Z" fill-rule="evenodd"></path></svg></span></div><div class="PercentageBar_container__Hml5U ChartLine-EXPLORE-2494_percentageBar___xATg" data-zta="percentageBar"><div class="PercentageBar_value__vo_Lu" data-zta="percentageBarValue" style="width:0%"></div></div><span class="ChartLine-EXPLORE-2494_feedbacksByRating__mukrA" data-zta="reviewsCount_4">(<!-- -->0<!-- -->)</span></div><div class="ChartLine-EXPLORE-2494_container__RwSuN" data-zta="chart-line-3"><div data-zta="RatingUIC" class="z-rating z-rating--sm"><span class="z-rating__star-wrap"><span class="pp-visually-hidden">: 3/5</span><svg fill="currentColor" width="24" height="24" xmlns="http://www.w3.org/2000/svg" viewBox="0 0 24 24" role="none" class="z-rating__star z-rating__star--full"><path d="M7.446 7.12 10.603.857a1.569 1.569 0 0 1 2.794 0l.002.004 3.16 6.261 6.018.597a1.555 1.555 0 0 1 .966 2.654l-4.988 4.944 1.85 6.722a1.563 1.563 0 0 1-2.209 1.8L12 20.77l-6.183 3.063a1.563 1.563 0 0 1-2.211-1.804l1.848-6.715L.462 10.37a1.555 1.555 0 0 1 .954-2.653l6.03-.598Z" fill-rule="evenodd"></path></svg><svg fill="currentColor" width="24" height="24" xmlns="http://www.w3.org/2000/svg" viewBox="0 0 24 24" role="none" class="z-rating__star z-rating__star--full"><path d="M7.446 7.12 10.603.857a1.569 1.569 0 0 1 2.794 0l.002.004 3.16 6.261 6.018.597a1.555 1.555 0 0 1 .966 2.654l-4.988 4.944 1.85 6.722a1.563 1.563 0 0 1-2.209 1.8L12 20.77l-6.183 3.063a1.563 1.563 0 0 1-2.211-1.804l1.848-6.715L.462 10.37a1.555 1.555 0 0 1 .954-2.653l6.03-.598Z" fill-rule="evenodd"></path></svg><svg fill="currentColor" width="24" height="24" xmlns="http://www.w3.org/2000/svg" viewBox="0 0 24 24" role="none" class="z-rating__star z-rating__star--full"><path d="M7.446 7.12 10.603.857a1.569 1.569 0 0 1 2.794 0l.002.004 3.16 6.261 6.018.597a1.555 1.555 0 0 1 .966 2.654l-4.988 4.944 1.85 6.722a1.563 1.563 0 0 1-2.209 1.8L12 20.77l-6.183 3.063a1.563 1.563 0 0 1-2.211-1.804l1.848-6.715L.462 10.37a1.555 1.555 0 0 1 .954-2.653l6.03-.598Z" fill-rule="evenodd"></path></svg><svg fill="currentColor" width="24" height="24" xmlns="http://www.w3.org/2000/svg" viewBox="0 0 24 24" role="none" class="z-rating__star"><path d="M7.446 7.12 10.603.857a1.569 1.569 0 0 1 2.794 0l.002.004 3.16 6.261 6.018.597a1.555 1.555 0 0 1 .966 2.654l-4.988 4.944 1.85 6.722a1.563 1.563 0 0 1-2.209 1.8L12 20.77l-6.183 3.063a1.563 1.563 0 0 1-2.211-1.804l1.848-6.715L.462 10.37a1.555 1.555 0 0 1 .954-2.653l6.03-.598Z" fill-rule="evenodd"></path></svg><svg fill="currentColor" width="24" height="24" xmlns="http://www.w3.org/2000/svg" viewBox="0 0 24 24" role="none" class="z-rating__star"><path d="M7.446 7.12 10.603.857a1.569 1.569 0 0 1 2.794 0l.002.004 3.16 6.261 6.018.597a1.555 1.555 0 0 1 .966 2.654l-4.988 4.944 1.85 6.722a1.563 1.563 0 0 1-2.209 1.8L12 20.77l-6.183 3.063a1.563 1.563 0 0 1-2.211-1.804l1.848-6.715L.462 10.37a1.555 1.555 0 0 1 .954-2.653l6.03-.598Z" fill-rule="evenodd"></path></svg></span></div><div class="PercentageBar_container__Hml5U ChartLine-EXPLORE-2494_percentageBar___xATg" data-zta="percentageBar"><div class="PercentageBar_value__vo_Lu" data-zta="percentageBarValue" style="width:0%"></div></div><span class="ChartLine-EXPLORE-2494_feedbacksByRating__mukrA" data-zta="reviewsCount_3">(<!-- -->0<!-- -->)</span></div><div class="ChartLine-EXPLORE-2494_container__RwSuN" data-zta="chart-line-2"><div data-zta="RatingUIC" class="z-rating z-rating--sm"><span class="z-rating__star-wrap"><span class="pp-visually-hidden">: 2/5</span><svg fill="currentColor" width="24" height="24" xmlns="http://www.w3.org/2000/svg" viewBox="0 0 24 24" role="none" class="z-rating__star z-rating__star--full"><path d="M7.446 7.12 10.603.857a1.569 1.569 0 0 1 2.794 0l.002.004 3.16 6.261 6.018.597a1.555 1.555 0 0 1 .966 2.654l-4.988 4.944 1.85 6.722a1.563 1.563 0 0 1-2.209 1.8L12 20.77l-6.183 3.063a1.563 1.563 0 0 1-2.211-1.804l1.848-6.715L.462 10.37a1.555 1.555 0 0 1 .954-2.653l6.03-.598Z" fill-rule="evenodd"></path></svg><svg fill="currentColor" width="24" height="24" xmlns="http://www.w3.org/2000/svg" viewBox="0 0 24 24" role="none" class="z-rating__star z-rating__star--full"><path d="M7.446 7.12 10.603.857a1.569 1.569 0 0 1 2.794 0l.002.004 3.16 6.261 6.018.597a1.555 1.555 0 0 1 .966 2.654l-4.988 4.944 1.85 6.722a1.563 1.563 0 0 1-2.209 1.8L12 20.77l-6.183 3.063a1.563 1.563 0 0 1-2.211-1.804l1.848-6.715L.462 10.37a1.555 1.555 0 0 1 .954-2.653l6.03-.598Z" fill-rule="evenodd"></path></svg><svg fill="currentColor" width="24" height="24" xmlns="http://www.w3.org/2000/svg" viewBox="0 0 24 24" role="none" class="z-rating__star"><path d="M7.446 7.12 10.603.857a1.569 1.569 0 0 1 2.794 0l.002.004 3.16 6.261 6.018.597a1.555 1.555 0 0 1 .966 2.654l-4.988 4.944 1.85 6.722a1.563 1.563 0 0 1-2.209 1.8L12 20.77l-6.183 3.063a1.563 1.563 0 0 1-2.211-1.804l1.848-6.715L.462 10.37a1.555 1.555 0 0 1 .954-2.653l6.03-.598Z" fill-rule="evenodd"></path></svg><svg fill="currentColor" width="24" height="24" xmlns="http://www.w3.org/2000/svg" viewBox="0 0 24 24" role="none" class="z-rating__star"><path d="M7.446 7.12 10.603.857a1.569 1.569 0 0 1 2.794 0l.002.004 3.16 6.261 6.018.597a1.555 1.555 0 0 1 .966 2.654l-4.988 4.944 1.85 6.722a1.563 1.563 0 0 1-2.209 1.8L12 20.77l-6.183 3.063a1.563 1.563 0 0 1-2.211-1.804l1.848-6.715L.462 10.37a1.555 1.555 0 0 1 .954-2.653l6.03-.598Z" fill-rule="evenodd"></path></svg><svg fill="currentColor" width="24" height="24" xmlns="http://www.w3.org/2000/svg" viewBox="0 0 24 24" role="none" class="z-rating__star"><path d="M7.446 7.12 10.603.857a1.569 1.569 0 0 1 2.794 0l.002.004 3.16 6.261 6.018.597a1.555 1.555 0 0 1 .966 2.654l-4.988 4.944 1.85 6.722a1.563 1.563 0 0 1-2.209 1.8L12 20.77l-6.183 3.063a1.563 1.563 0 0 1-2.211-1.804l1.848-6.715L.462 10.37a1.555 1.555 0 0 1 .954-2.653l6.03-.598Z" fill-rule="evenodd"></path></svg></span></div><div class="PercentageBar_container__Hml5U ChartLine-EXPLORE-2494_percentageBar___xATg" data-zta="percentageBar"><div class="PercentageBar_value__vo_Lu" data-zta="percentageBarValue" style="width:50%"></div></div><span class="ChartLine-EXPLORE-2494_feedbacksByRating__mukrA" data-zta="reviewsCount_2">(<!-- -->1<!-- -->)</span></div><div class="ChartLine-EXPLORE-2494_container__RwSuN" data-zta="chart-line-1"><div data-zta="RatingUIC" class="z-rating z-rating--sm"><span class="z-rating__star-wrap"><span class="pp-visually-hidden">: 1/5</span><svg fill="currentColor" width="24" height="24" xmlns="http://www.w3.org/2000/svg" viewBox="0 0 24 24" role="none" class="z-rating__star z-rating__star--full"><path d="M7.446 7.12 10.603.857a1.569 1.569 0 0 1 2.794 0l.002.004 3.16 6.261 6.018.597a1.555 1.555 0 0 1 .966 2.654l-4.988 4.944 1.85 6.722a1.563 1.563 0 0 1-2.209 1.8L12 20.77l-6.183 3.063a1.563 1.563 0 0 1-2.211-1.804l1.848-6.715L.462 10.37a1.555 1.555 0 0 1 .954-2.653l6.03-.598Z" fill-rule="evenodd"></path></svg><svg fill="currentColor" width="24" height="24" xmlns="http://www.w3.org/2000/svg" viewBox="0 0 24 24" role="none" class="z-rating__star"><path d="M7.446 7.12 10.603.857a1.569 1.569 0 0 1 2.794 0l.002.004 3.16 6.261 6.018.597a1.555 1.555 0 0 1 .966 2.654l-4.988 4.944 1.85 6.722a1.563 1.563 0 0 1-2.209 1.8L12 20.77l-6.183 3.063a1.563 1.563 0 0 1-2.211-1.804l1.848-6.715L.462 10.37a1.555 1.555 0 0 1 .954-2.653l6.03-.598Z" fill-rule="evenodd"></path></svg><svg fill="currentColor" width="24" height="24" xmlns="http://www.w3.org/2000/svg" viewBox="0 0 24 24" role="none" class="z-rating__star"><path d="M7.446 7.12 10.603.857a1.569 1.569 0 0 1 2.794 0l.002.004 3.16 6.261 6.018.597a1.555 1.555 0 0 1 .966 2.654l-4.988 4.944 1.85 6.722a1.563 1.563 0 0 1-2.209 1.8L12 20.77l-6.183 3.063a1.563 1.563 0 0 1-2.211-1.804l1.848-6.715L.462 10.37a1.555 1.555 0 0 1 .954-2.653l6.03-.598Z" fill-rule="evenodd"></path></svg><svg fill="currentColor" width="24" height="24" xmlns="http://www.w3.org/2000/svg" viewBox="0 0 24 24" role="none" class="z-rating__star"><path d="M7.446 7.12 10.603.857a1.569 1.569 0 0 1 2.794 0l.002.004 3.16 6.261 6.018.597a1.555 1.555 0 0 1 .966 2.654l-4.988 4.944 1.85 6.722a1.563 1.563 0 0 1-2.209 1.8L12 20.77l-6.183 3.063a1.563 1.563 0 0 1-2.211-1.804l1.848-6.715L.462 10.37a1.555 1.555 0 0 1 .954-2.653l6.03-.598Z" fill-rule="evenodd"></path></svg><svg fill="currentColor" width="24" height="24" xmlns="http://www.w3.org/2000/svg" viewBox="0 0 24 24" role="none" class="z-rating__star"><path d="M7.446 7.12 10.603.857a1.569 1.569 0 0 1 2.794 0l.002.004 3.16 6.261 6.018.597a1.555 1.555 0 0 1 .966 2.654l-4.988 4.944 1.85 6.722a1.563 1.563 0 0 1-2.209 1.8L12 20.77l-6.183 3.063a1.563 1.563 0 0 1-2.211-1.804l1.848-6.715L.462 10.37a1.555 1.555 0 0 1 .954-2.653l6.03-.598Z" fill-rule="evenodd"></path></svg></span></div><div class="PercentageBar_container__Hml5U ChartLine-EXPLORE-2494_percentageBar___xATg" data-zta="percentageBar"><div class="PercentageBar_value__vo_Lu" data-zta="percentageBarValue" style="width:0%"></div></div><span class="ChartLine-EXPLORE-2494_feedbacksByRating__mukrA" data-zta="reviewsCount_1">(<!-- -->0<!-- -->)</span></div></div><a data-zta="helpProductEvaluationLink" href="/info/legal/help_product_evaluation" target="_blank" rel="noreferrer" class="z-anchor ProductEvaluationLink_container__4xoiO">Learn how we manage reviews<svg fill="currentColor" width="24" height="24" xmlns="http://www.w3.org/2000/svg" viewBox="0 0 24 24" role="img"><path d="M18.364 5.636A9 9 0 1 1 5.636 18.364 9 9 0 0 1 18.364 5.636ZM6.675 6.676a7.53 7.53 0 1 0 10.838.193l-.188-.194-.194-.188a7.53 7.53 0 0 0-10.456.188ZM12 15.121l.11.006a1.01 1.01 0 1 1-.22 0l.11-.006Zm0-8.264a2.939 2.939 0 0 1 .98 5.709.367.367 0 0 0-.237.27l-.008.077v.74a.735.735 0 0 1-1.463.099l-.006-.1v-.739c0-.727.427-1.38 1.08-1.675l.144-.057a1.47 1.47 0 1 0-1.953-1.527l-.014.259c-.112.86-1.462.821-1.462-.118A2.939 2.939 0 0 1 12 6.858Z" fill-rule="evenodd"></path></svg></a></div></div></div><div class="Reviews_chartContent__li9Yt"><button data-zta="reviewButton" type="button" class="z-btn z-btn--primary">Write your review</button></div><div class="NoCustomerPictures_container___ypxi"><h2 data-zta="no-customer-pictures-title" class="z-h2 NoCustomerPictures_title__R8qMj">Customer Photos</h2><div class="NoCustomerPictures_ctaWithBackground__b7tWq"><span style="box-sizing:border-box;display:inline-block;overflow:hidden;width:initial;height:initial;background:none;opacity:1;border:0;margin:0;padding:0;position:relative;max-width:100%"><span style="box-sizing:border-box;display:block;width:initial;height:initial;background:none;opacity:1;border:0;margin:0;padding:0;max-width:100%"><img style="display:block;max-width:100%;width:initial;height:initial;background:none;opacity:1;border:0;margin:0;padding:0" alt="" aria-hidden="true" src="data:image/svg+xml,%3csvg%20xmlns=%27http://www.w3.org/2000/svg%27%20version=%271.1%27%20width=%27200%27%20height=%27200%27/%3e"></span><img data-zta="product-picture-as-background" alt="Encore Cat Chicken with Salmon" src="https://media.zooplus.com/bilder/4/400/413997_pla_encore_cat_huhn_lachs_hs_01_4.jpg" decoding="async" data-nimg="intrinsic" class="NoCustomerPictures_picture__QSr4u" style="position:absolute;top:0;left:0;bottom:0;right:0;box-sizing:border-box;padding:0;border:none;margin:auto;display:block;width:0;height:0;min-width:100%;max-width:100%;min-height:100%;max-height:100%"></span><div class="NoCustomerPictures_ctaWrapper__7h_fl"><button data-zta="upload-customer-picture-button" type="button" class="z-btn z-btn--primary">Upload your product photo</button></div></div></div><div><div class="FilterableReviewList_container__t5Ut5" data-zta="filterableReviewList"><div><div class="FeedbackFilter_container__KvvdC"><div data-zta="FormFieldWrapUIC" class="z-form-field-wrap"><div data-zta="formFieldWrapGroup" class="z-form-field-wrap__group"><label data-zta="formFieldWrapLabel" for="filterBy" class="z-label z-form-field-wrap__title">Filter by<!-- --> </label><div data-zta="formFieldWrapContent" class="z-form-field-wrap__content"><div data-zta="filter-by-stars" id="filterBy" class="z-form-control-wrap"><select data-zta="selectSelect" class="z-text-input z-select"><option value="" selected="">All stars</option><option value="1">1 star</option><option value="2">2 stars</option><option value="3">3 stars</option><option value="4">4 stars</option><option value="5">5 stars</option></select><svg fill="currentColor" width="24" height="24" xmlns="http://www.w3.org/2000/svg" viewBox="0 0 24 24" role="none" class="z-select__arrow"><path d="M6.57 9.93a.75.75 0 0 1 .977-1.134l.084.073 4.625 4.626 4.627-4.626a.75.75 0 0 1 .976-.073l.085.073a.75.75 0 0 1 .072.976l-.072.085-4.913 4.913a1.093 1.093 0 0 1-1.451.085l-.095-.084L6.57 9.93Z" fill-rule="evenodd"></path></svg></div></div></div></div><div data-zta="FormFieldWrapUIC" class="z-form-field-wrap"><div data-zta="formFieldWrapGroup" class="z-form-field-wrap__group"><label data-zta="formFieldWrapLabel" for="sortBy" class="z-label z-form-field-wrap__title">Sort by<!-- --> </label><div data-zta="formFieldWrapContent" class="z-form-field-wrap__content"><div data-zta="sort-by-attribute" id="sortBy" class="z-form-control-wrap"><select data-zta="selectSelect" class="z-text-input z-select"><option value="-date" selected="">Newest first</option><option value="-rating">Highest rating</option><option value="rating">Lowest rated</option><option value="-votes">Most Helpful first</option></select><svg fill="currentColor" width="24" height="24" xmlns="http://www.w3.org/2000/svg" viewBox="0 0 24 24" role="none" class="z-select__arrow"><path d="M6.57 9.93a.75.75 0 0 1 .977-1.134l.084.073 4.625 4.626 4.627-4.626a.75.75 0 0 1 .976-.073l.085.073a.75.75 0 0 1 .072.976l-.072.085-4.913 4.913a1.093 1.093 0 0 1-1.451.085l-.095-.084L6.57 9.93Z" fill-rule="evenodd"></path></svg></div></div></div></div></div></div><div data-zta="reviewList" class="ReviewList_container__hMRRQ"><div data-zta="reviewItem" data-review-id="13222529" class="ReviewItem_container__iP8Bf"><div class="ReviewItem_header__chIOq"><div class="ReviewItem_headerLeft__xipJt"><div data-zta="userInfo" class="ReviewItem_userInfo__1zWH3">21/04/24</div><div data-zta="RatingUIC" class="z-rating"><span class="z-rating__star-wrap"><span class="pp-visually-hidden">: 5/5</span><svg fill="currentColor" width="24" height="24" xmlns="http://www.w3.org/2000/svg" viewBox="0 0 24 24" role="none" class="z-rating__star z-rating__star--full"><path d="M7.446 7.12 10.603.857a1.569 1.569 0 0 1 2.794 0l.002.004 3.16 6.261 6.018.597a1.555 1.555 0 0 1 .966 2.654l-4.988 4.944 1.85 6.722a1.563 1.563 0 0 1-2.209 1.8L12 20.77l-6.183 3.063a1.563 1.563 0 0 1-2.211-1.804l1.848-6.715L.462 10.37a1.555 1.555 0 0 1 .954-2.653l6.03-.598Z" fill-rule="evenodd"></path></svg><svg fill="currentColor" width="24" height="24" xmlns="http://www.w3.org/2000/svg" viewBox="0 0 24 24" role="none" class="z-rating__star z-rating__star--full"><path d="M7.446 7.12 10.603.857a1.569 1.569 0 0 1 2.794 0l.002.004 3.16 6.261 6.018.597a1.555 1.555 0 0 1 .966 2.654l-4.988 4.944 1.85 6.722a1.563 1.563 0 0 1-2.209 1.8L12 20.77l-6.183 3.063a1.563 1.563 0 0 1-2.211-1.804l1.848-6.715L.462 10.37a1.555 1.555 0 0 1 .954-2.653l6.03-.598Z" fill-rule="evenodd"></path></svg><svg fill="currentColor" width="24" height="24" xmlns="http://www.w3.org/2000/svg" viewBox="0 0 24 24" role="none" class="z-rating__star z-rating__star--full"><path d="M7.446 7.12 10.603.857a1.569 1.569 0 0 1 2.794 0l.002.004 3.16 6.261 6.018.597a1.555 1.555 0 0 1 .966 2.654l-4.988 4.944 1.85 6.722a1.563 1.563 0 0 1-2.209 1.8L12 20.77l-6.183 3.063a1.563 1.563 0 0 1-2.211-1.804l1.848-6.715L.462 10.37a1.555 1.555 0 0 1 .954-2.653l6.03-.598Z" fill-rule="evenodd"></path></svg><svg fill="currentColor" width="24" height="24" xmlns="http://www.w3.org/2000/svg" viewBox="0 0 24 24" role="none" class="z-rating__star z-rating__star--full"><path d="M7.446 7.12 10.603.857a1.569 1.569 0 0 1 2.794 0l.002.004 3.16 6.261 6.018.597a1.555 1.555 0 0 1 .966 2.654l-4.988 4.944 1.85 6.722a1.563 1.563 0 0 1-2.209 1.8L12 20.77l-6.183 3.063a1.563 1.563 0 0 1-2.211-1.804l1.848-6.715L.462 10.37a1.555 1.555 0 0 1 .954-2.653l6.03-.598Z" fill-rule="evenodd"></path></svg><svg fill="currentColor" width="24" height="24" xmlns="http://www.w3.org/2000/svg" viewBox="0 0 24 24" role="none" class="z-rating__star z-rating__star--full"><path d="M7.446 7.12 10.603.857a1.569 1.569 0 0 1 2.794 0l.002.004 3.16 6.261 6.018.597a1.555 1.555 0 0 1 .966 2.654l-4.988 4.944 1.85 6.722a1.563 1.563 0 0 1-2.209 1.8L12 20.77l-6.183 3.063a1.563 1.563 0 0 1-2.211-1.804l1.848-6.715L.462 10.37a1.555 1.555 0 0 1 .954-2.653l6.03-.598Z" fill-rule="evenodd"></path></svg></span></div></div><div><button data-zta="upvoteButton" class="UpvoteButton_button__Pkgef"><svg fill="currentColor" width="18" height="18" xmlns="http://www.w3.org/2000/svg" viewBox="0 0 24 24" role="img"><path d="M15 0a3 3 0 0 1 3 3v3.382c0 .345.235.645.55.723l1.476.324a5.252 5.252 0 0 1 3.967 5.365l-.303 5.131A6.75 6.75 0 0 1 16.974 24h-4.885c-.627 0-1.25-.088-1.853-.26l-3.634-1.038a5.25 5.25 0 0 0-.601-.134L6 23.25a.75.75 0 0 1-.75.75H.75a.75.75 0 0 1-.75-.75V9.75A.75.75 0 0 1 .75 9h4.5a.75.75 0 0 1 .75.75v1.513a6.751 6.751 0 0 0 6-6.709V3a3 3 0 0 1 3-3ZM4.5 10.5h-3v12h3v-12Zm10.5-9A1.5 1.5 0 0 0 13.5 3v1.554A8.25 8.25 0 0 1 6 12.77v8.283a6.75 6.75 0 0 1 1.014.207l3.634 1.038c.469.134.954.202 1.441.202h4.885c2.696 0 4.954-2.042 5.221-4.694l.3-5.094a3.745 3.745 0 0 0-2.811-3.823l-1.476-.323A2.25 2.25 0 0 1 16.5 6.382V3A1.5 1.5 0 0 0 15 1.5Z" fill-rule="evenodd"></path></svg></button></div></div><div><div data-zta="reviewTitle" class="ReviewItem_title__wzjbE">Crazy cat </div><div>My cat loved this so much it was like I had opened a bag of treats - mixed the encore biscuits with the last of his previous brand and he would try and pick the encore ones out!</div></div></div><div data-zta="reviewItem" data-review-id="12758161" class="ReviewItem_container__iP8Bf"><div class="ReviewItem_header__chIOq"><div class="ReviewItem_headerLeft__xipJt"><div data-zta="userInfo" class="ReviewItem_userInfo__1zWH3">23/01/24<span class="ReviewItem_separator__cWJU9">|</span>Jolanta </div><div data-zta="RatingUIC" class="z-rating"><span class="z-rating__star-wrap"><span class="pp-visually-hidden">: 2/5</span><svg fill="currentColor" width="24" height="24" xmlns="http://www.w3.org/2000/svg" viewBox="0 0 24 24" role="none" class="z-rating__star z-rating__star--full"><path d="M7.446 7.12 10.603.857a1.569 1.569 0 0 1 2.794 0l.002.004 3.16 6.261 6.018.597a1.555 1.555 0 0 1 .966 2.654l-4.988 4.944 1.85 6.722a1.563 1.563 0 0 1-2.209 1.8L12 20.77l-6.183 3.063a1.563 1.563 0 0 1-2.211-1.804l1.848-6.715L.462 10.37a1.555 1.555 0 0 1 .954-2.653l6.03-.598Z" fill-rule="evenodd"></path></svg><svg fill="currentColor" width="24" height="24" xmlns="http://www.w3.org/2000/svg" viewBox="0 0 24 24" role="none" class="z-rating__star z-rating__star--full"><path d="M7.446 7.12 10.603.857a1.569 1.569 0 0 1 2.794 0l.002.004 3.16 6.261 6.018.597a1.555 1.555 0 0 1 .966 2.654l-4.988 4.944 1.85 6.722a1.563 1.563 0 0 1-2.209 1.8L12 20.77l-6.183 3.063a1.563 1.563 0 0 1-2.211-1.804l1.848-6.715L.462 10.37a1.555 1.555 0 0 1 .954-2.653l6.03-.598Z" fill-rule="evenodd"></path></svg><svg fill="currentColor" width="24" height="24" xmlns="http://www.w3.org/2000/svg" viewBox="0 0 24 24" role="none" class="z-rating__star"><path d="M7.446 7.12 10.603.857a1.569 1.569 0 0 1 2.794 0l.002.004 3.16 6.261 6.018.597a1.555 1.555 0 0 1 .966 2.654l-4.988 4.944 1.85 6.722a1.563 1.563 0 0 1-2.209 1.8L12 20.77l-6.183 3.063a1.563 1.563 0 0 1-2.211-1.804l1.848-6.715L.462 10.37a1.555 1.555 0 0 1 .954-2.653l6.03-.598Z" fill-rule="evenodd"></path></svg><svg fill="currentColor" width="24" height="24" xmlns="http://www.w3.org/2000/svg" viewBox="0 0 24 24" role="none" class="z-rating__star"><path d="M7.446 7.12 10.603.857a1.569 1.569 0 0 1 2.794 0l.002.004 3.16 6.261 6.018.597a1.555 1.555 0 0 1 .966 2.654l-4.988 4.944 1.85 6.722a1.563 1.563 0 0 1-2.209 1.8L12 20.77l-6.183 3.063a1.563 1.563 0 0 1-2.211-1.804l1.848-6.715L.462 10.37a1.555 1.555 0 0 1 .954-2.653l6.03-.598Z" fill-rule="evenodd"></path></svg><svg fill="currentColor" width="24" height="24" xmlns="http://www.w3.org/2000/svg" viewBox="0 0 24 24" role="none" class="z-rating__star"><path d="M7.446 7.12 10.603.857a1.569 1.569 0 0 1 2.794 0l.002.004 3.16 6.261 6.018.597a1.555 1.555 0 0 1 .966 2.654l-4.988 4.944 1.85 6.722a1.563 1.563 0 0 1-2.209 1.8L12 20.77l-6.183 3.063a1.563 1.563 0 0 1-2.211-1.804l1.848-6.715L.462 10.37a1.555 1.555 0 0 1 .954-2.653l6.03-.598Z" fill-rule="evenodd"></path></svg></span></div></div><div><button data-zta="upvoteButton" class="UpvoteButton_button__Pkgef"><svg fill="currentColor" width="18" height="18" xmlns="http://www.w3.org/2000/svg" viewBox="0 0 24 24" role="img"><path d="M15 0a3 3 0 0 1 3 3v3.382c0 .345.235.645.55.723l1.476.324a5.252 5.252 0 0 1 3.967 5.365l-.303 5.131A6.75 6.75 0 0 1 16.974 24h-4.885c-.627 0-1.25-.088-1.853-.26l-3.634-1.038a5.25 5.25 0 0 0-.601-.134L6 23.25a.75.75 0 0 1-.75.75H.75a.75.75 0 0 1-.75-.75V9.75A.75.75 0 0 1 .75 9h4.5a.75.75 0 0 1 .75.75v1.513a6.751 6.751 0 0 0 6-6.709V3a3 3 0 0 1 3-3ZM4.5 10.5h-3v12h3v-12Zm10.5-9A1.5 1.5 0 0 0 13.5 3v1.554A8.25 8.25 0 0 1 6 12.77v8.283a6.75 6.75 0 0 1 1.014.207l3.634 1.038c.469.134.954.202 1.441.202h4.885c2.696 0 4.954-2.042 5.221-4.694l.3-5.094a3.745 3.745 0 0 0-2.811-3.823l-1.476-.323A2.25 2.25 0 0 1 16.5 6.382V3A1.5 1.5 0 0 0 15 1.5Z" fill-rule="evenodd"></path></svg></button></div></div><div><div data-zta="reviewTitle" class="ReviewItem_title__wzjbE">Ragdoll and Turkish angora</div><div>The composition of the food seems to be good, but my cats don't really want to eat it, unfortunately</div></div></div></div></div></div></div></div></div></div></div><div data-zta="feedbackConfirmed"><div data-focus-guard="true" tabindex="-1" style="width:1px;height:0px;padding:0;overflow:hidden;position:fixed;top:1px;left:1px"></div><div data-focus-lock-disabled="disabled" class="z-modal-focus-lock"><div data-zta="ModalUIC" class="z-modal" role="dialog" aria-modal="true" aria-labelledby="feedback-confirmed-dialog"><div data-zta="modalMain" class="z-modal__box z-modal__box--size-lg"><div data-zta="modalHeader" class="z-modal__header"><div data-zta="modalTitle" id="feedback-confirmed-dialog" class="z-modal__title">Thank you for your review</div><button data-zta="modalCloseButton" aria-label="Close" data-autofocus="true" type="button" class="z-modal__close z-icon-button z-icon-button--size-large z-icon-button--variant-ghost"><svg fill="currentColor" width="24" height="24" xmlns="http://www.w3.org/2000/svg" viewBox="0 0 24 24" role="none"><path d="M1.28.22 12 10.939 22.72.219a.75.75 0 0 1 1.06 1.061L13.061 12l10.72 10.72a.75.75 0 0 1-1.061 1.06L12 13.061 1.28 23.781A.75.75 0 0 1 .22 22.72L10.939 12 .219 1.28A.75.75 0 0 1 1.28.22Z" fill-rule="evenodd"></path></svg></button></div><div data-zta="modalBody" class="z-modal__content"><div class="anchors_anchorsHTML__ksgRw">Thank you for taking the time to review this product. Here at zooplus we check each review individually so your review will not appear immediately. We publish all reviews that are acceptable within our netiquette guidelines. Please see our <a href="/content/help_product_evaluation">Review Publication Policy</a> for further information.</div></div><div data-zta="modalFooter" class="z-modal__footer"><button data-zta="modalSecondaryButton" type="button" class="z-btn z-btn--secondary z-modal__button">Close</button></div></div></div></div><div data-focus-guard="true" tabindex="-1" style="width:1px;height:0px;padding:0;overflow:hidden;position:fixed;top:1px;left:1px"></div></div></div></div><section id="shop-footer" data-zta="footer" class="FooterComponent-module_shopFooter__Matj4 PageContainer_footer__RKeUQ"><div data-zta="footer-shipping-cost-modal-container" class="LegalDisclaimer-module_disclaimerWrapper__1Ukzy"><div class="LegalDisclaimer-module_disclaimer__vlp0B"><div class="LegalDisclaimer-module_disclaimerText__YStN8"><p>*RRP= Recommended Retail Price <a href="https://www.zooplus.co.uk/info/about/shippingcosts" class="v3-link">** Conditions apply</a></p></div></div></div><section data-zta="footer-newsletter"><div class="Newsletter-module_shopFooterNewsletterWrapper__eEV55"><div class="Newsletter-module_newsletterBackground__2bq52"><div class="Newsletter-module_discountWrapper__xe-6C"><div class="Newsletter-module_circleWrapper__yHDGl"><div class="Newsletter-module_amountAndText__qCVHu"><span>333</span><span>zooPoints for subscribing</span></div><div class="Newsletter-module_paw__gUJI3"><svg fill="currentColor" width="24" height="24" xmlns="http://www.w3.org/2000/svg" viewBox="0 0 24 24" role="img"><path d="M12.313 11.397c-.81-.678-3.175-1.327-5.22-.882-2.167.472-3.99 2.097-3.889 3.468.105 1.425.787 2.221 1.564 2.59.676.321 1.445.286 1.722.46.594.375.756.453 1 1.892.245 1.44 1.654 2.226 2.46 2.253.807.026 2.964-.697 3.565-3.455.6-2.757.465-4.929-1.202-6.326ZM9.631 4.108c-.95-.424-2.537.268-3.18 1.726-.644 1.459-.317 3.556.907 3.737 1.517.224 2.33-1.038 2.91-2.382.58-1.344.11-2.747-.637-3.08Zm4.91 4.727c1.178-1.044 2.627-2.742 1.725-4.442-.902-1.7-3.574-.883-4.51.893-2.289 4.35 1.607 4.592 2.785 3.549Zm5.384 6.055c-.377-1.404-2.386-1.331-3.47-.842-1.32.597-2.13 2.05-1.773 3.12.357 1.069 1.916 1.185 3.013.891 1.096-.294 2.606-1.766 2.23-3.17Zm.492-5.913-.055-.174c-.544-1.504-2.342-1.893-4.41-.055-1.33 1.18-1.549 2.467-.914 3.52.635 1.053 2.603.856 3.593.25.99-.604 2.275-2.21 1.731-3.715Z" fill-rule="evenodd"></path></svg></div></div><div class="Newsletter-module_newsletterHeadline__qzuHq Newsletter-module_onlyMobile__AZU7W"><span>Do not miss out on personalised offers, discounts and coupons!</span></div></div><div class="Newsletter-module_formSection__bU3YG"><div class="Newsletter-module_newsletterHeadline__qzuHq Newsletter-module_onlyDesktop__87g-k">Do not miss out on personalised offers, discounts and coupons!</div><div class="Newsletter-module_formSectionBottom__p9M3-"><div class="Newsletter-module_petSelection__gC1Fy" data-zta="footer-pets-selection-menu"><div data-zta="DropdownMenuUIC" class="z-dropdown-menu z-dropdown-menu--bp-md"><div data-zta="dropdownMenuInnerWrap"><div data-zta="FormFieldProxySelectUIC" class="z-form-control-wrap"><div data-zta="dropdownMenuProxySelect" class="z-text-input z-select z-form-field-proxy__container"><button id="footer-pets-selection-menu__trigger" aria-controls="footer-pets-selection-menu" aria-expanded="false" class="z-dropdown-menu__trigger" data-zta="dropdownMenuTriggerButton" type="button"><span>Please select pet type</span></button></div><svg fill="currentColor" width="24" height="24" xmlns="http://www.w3.org/2000/svg" viewBox="0 0 24 24" role="none" class="z-select__arrow"><path d="M6.57 9.93a.75.75 0 0 1 .977-1.134l.084.073 4.625 4.626 4.627-4.626a.75.75 0 0 1 .976-.073l.085.073a.75.75 0 0 1 .072.976l-.072.085-4.913 4.913a1.093 1.093 0 0 1-1.451.085l-.095-.084L6.57 9.93Z" fill-rule="evenodd"></path></svg></div><div data-zta="dropdownMenuBackdrop" class="z-dropdown-menu__backdrop" hidden="" id="footer-pets-selection-menu" style="z-index:10000"><div data-zta="dropdownMenuMenu" class="z-dropdown-menu__body"><div><ul data-zta="DropdownMenuCheckboxListUIC" class="z-dropdown-menu-checkbox-list"><li data-zta="dropdownMenuCheckboxListItem"><div data-zta="CheckboxUIC" class="z-checkbox z-checkbox"><input data-zta="dropdownMenuCheckboxListCheckbox" class="z-checkbox__input" id="DOG" name="DOG" type="checkbox" value="DOG"><svg class="z-checkbox__icon z-checkbox__icon" xmlns="http://www.w3.org/2000/svg" viewBox="0 0 24 24"><rect x="1.25" height="21.75" y="1.25" width="21.75"></rect><path class="z-checkbox__indeterminate" d="M6.75 12.5a.75.75 0 1 1 0-1.5h10.5a.75.75 0 1 1 0 1.5H6.75Z" fill-rule="evenodd"></path><path class="z-checkbox__checkmark" d="m16.58 6.33-7 10a.24.24 0 0 1-.39 0l-1.78-2.37a.78.78 0 0 0-1.25.94l1.78 2.38a1.8 1.8 0 0 0 2.92-.05l7-10a.78.78 0 1 0-1.28-.9z" fill-rule="evenodd"></path><path class="z-checkbox__box" d="M2.25 24A2.25 2.25 0 0 1 0 21.75V2.25A2.25 2.25 0 0 1 2.25 0h19.5A2.25 2.25 0 0 1 24 2.25v19.5A2.25 2.25 0 0 1 21.75 24H2.25zm0-1.5h19.5a.75.75 0 0 0 .75-.75V2.25a.75.75 0 0 0-.75-.75H2.25a.75.75 0 0 0-.75.75v19.5c0 .41.34.75.75.75z" fill-rule="evenodd"></path></svg><label data-zta="checkboxLabel" for="DOG" class="z-checkbox__label">Dogs</label></div></li><li data-zta="dropdownMenuCheckboxListItem"><div data-zta="CheckboxUIC" class="z-checkbox z-checkbox"><input data-zta="dropdownMenuCheckboxListCheckbox" class="z-checkbox__input" id="CAT" name="CAT" type="checkbox" value="CAT"><svg class="z-checkbox__icon z-checkbox__icon" xmlns="http://www.w3.org/2000/svg" viewBox="0 0 24 24"><rect x="1.25" height="21.75" y="1.25" width="21.75"></rect><path class="z-checkbox__indeterminate" d="M6.75 12.5a.75.75 0 1 1 0-1.5h10.5a.75.75 0 1 1 0 1.5H6.75Z" fill-rule="evenodd"></path><path class="z-checkbox__checkmark" d="m16.58 6.33-7 10a.24.24 0 0 1-.39 0l-1.78-2.37a.78.78 0 0 0-1.25.94l1.78 2.38a1.8 1.8 0 0 0 2.92-.05l7-10a.78.78 0 1 0-1.28-.9z" fill-rule="evenodd"></path><path class="z-checkbox__box" d="M2.25 24A2.25 2.25 0 0 1 0 21.75V2.25A2.25 2.25 0 0 1 2.25 0h19.5A2.25 2.25 0 0 1 24 2.25v19.5A2.25 2.25 0 0 1 21.75 24H2.25zm0-1.5h19.5a.75.75 0 0 0 .75-.75V2.25a.75.75 0 0 0-.75-.75H2.25a.75.75 0 0 0-.75.75v19.5c0 .41.34.75.75.75z" fill-rule="evenodd"></path></svg><label data-zta="checkboxLabel" for="CAT" class="z-checkbox__label">Cats</label></div></li><li data-zta="dropdownMenuCheckboxListItem"><div data-zta="CheckboxUIC" class="z-checkbox z-checkbox"><input data-zta="dropdownMenuCheckboxListCheckbox" class="z-checkbox__input" id="BIRD" name="BIRD" type="checkbox" value="BIRD"><svg class="z-checkbox__icon z-checkbox__icon" xmlns="http://www.w3.org/2000/svg" viewBox="0 0 24 24"><rect x="1.25" height="21.75" y="1.25" width="21.75"></rect><path class="z-checkbox__indeterminate" d="M6.75 12.5a.75.75 0 1 1 0-1.5h10.5a.75.75 0 1 1 0 1.5H6.75Z" fill-rule="evenodd"></path><path class="z-checkbox__checkmark" d="m16.58 6.33-7 10a.24.24 0 0 1-.39 0l-1.78-2.37a.78.78 0 0 0-1.25.94l1.78 2.38a1.8 1.8 0 0 0 2.92-.05l7-10a.78.78 0 1 0-1.28-.9z" fill-rule="evenodd"></path><path class="z-checkbox__box" d="M2.25 24A2.25 2.25 0 0 1 0 21.75V2.25A2.25 2.25 0 0 1 2.25 0h19.5A2.25 2.25 0 0 1 24 2.25v19.5A2.25 2.25 0 0 1 21.75 24H2.25zm0-1.5h19.5a.75.75 0 0 0 .75-.75V2.25a.75.75 0 0 0-.75-.75H2.25a.75.75 0 0 0-.75.75v19.5c0 .41.34.75.75.75z" fill-rule="evenodd"></path></svg><label data-zta="checkboxLabel" for="BIRD" class="z-checkbox__label">Birds</label></div></li><li data-zta="dropdownMenuCheckboxListItem"><div data-zta="CheckboxUIC" class="z-checkbox z-checkbox"><input data-zta="dropdownMenuCheckboxListCheckbox" class="z-checkbox__input" id="SMALL_ANIMALS" name="SMALL_ANIMALS" type="checkbox" value="SMALL_ANIMALS"><svg class="z-checkbox__icon z-checkbox__icon" xmlns="http://www.w3.org/2000/svg" viewBox="0 0 24 24"><rect x="1.25" height="21.75" y="1.25" width="21.75"></rect><path class="z-checkbox__indeterminate" d="M6.75 12.5a.75.75 0 1 1 0-1.5h10.5a.75.75 0 1 1 0 1.5H6.75Z" fill-rule="evenodd"></path><path class="z-checkbox__checkmark" d="m16.58 6.33-7 10a.24.24 0 0 1-.39 0l-1.78-2.37a.78.78 0 0 0-1.25.94l1.78 2.38a1.8 1.8 0 0 0 2.92-.05l7-10a.78.78 0 1 0-1.28-.9z" fill-rule="evenodd"></path><path class="z-checkbox__box" d="M2.25 24A2.25 2.25 0 0 1 0 21.75V2.25A2.25 2.25 0 0 1 2.25 0h19.5A2.25 2.25 0 0 1 24 2.25v19.5A2.25 2.25 0 0 1 21.75 24H2.25zm0-1.5h19.5a.75.75 0 0 0 .75-.75V2.25a.75.75 0 0 0-.75-.75H2.25a.75.75 0 0 0-.75.75v19.5c0 .41.34.75.75.75z" fill-rule="evenodd"></path></svg><label data-zta="checkboxLabel" for="SMALL_ANIMALS" class="z-checkbox__label">Small Pets</label></div></li></ul><div data-zta="dropdownMenuFooter" class="z-dropdown-menu__footer"><button data-zta="pet-checkbox-confirm-btn" type="button" class="z-btn z-btn--wide z-btn--primary">Save</button></div></div></div></div></div></div></div><div class="Newsletter-module_emailInputWrapper__IZYg4"><div data-zta="InputUIC" class="z-form-control-wrap Newsletter-module_emailInput__-Gr-I"><input data-zta="newsletter-email-input" placeholder="Email address" class="z-text-input z-input"></div></div></div></div><div class="Newsletter-module_subscribeButton__EghGV"><button data-zta="subscription-button" type="button" class="z-btn z-btn--cart" disabled="" data-om-event-listener="true">Subscribe</button></div></div></div><div data-focus-guard="true" tabindex="-1" style="width:1px;height:0px;padding:0;overflow:hidden;position:fixed;top:1px;left:1px"></div><div data-focus-lock-disabled="disabled" class="z-modal-focus-lock"><div data-zta="success-subscription-modal" class="z-modal" role="dialog" aria-modal="true" aria-labelledby="newsletter-confirm-modal-heading"><div data-zta="modalMain" class="z-modal__box z-modal__box--size-lg"><div data-zta="modalHeader" class="z-modal__header"><div data-zta="modalTitle" id="newsletter-confirm-modal-heading" class="z-modal__title">Subscribe to our newsletter &amp; get 333 zooPoints!</div><button data-zta="modalCloseButton" aria-label="Close" data-autofocus="true" type="button" class="z-modal__close z-icon-button z-icon-button--size-large z-icon-button--variant-ghost"><svg fill="currentColor" width="24" height="24" xmlns="http://www.w3.org/2000/svg" viewBox="0 0 24 24" role="none"><path d="M1.28.22 12 10.939 22.72.219a.75.75 0 0 1 1.06 1.061L13.061 12l10.72 10.72a.75.75 0 0 1-1.061 1.06L12 13.061 1.28 23.781A.75.75 0 0 1 .22 22.72L10.939 12 .219 1.28A.75.75 0 0 1 1.28.22Z" fill-rule="evenodd"></path></svg></button></div><div class="NewsletterConfirmModal-module_newsletterModalText__p6jWc"><p><b>Processing...</b> The email address {userEmail} will be added to the distribution list for the newsletter(s) you have requested,&nbsp;</p><p><b>One last step!</b> In order to confirm and activate your subscription, you will need to click on the link provided in the confirmation email.&nbsp;</p><p><b>Please note: You must click on the link in order to activate your subscription and claim your newsletter discount.</b></p><p>After this confirmation, you will receive the zooplus Newsletter regularly starting with the next issue.&nbsp;</p></div><div data-zta="modalFooter" class="z-modal__footer"><button data-zta="success-subscription-button" type="button" class="z-btn z-btn--primary z-modal__button">Close</button></div></div></div></div><div data-focus-guard="true" tabindex="-1" style="width:1px;height:0px;padding:0;overflow:hidden;position:fixed;top:1px;left:1px"></div></section><section class="InfoListAndCountrySelector-module_infoListAndCountrySelector__IQ0AM"><div class="InfoListAndCountrySelector-module_infoListAndCountrySelectorWrapper__6-BJ3"><div class="InfoListAndCountrySelector-module_infoList__DTNyj"><div id="infoList-0" class="InfoListAndCountrySelector-module_listContainer__7Tbv-"><div class="InfoListAndCountrySelector-module_headlineContainer__snr6a"><h4 data-zta="H4UIC" class="z-h4">Services</h4><svg fill="currentColor" width="24" height="24" xmlns="http://www.w3.org/2000/svg" viewBox="0 0 24 24" role="img" class=""><path d="M6.57 9.93a.75.75 0 0 1 .977-1.134l.084.073 4.625 4.626 4.627-4.626a.75.75 0 0 1 .976-.073l.085.073a.75.75 0 0 1 .072.976l-.072.085-4.913 4.913a1.093 1.093 0 0 1-1.451.085l-.095-.084L6.57 9.93Z" fill-rule="evenodd"></path></svg></div><ul class="InfoListAndCountrySelector-module_insideContent__82Sva"><li class="InfoListAndCountrySelector-module_linkContainer__wNBK5"><a data-zta="AnchorUIC" href="https://www.zooplus.co.uk/account" class="z-anchor z-anchor--neutral">my zooplus</a></li><li class="InfoListAndCountrySelector-module_linkContainer__wNBK5"><a data-zta="AnchorUIC" href="https://www.zooplus.co.uk/contact_us" class="z-anchor z-anchor--neutral">Help</a></li><li class="InfoListAndCountrySelector-module_linkContainer__wNBK5"><a data-zta="AnchorUIC" href="https://www.zooplus.co.uk/contact_us" class="z-anchor z-anchor--neutral">Contact</a></li><li class="InfoListAndCountrySelector-module_linkContainer__wNBK5"><a data-zta="AnchorUIC" href="https://www.zooplus.co.uk/info/about/shippingcosts" class="z-anchor z-anchor--neutral">Shipping &amp; Delivery</a></li><li class="InfoListAndCountrySelector-module_linkContainer__wNBK5"><a data-zta="AnchorUIC" href="https://www.zooplus.co.uk/info/about/returns" class="z-anchor z-anchor--neutral">Returns</a></li><li class="InfoListAndCountrySelector-module_linkContainer__wNBK5"><a data-zta="AnchorUIC" href="https://www.zooplus.co.uk/info/about/affiliate_programme" class="z-anchor z-anchor--neutral">Affiliate Programme</a></li><li class="InfoListAndCountrySelector-module_linkContainer__wNBK5"><a data-zta="AnchorUIC" href="https://www.zooplus.co.uk/magazine" class="z-anchor z-anchor--neutral">Magazine</a></li><li class="InfoListAndCountrySelector-module_linkContainer__wNBK5"><a data-zta="AnchorUIC" href="https://www.zooplus.co.uk/info/about/sustainability" class="z-anchor z-anchor--neutral">Sustainability</a></li></ul></div><div id="infoList-1" class="InfoListAndCountrySelector-module_listContainer__7Tbv-"><div class="InfoListAndCountrySelector-module_headlineContainer__snr6a"><h4 data-zta="H4UIC" class="z-h4">Advantages</h4><svg fill="currentColor" width="24" height="24" xmlns="http://www.w3.org/2000/svg" viewBox="0 0 24 24" role="img" class=""><path d="M6.57 9.93a.75.75 0 0 1 .977-1.134l.084.073 4.625 4.626 4.627-4.626a.75.75 0 0 1 .976-.073l.085.073a.75.75 0 0 1 .072.976l-.072.085-4.913 4.913a1.093 1.093 0 0 1-1.451.085l-.095-.084L6.57 9.93Z" fill-rule="evenodd"></path></svg></div><ul class="InfoListAndCountrySelector-module_insideContent__82Sva"><li class="InfoListAndCountrySelector-module_linkContainer__wNBK5"><a data-zta="AnchorUIC" href="https://www.zooplus.co.uk/bonuspoints/overview" class="z-anchor z-anchor--neutral">Loyalty Programme</a></li><li class="InfoListAndCountrySelector-module_linkContainer__wNBK5"><a data-zta="AnchorUIC" href="https://www.zooplus.co.uk/info/about/charity_support" class="z-anchor z-anchor--neutral">Charity Support</a></li><li class="InfoListAndCountrySelector-module_linkContainer__wNBK5"><a data-zta="AnchorUIC" href="https://www.zooplus.co.uk/info/legal/animalcharity" class="z-anchor z-anchor--neutral">Charity Discount</a></li><li class="InfoListAndCountrySelector-module_linkContainer__wNBK5"><a data-zta="AnchorUIC" href="https://www.zooplus.co.uk/info/legal/breeder" class="z-anchor z-anchor--neutral">Breeder Programme</a></li><li class="InfoListAndCountrySelector-module_linkContainer__wNBK5"><a data-zta="AnchorUIC" href="https://www.zooplus.co.uk/newsletter" class="z-anchor z-anchor--neutral">Newsletter</a></li><li class="InfoListAndCountrySelector-module_linkContainer__wNBK5"><a data-zta="AnchorUIC" href="https://www.zooplus.co.uk/info/about/subscription" class="z-anchor z-anchor--neutral">zooplus Repeat</a></li><li class="InfoListAndCountrySelector-module_linkContainer__wNBK5"><a data-zta="AnchorUIC" href="https://www.zooplus.co.uk/info/about/savingsplan3" class="z-anchor z-anchor--neutral">Savings Plan</a></li></ul></div><div id="infoList-2" class="InfoListAndCountrySelector-module_listContainer__7Tbv-"><div class="InfoListAndCountrySelector-module_headlineContainer__snr6a"><h4 data-zta="H4UIC" class="z-h4">Shopping</h4><svg fill="currentColor" width="24" height="24" xmlns="http://www.w3.org/2000/svg" viewBox="0 0 24 24" role="img" class=""><path d="M6.57 9.93a.75.75 0 0 1 .977-1.134l.084.073 4.625 4.626 4.627-4.626a.75.75 0 0 1 .976-.073l.085.073a.75.75 0 0 1 .072.976l-.072.085-4.913 4.913a1.093 1.093 0 0 1-1.451.085l-.095-.084L6.57 9.93Z" fill-rule="evenodd"></path></svg></div><ul class="InfoListAndCountrySelector-module_insideContent__82Sva"><li class="InfoListAndCountrySelector-module_linkContainer__wNBK5"><a data-zta="AnchorUIC" href="https://www.zooplus.co.uk/shop/pet_supplies_specials" class="z-anchor z-anchor--neutral">Special Offers</a></li><li class="InfoListAndCountrySelector-module_linkContainer__wNBK5"><a data-zta="AnchorUIC" href="https://www.zooplus.co.uk/shop/pet_supplies_specials/sale" class="z-anchor z-anchor--neutral">Clearance Sale</a></li><li class="InfoListAndCountrySelector-module_linkContainer__wNBK5"><a data-zta="AnchorUIC" href="https://www.zooplus.co.uk/shop/pet_supplies_specials/pet_supplies_seasonal" class="z-anchor z-anchor--neutral">Seasonal Specials</a></li><li class="InfoListAndCountrySelector-module_linkContainer__wNBK5"><a data-zta="AnchorUIC" href="https://www.zooplus.co.uk/info/about/discounts_vouchers" class="z-anchor z-anchor--neutral">Exclusive Benefits &amp; Vouchers</a></li><li class="InfoListAndCountrySelector-module_linkContainer__wNBK5"><a data-zta="AnchorUIC" href="https://www.zooplus.co.uk/info/apps/apps" class="z-anchor z-anchor--neutral">zooplus App</a></li><li class="InfoListAndCountrySelector-module_linkContainer__wNBK5"><a data-zta="AnchorUIC" href="https://www.zooplus.co.uk/sitemap" class="z-anchor z-anchor--neutral">Categories</a></li></ul></div></div><div class="InfoListAndCountrySelector-module_countrySelector__1RN31"><h4>Choose your country</h4><div data-zta="DropdownMenuUIC" class="z-dropdown-menu z-dropdown-menu--bp-md"><div data-zta="dropdownMenuInnerWrap"><div data-zta="FormFieldProxySelectUIC" class="z-form-control-wrap"><div data-zta="dropdownMenuProxySelect" class="z-text-input z-select z-form-field-proxy__container"><button id="footer-country-selection-menu__trigger" aria-controls="footer-country-selection-menu" aria-expanded="false" class="z-dropdown-menu__trigger" data-zta="dropdownMenuTriggerButton" type="button"><img class="z-dropdown-menu__trigger-img z-dropdown-menu__trigger-img--rounded" src="//images.ctfassets.net/w4bhfqu0yxyq/3nZETqeREdhtDO9e5Oly1v/c840c1ee7e8cd018f680367c9d691741/CO-UK_3x.png?fm=webp&amp;w=48" alt="Great Britain	" width="24" height="24" loading="lazy"><span>UK / en</span></button></div><svg fill="currentColor" width="24" height="24" xmlns="http://www.w3.org/2000/svg" viewBox="0 0 24 24" role="none" class="z-select__arrow"><path d="M6.57 9.93a.75.75 0 0 1 .977-1.134l.084.073 4.625 4.626 4.627-4.626a.75.75 0 0 1 .976-.073l.085.073a.75.75 0 0 1 .072.976l-.072.085-4.913 4.913a1.093 1.093 0 0 1-1.451.085l-.095-.084L6.57 9.93Z" fill-rule="evenodd"></path></svg></div><div data-zta="dropdownMenuBackdrop" class="z-dropdown-menu__backdrop" hidden="" id="footer-country-selection-menu" style="z-index:10000"><div data-zta="dropdownMenuMenu" class="z-dropdown-menu__body"><div><ul data-zta="DropdownMenuLinkListUIC" role="list" class="z-dropdown-menu-list"><li data-zta="dropdownMenuLinkListItem" class="z-dropdown-menu-list__item"><a href="https://www.zooplus.at/" data-zta="dropdownMenuLinkListAnchor" class="z-dropdown-menu-list__anchor z-dropdown-menu-list__item-wrap" tabindex="0"><span class="z-dropdown-menu-list__image z-dropdown-menu-list__image--rounded"><img src="//images.ctfassets.net/w4bhfqu0yxyq/242aoYC4Qiwp6h8cAfJSUX/3740b24f667102f6baec1cdcd630d4de/AT_3x.png?fm=webp&amp;w=48" alt="Austria" width="24" height="24" loading="lazy"></span><div class="z-dropdown-menu-list__text-label">Austria / de</div></a></li><li data-zta="dropdownMenuLinkListItem" class="z-dropdown-menu-list__item"><a href="https://www.zooplus.be/" data-zta="dropdownMenuLinkListAnchor" class="z-dropdown-menu-list__anchor z-dropdown-menu-list__item-wrap" tabindex="0"><span class="z-dropdown-menu-list__image z-dropdown-menu-list__image--rounded"><img src="//images.ctfassets.net/w4bhfqu0yxyq/5fIGwratqasgUrGxOlb00e/da63f560b484edb183daac9332ddd348/BE_3x.png?fm=webp&amp;w=48" alt="Belgium" width="24" height="24" loading="lazy"></span><div class="z-dropdown-menu-list__text-label">Belgium / fr</div></a></li><li data-zta="dropdownMenuLinkListItem" class="z-dropdown-menu-list__item"><a href="https://www.zooplus.bg/" data-zta="dropdownMenuLinkListAnchor" class="z-dropdown-menu-list__anchor z-dropdown-menu-list__item-wrap" tabindex="0"><span class="z-dropdown-menu-list__image z-dropdown-menu-list__image--rounded"><img src="//images.ctfassets.net/w4bhfqu0yxyq/WSHX6Y5WT6ZPmPGuw18qv/65796b8f79c040b01481e3f592b1a082/BG_3x.png?fm=webp&amp;w=48" alt="Bulgaria" width="24" height="24" loading="lazy"></span><div class="z-dropdown-menu-list__text-label">Bulgaria / bg</div></a></li><li data-zta="dropdownMenuLinkListItem" class="z-dropdown-menu-list__item"><a href="https://www.zooplus.hr/" data-zta="dropdownMenuLinkListAnchor" class="z-dropdown-menu-list__anchor z-dropdown-menu-list__item-wrap" tabindex="0"><span class="z-dropdown-menu-list__image z-dropdown-menu-list__image--rounded"><img src="//images.ctfassets.net/w4bhfqu0yxyq/3vRWhOHiyrSlrlyC1SwTua/de20db0832289c624394d9d4527448a4/HR_3x.png?fm=webp&amp;w=48" alt="Croatia" width="24" height="24" loading="lazy"></span><div class="z-dropdown-menu-list__text-label">Croatia / hr</div></a></li><li data-zta="dropdownMenuLinkListItem" class="z-dropdown-menu-list__item"><a href="https://www.zoohit.cz/" data-zta="dropdownMenuLinkListAnchor" class="z-dropdown-menu-list__anchor z-dropdown-menu-list__item-wrap" tabindex="0"><span class="z-dropdown-menu-list__image z-dropdown-menu-list__image--rounded"><img src="//images.ctfassets.net/w4bhfqu0yxyq/749WuxigSMWDJjy5lsA1VY/1ab6b53c0e3e69d56fd34e00d979a200/CZ_3x.png?fm=webp&amp;w=48" alt="Czech Republic" width="24" height="24" loading="lazy"></span><div class="z-dropdown-menu-list__text-label">Czech Rep. / cs</div></a></li><li data-zta="dropdownMenuLinkListItem" class="z-dropdown-menu-list__item"><a href="https://www.zooplus.dk/" data-zta="dropdownMenuLinkListAnchor" class="z-dropdown-menu-list__anchor z-dropdown-menu-list__item-wrap" tabindex="0"><span class="z-dropdown-menu-list__image z-dropdown-menu-list__image--rounded"><img src="//images.ctfassets.net/w4bhfqu0yxyq/1tGF2Oq61uaSltaVUka3ed/9c5d23724e020f3be4d8055aaaf622de/DK_3x.png?fm=webp&amp;w=48" alt="Denmark" width="24" height="24" loading="lazy"></span><div class="z-dropdown-menu-list__text-label">Denmark / da</div></a></li><li data-zta="dropdownMenuLinkListItem" class="z-dropdown-menu-list__item"><a href="https://www.zooplus.fi/" data-zta="dropdownMenuLinkListAnchor" class="z-dropdown-menu-list__anchor z-dropdown-menu-list__item-wrap" tabindex="0"><span class="z-dropdown-menu-list__image z-dropdown-menu-list__image--rounded"><img src="//images.ctfassets.net/w4bhfqu0yxyq/1UeWe3wTWKkBTBoV3b6ZYc/31b393d67508f28161dfe2aa2b5b05bd/FI_3x-1-.png?fm=webp&amp;w=48" alt="Finland" width="24" height="24" loading="lazy"></span><div class="z-dropdown-menu-list__text-label">Finland / fi</div></a></li><li data-zta="dropdownMenuLinkListItem" class="z-dropdown-menu-list__item"><a href="https://www.zooplus.fr/" data-zta="dropdownMenuLinkListAnchor" class="z-dropdown-menu-list__anchor z-dropdown-menu-list__item-wrap" tabindex="0"><span class="z-dropdown-menu-list__image z-dropdown-menu-list__image--rounded"><img src="//images.ctfassets.net/w4bhfqu0yxyq/34bE8xOXj5N7wozXXGyhp6/6d58ea0871744a9acf4589a78f851e0d/FR_3x.png?fm=webp&amp;w=48" alt="France" width="24" height="24" loading="lazy"></span><div class="z-dropdown-menu-list__text-label">France / fr</div></a></li><li data-zta="dropdownMenuLinkListItem" class="z-dropdown-menu-list__item"><a href="https://www.zooplus.de/" data-zta="dropdownMenuLinkListAnchor" class="z-dropdown-menu-list__anchor z-dropdown-menu-list__item-wrap" tabindex="0"><span class="z-dropdown-menu-list__image z-dropdown-menu-list__image--rounded"><img src="//images.ctfassets.net/w4bhfqu0yxyq/6RRPZovTsbeNPxbgccnswj/0786db2b9dfd0aeaec87a959c11c42e6/DE_3x.png?fm=webp&amp;w=48" alt="Germany" width="24" height="24" loading="lazy"></span><div class="z-dropdown-menu-list__text-label">Germany / de</div></a></li><li data-zta="dropdownMenuLinkListItem" class="z-dropdown-menu-list__item"><a href="https://www.zooplus.gr/" data-zta="dropdownMenuLinkListAnchor" class="z-dropdown-menu-list__anchor z-dropdown-menu-list__item-wrap" tabindex="0"><span class="z-dropdown-menu-list__image z-dropdown-menu-list__image--rounded"><img src="//images.ctfassets.net/w4bhfqu0yxyq/6eAHgeDN9YxtrE46pSKUOH/f693ee4f17a94b42bbffe8f4c32855a4/GR_3x.png?fm=webp&amp;w=48" alt="Ελλάδα" width="24" height="24" loading="lazy"></span><div class="z-dropdown-menu-list__text-label">Greece / el</div></a></li><li data-zta="dropdownMenuLinkListItem" class="z-dropdown-menu-list__item"><a href="https://www.zooplus.hu/" data-zta="dropdownMenuLinkListAnchor" class="z-dropdown-menu-list__anchor z-dropdown-menu-list__item-wrap" tabindex="0"><span class="z-dropdown-menu-list__image z-dropdown-menu-list__image--rounded"><img src="//images.ctfassets.net/w4bhfqu0yxyq/7HjkvA6AEyvRztl3wJkAE0/e77427fadc9640ca277cf97e6ed9f455/HU_3x.png?fm=webp&amp;w=48" alt="Hungary" width="24" height="24" loading="lazy"></span><div class="z-dropdown-menu-list__text-label">Hungary / hu</div></a></li><li data-zta="dropdownMenuLinkListItem" class="z-dropdown-menu-list__item"><a href="https://www.zooplus.ie/" data-zta="dropdownMenuLinkListAnchor" class="z-dropdown-menu-list__anchor z-dropdown-menu-list__item-wrap" tabindex="0"><span class="z-dropdown-menu-list__image z-dropdown-menu-list__image--rounded"><img src="//images.ctfassets.net/w4bhfqu0yxyq/5W6qCjcxsR3R8GaPyremyw/b415ad3b618b382b7562117a523df79e/IE_3x.png?fm=webp&amp;w=48" alt="Ireland" width="24" height="24" loading="lazy"></span><div class="z-dropdown-menu-list__text-label">Ireland / en</div></a></li><li data-zta="dropdownMenuLinkListItem" class="z-dropdown-menu-list__item"><a href="https://www.zooplus.it/" data-zta="dropdownMenuLinkListAnchor" class="z-dropdown-menu-list__anchor z-dropdown-menu-list__item-wrap" tabindex="0"><span class="z-dropdown-menu-list__image z-dropdown-menu-list__image--rounded"><img src="//images.ctfassets.net/w4bhfqu0yxyq/7LbomLQSWVsMi1BCuYzb2T/f6684f355bbc22f2661463aac316d325/IT_3x.png?fm=webp&amp;w=48" alt="Italy" width="24" height="24" loading="lazy"></span><div class="z-dropdown-menu-list__text-label">Italy / it</div></a></li><li data-zta="dropdownMenuLinkListItem" class="z-dropdown-menu-list__item"><a href="https://www.zooplus.nl/" data-zta="dropdownMenuLinkListAnchor" class="z-dropdown-menu-list__anchor z-dropdown-menu-list__item-wrap" tabindex="0"><span class="z-dropdown-menu-list__image z-dropdown-menu-list__image--rounded"><img src="//images.ctfassets.net/w4bhfqu0yxyq/3KsPcEo1ciONMCxmOuYHnW/285f40f66e22962e4d79f2e6a08d4ee8/NL_3x.png?fm=webp&amp;w=48" alt="Netherlands " width="24" height="24" loading="lazy"></span><div class="z-dropdown-menu-list__text-label">Netherlands / nl</div></a></li><li data-zta="dropdownMenuLinkListItem" class="z-dropdown-menu-list__item"><a href="https://www.zooplus.no/" data-zta="dropdownMenuLinkListAnchor" class="z-dropdown-menu-list__anchor z-dropdown-menu-list__item-wrap" tabindex="0"><span class="z-dropdown-menu-list__image z-dropdown-menu-list__image--rounded"><img src="//images.ctfassets.net/w4bhfqu0yxyq/22jpLukVAg3PfDlx3ThaXy/1da6155ed7f2661411e08a3e8e374cc7/NO_3x.png?fm=webp&amp;w=48" alt="Noway" width="24" height="24" loading="lazy"></span><div class="z-dropdown-menu-list__text-label">Norway / no</div></a></li><li data-zta="dropdownMenuLinkListItem" class="z-dropdown-menu-list__item"><a href="https://www.zooplus.pl/" data-zta="dropdownMenuLinkListAnchor" class="z-dropdown-menu-list__anchor z-dropdown-menu-list__item-wrap" tabindex="0"><span class="z-dropdown-menu-list__image z-dropdown-menu-list__image--rounded"><img src="//images.ctfassets.net/w4bhfqu0yxyq/1t2qTayEAn7EV98PoDfUxj/652836aa51634cf1757e54d398d07227/PL_3x.png?fm=webp&amp;w=48" alt="Poland" width="24" height="24" loading="lazy"></span><div class="z-dropdown-menu-list__text-label">Poland / pl</div></a></li><li data-zta="dropdownMenuLinkListItem" class="z-dropdown-menu-list__item"><a href="https://www.zooplus.pt/" data-zta="dropdownMenuLinkListAnchor" class="z-dropdown-menu-list__anchor z-dropdown-menu-list__item-wrap" tabindex="0"><span class="z-dropdown-menu-list__image z-dropdown-menu-list__image--rounded"><img src="//images.ctfassets.net/w4bhfqu0yxyq/14uq4lcqvTkzL3s8hbUAvV/32892e1bd5ab9311612c810c6baeacce/PT_3x.png?fm=webp&amp;w=48" alt="Portugal" width="24" height="24" loading="lazy"></span><div class="z-dropdown-menu-list__text-label">Portugal / pt</div></a></li><li data-zta="dropdownMenuLinkListItem" class="z-dropdown-menu-list__item"><a href="https://www.zooplus.ro/" data-zta="dropdownMenuLinkListAnchor" class="z-dropdown-menu-list__anchor z-dropdown-menu-list__item-wrap" tabindex="0"><span class="z-dropdown-menu-list__image z-dropdown-menu-list__image--rounded"><img src="//images.ctfassets.net/w4bhfqu0yxyq/4wPPT7wefnpIERNR4jxqre/6826ecca059bac27d1a3daac5c9e0c3c/MicrosoftTeams-image__11_.png?fm=webp&amp;w=48" alt="romania" width="24" height="24" loading="lazy"></span><div class="z-dropdown-menu-list__text-label">Romania / ro</div></a></li><li data-zta="dropdownMenuLinkListItem" class="z-dropdown-menu-list__item"><a href="https://www.zoohit.sk/" data-zta="dropdownMenuLinkListAnchor" class="z-dropdown-menu-list__anchor z-dropdown-menu-list__item-wrap" tabindex="0"><span class="z-dropdown-menu-list__image z-dropdown-menu-list__image--rounded"><img src="//images.ctfassets.net/w4bhfqu0yxyq/6vSIWvPoUnnOYK38AvCR8z/6dfc1434550e37cf45ecdd4c9b7d905e/SK_3x.png?fm=webp&amp;w=48" alt="Slovakia" width="24" height="24" loading="lazy"></span><div class="z-dropdown-menu-list__text-label">Slovakia / sk</div></a></li><li data-zta="dropdownMenuLinkListItem" class="z-dropdown-menu-list__item"><a href="https://www.zoohit.si/" data-zta="dropdownMenuLinkListAnchor" class="z-dropdown-menu-list__anchor z-dropdown-menu-list__item-wrap" tabindex="0"><span class="z-dropdown-menu-list__image z-dropdown-menu-list__image--rounded"><img src="//images.ctfassets.net/w4bhfqu0yxyq/6Ohfve9OaSGOi2y0bQ74kV/e2656df32116f544c5bb40cb0bae0f91/SI_3x.png?fm=webp&amp;w=48" alt="Slovenia" width="24" height="24" loading="lazy"></span><div class="z-dropdown-menu-list__text-label">Slovenia / sl</div></a></li><li data-zta="dropdownMenuLinkListItem" class="z-dropdown-menu-list__item"><a href="https://www.zooplus.es/" data-zta="dropdownMenuLinkListAnchor" class="z-dropdown-menu-list__anchor z-dropdown-menu-list__item-wrap" tabindex="0"><span class="z-dropdown-menu-list__image z-dropdown-menu-list__image--rounded"><img src="//images.ctfassets.net/w4bhfqu0yxyq/PhoJRAosoLu8QjTxKNxkG/e744f84c4ef57af8cda9eca67c44f334/ES_3x.png?fm=webp&amp;w=48" alt="Spain" width="24" height="24" loading="lazy"></span><div class="z-dropdown-menu-list__text-label">Spain / es</div></a></li><li data-zta="dropdownMenuLinkListItem" class="z-dropdown-menu-list__item"><a href="https://www.zooplus.se/" data-zta="dropdownMenuLinkListAnchor" class="z-dropdown-menu-list__anchor z-dropdown-menu-list__item-wrap" tabindex="0"><span class="z-dropdown-menu-list__image z-dropdown-menu-list__image--rounded"><img src="//images.ctfassets.net/w4bhfqu0yxyq/2iiNWeanWU3kZsgVqORsqz/56e7cbff9d5c27390d186cf003d3b428/SE_3x-1-.png?fm=webp&amp;w=48" alt="Sweden" width="24" height="24" loading="lazy"></span><div class="z-dropdown-menu-list__text-label">Sweden / sv</div></a></li><li data-zta="dropdownMenuLinkListItem" class="z-dropdown-menu-list__item"><a href="https://www.zooplus.ch/" data-zta="dropdownMenuLinkListAnchor" class="z-dropdown-menu-list__anchor z-dropdown-menu-list__item-wrap" tabindex="0"><span class="z-dropdown-menu-list__image z-dropdown-menu-list__image--rounded"><img src="//images.ctfassets.net/w4bhfqu0yxyq/3H6LBKDkPX93VZOr1ZGwxa/007c8863060291b82b7aaf6a980ed58e/CH_3x.png?fm=webp&amp;w=48" alt="Switzerland" width="24" height="24" loading="lazy"></span><div class="z-dropdown-menu-list__text-label">Switzerland / de</div></a></li><li data-zta="dropdownMenuLinkListItem" class="z-dropdown-menu-list__item"><a href="https://www.zooplus.ch/fr/" data-zta="dropdownMenuLinkListAnchor" class="z-dropdown-menu-list__anchor z-dropdown-menu-list__item-wrap" tabindex="0"><span class="z-dropdown-menu-list__image z-dropdown-menu-list__image--rounded"><img src="//images.ctfassets.net/w4bhfqu0yxyq/3H6LBKDkPX93VZOr1ZGwxa/007c8863060291b82b7aaf6a980ed58e/CH_3x.png?fm=webp&amp;w=48" alt="Switzerland" width="24" height="24" loading="lazy"></span><div class="z-dropdown-menu-list__text-label">Switzerland / fr</div></a></li><li data-zta="dropdownMenuLinkListItem" class="z-dropdown-menu-list__item"><a href="https://www.zooplus.co.uk/" data-zta="dropdownMenuLinkListAnchor" class="z-dropdown-menu-list__anchor z-dropdown-menu-list__item-wrap" tabindex="0"><span class="z-dropdown-menu-list__image z-dropdown-menu-list__image--rounded"><img src="//images.ctfassets.net/w4bhfqu0yxyq/3nZETqeREdhtDO9e5Oly1v/c840c1ee7e8cd018f680367c9d691741/CO-UK_3x.png?fm=webp&amp;w=48" alt="Great Britain	" width="24" height="24" loading="lazy"></span><div class="z-dropdown-menu-list__text-label">UK / en</div><svg fill="currentColor" width="24" height="24" xmlns="http://www.w3.org/2000/svg" viewBox="0 0 24 24" role="img" class="z-dropdown-menu-list__icon"><path d="M18.364 5.636A9 9 0 1 1 5.636 18.364 9 9 0 0 1 18.364 5.636Zm-1.5 1.989a.735.735 0 0 0-1.032.12l-5.78 7.31a.036.036 0 0 1-.05-.01l-1.81-2.569-.069-.084a.735.735 0 0 0-1.132.93l1.8 2.555.085.114a1.504 1.504 0 0 0 2.355-.055l5.754-7.28.06-.09a.735.735 0 0 0-.181-.941Z" fill-rule="evenodd"></path></svg></a></li><li data-zta="dropdownMenuLinkListItem" class="z-dropdown-menu-list__item"><a href="https://www.zooplus.com/" data-zta="dropdownMenuLinkListAnchor" class="z-dropdown-menu-list__anchor z-dropdown-menu-list__item-wrap" tabindex="0"><span class="z-dropdown-menu-list__image z-dropdown-menu-list__image--rounded"><img src="//images.ctfassets.net/w4bhfqu0yxyq/17S2qOZPq7OFrFpDba3PHD/97c85479ecffa015d0d445013a9295aa/COM_3x.png?fm=webp&amp;w=48" alt="Zooplus.com" width="24" height="24" loading="lazy"></span><div class="z-dropdown-menu-list__text-label">zooplus.com / en</div></a></li></ul></div></div></div></div></div></div></div></section><section class="PurchaseDetails-module_paymentShippingAndTrust__0p7i3"><div class="PurchaseDetails-module_paymentShippingAndTrustWrapper__ivpLy"><div class="PurchaseDetails-module_paymentColumn__FfQIU"><h4 data-zta="H4UIC" class="z-h4">Methods of Payment</h4><ul class="PurchaseDetails-module_logosContainer__DYXyD"><li class="PurchaseDetails-module_logo__Wh43c"><a data-zta="AnchorUIC" href="https://www.zooplus.co.uk/info/legal/terms#8-payment-methods-invoices-and-vouchers" class="z-anchor"><picture><source src="//images.ctfassets.net/qp85kbzn8noe/50Wgeh9utlfiCfbK7MgS6K/a98e08e0088a65fa761e7b80b93a54d5/visa_3x.png?fl=progressive&amp;w=48&amp;q=85 48w" srcset="//images.ctfassets.net/qp85kbzn8noe/50Wgeh9utlfiCfbK7MgS6K/a98e08e0088a65fa761e7b80b93a54d5/visa_3x.png?fl=progressive&amp;w=48&amp;q=85 48w" type="image/webp"><img src="//images.ctfassets.net/qp85kbzn8noe/50Wgeh9utlfiCfbK7MgS6K/a98e08e0088a65fa761e7b80b93a54d5/visa_3x.png?fl=progressive&amp;w=48&amp;q=85 48w" alt="Visa" loading="lazy" width="48" height="32"></picture></a></li><li class="PurchaseDetails-module_logo__Wh43c"><a data-zta="AnchorUIC" href="https://www.zooplus.co.uk/info/legal/terms#8-payment-methods-invoices-and-vouchers" class="z-anchor"><picture><source src="//images.ctfassets.net/qp85kbzn8noe/2l0VfAGXHmJJ2TXwLEOr9n/cc4ea7aeb76ba4ecf51ca236aa91c449/mastercard_3x.png?fl=progressive&amp;w=48&amp;q=85 48w" srcset="//images.ctfassets.net/qp85kbzn8noe/2l0VfAGXHmJJ2TXwLEOr9n/cc4ea7aeb76ba4ecf51ca236aa91c449/mastercard_3x.png?fl=progressive&amp;w=48&amp;q=85 48w" type="image/webp"><img src="//images.ctfassets.net/qp85kbzn8noe/2l0VfAGXHmJJ2TXwLEOr9n/cc4ea7aeb76ba4ecf51ca236aa91c449/mastercard_3x.png?fl=progressive&amp;w=48&amp;q=85 48w" alt="Mastercard" loading="lazy" width="48" height="32"></picture></a></li><li class="PurchaseDetails-module_logo__Wh43c"><a data-zta="AnchorUIC" href="https://www.zooplus.co.uk/info/legal/terms#8-payment-methods-invoices-and-vouchers" class="z-anchor"><picture><source src="//images.ctfassets.net/qp85kbzn8noe/4qTfvRdSKXOCUvhxCF6X02/c67b98b9c1f0af492cf47d6a3bf5844a/maestro_3x.png?fl=progressive&amp;w=48&amp;q=85 48w" srcset="//images.ctfassets.net/qp85kbzn8noe/4qTfvRdSKXOCUvhxCF6X02/c67b98b9c1f0af492cf47d6a3bf5844a/maestro_3x.png?fl=progressive&amp;w=48&amp;q=85 48w" type="image/webp"><img src="//images.ctfassets.net/qp85kbzn8noe/4qTfvRdSKXOCUvhxCF6X02/c67b98b9c1f0af492cf47d6a3bf5844a/maestro_3x.png?fl=progressive&amp;w=48&amp;q=85 48w" alt="Maestro" loading="lazy" width="48" height="32"></picture></a></li><li class="PurchaseDetails-module_logo__Wh43c"><a data-zta="AnchorUIC" href="https://www.zooplus.co.uk/info/legal/terms#8-payment-methods-invoices-and-vouchers" class="z-anchor"><picture><source src="//images.ctfassets.net/qp85kbzn8noe/28hZegh5u77BFqGkHa7ZZr/4c71a0d5efc11a83af3c19c9c34affac/amex_3x.png?fl=progressive&amp;w=48&amp;q=85 48w" srcset="//images.ctfassets.net/qp85kbzn8noe/28hZegh5u77BFqGkHa7ZZr/4c71a0d5efc11a83af3c19c9c34affac/amex_3x.png?fl=progressive&amp;w=48&amp;q=85 48w" type="image/webp"><img src="//images.ctfassets.net/qp85kbzn8noe/28hZegh5u77BFqGkHa7ZZr/4c71a0d5efc11a83af3c19c9c34affac/amex_3x.png?fl=progressive&amp;w=48&amp;q=85 48w" alt="American Express" loading="lazy" width="48" height="32"></picture></a></li><li class="PurchaseDetails-module_logo__Wh43c"><a data-zta="AnchorUIC" href="https://www.zooplus.co.uk/info/legal/terms#8-payment-methods-invoices-and-vouchers" class="z-anchor"><picture><source src="//images.ctfassets.net/qp85kbzn8noe/301Xsx6AhmPVGuRPqIkDnb/dae75beee5bef3986059531443843e81/paypal_3x.png?fl=progressive&amp;w=48&amp;q=85 48w" srcset="//images.ctfassets.net/qp85kbzn8noe/301Xsx6AhmPVGuRPqIkDnb/dae75beee5bef3986059531443843e81/paypal_3x.png?fl=progressive&amp;w=48&amp;q=85 48w" type="image/webp"><img src="//images.ctfassets.net/qp85kbzn8noe/301Xsx6AhmPVGuRPqIkDnb/dae75beee5bef3986059531443843e81/paypal_3x.png?fl=progressive&amp;w=48&amp;q=85 48w" alt="PayPal" loading="lazy" width="48" height="32"></picture></a></li><li class="PurchaseDetails-module_logo__Wh43c"><a data-zta="AnchorUIC" href="https://www.zooplus.co.uk/info/legal/terms#8-payment-methods-invoices-and-vouchers" class="z-anchor"><picture><source src="//images.ctfassets.net/qp85kbzn8noe/6zuLzjCeIbMCypImXD8SHt/13908c0f738297f362cd83a2617f187c/Apple_Pay_3x.png?fl=progressive&amp;w=48&amp;q=85 48w" srcset="//images.ctfassets.net/qp85kbzn8noe/6zuLzjCeIbMCypImXD8SHt/13908c0f738297f362cd83a2617f187c/Apple_Pay_3x.png?fl=progressive&amp;w=48&amp;q=85 48w" type="image/webp"><img src="//images.ctfassets.net/qp85kbzn8noe/6zuLzjCeIbMCypImXD8SHt/13908c0f738297f362cd83a2617f187c/Apple_Pay_3x.png?fl=progressive&amp;w=48&amp;q=85 48w" alt="Apple Pay" loading="lazy" width="48" height="32"></picture></a></li><li class="PurchaseDetails-module_logoCustom__u5q68"><a data-zta="AnchorUIC" href="https://www.zooplus.co.uk/info/legal/terms#8-payment-methods-invoices-and-vouchers" class="z-anchor"><span>Bank Transfer</span></a></li></ul></div><div class="PurchaseDetails-module_shippingColumn__6Zl0V"><h4 data-zta="H4UIC" class="z-h4">Delivery</h4><ul class="PurchaseDetails-module_logosContainer__DYXyD"><li class="PurchaseDetails-module_logo__Wh43c"><a data-zta="AnchorUIC" href="https://www.zooplus.co.uk/info/about/shippingcosts" class="z-anchor"><picture><source src="//images.ctfassets.net/qp85kbzn8noe/712VRwzYOVoYQJaUEn61BP/c5a3912a4f3aa1ea67637fe02067e3a4/yodel_3x.png?fl=progressive&amp;w=48&amp;q=85 48w" srcset="//images.ctfassets.net/qp85kbzn8noe/712VRwzYOVoYQJaUEn61BP/c5a3912a4f3aa1ea67637fe02067e3a4/yodel_3x.png?fl=progressive&amp;w=48&amp;q=85 48w" type="image/webp"><img src="//images.ctfassets.net/qp85kbzn8noe/712VRwzYOVoYQJaUEn61BP/c5a3912a4f3aa1ea67637fe02067e3a4/yodel_3x.png?fl=progressive&amp;w=48&amp;q=85 48w" alt="Yodel" loading="lazy" width="48" height="32"></picture></a></li><li class="PurchaseDetails-module_logo__Wh43c"><a data-zta="AnchorUIC" href="https://www.zooplus.co.uk/info/about/shippingcosts" class="z-anchor"><picture><source src="//images.ctfassets.net/qp85kbzn8noe/5b42CTIg1fhbkpbXR2cg4y/a040e4ca81dc3cf4c708491a55561107/EVRI.jpg?fl=progressive&amp;w=48&amp;q=85 48w" srcset="//images.ctfassets.net/qp85kbzn8noe/5b42CTIg1fhbkpbXR2cg4y/a040e4ca81dc3cf4c708491a55561107/EVRI.jpg?fl=progressive&amp;w=48&amp;q=85 48w" type="image/webp"><img src="//images.ctfassets.net/qp85kbzn8noe/5b42CTIg1fhbkpbXR2cg4y/a040e4ca81dc3cf4c708491a55561107/EVRI.jpg?fl=progressive&amp;w=48&amp;q=85 48w" alt="Evri" loading="lazy" width="48" height="32"></picture></a></li><li class="PurchaseDetails-module_logo__Wh43c"><a data-zta="AnchorUIC" href="https://www.zooplus.co.uk/info/about/shippingcosts" class="z-anchor"><picture><source src="//images.ctfassets.net/qp85kbzn8noe/mRRiux2Sfl19l17fYKxcz/12c1d1cff9425c6462c2c9a812750f8a/dhl_3x.png?fl=progressive&amp;w=48&amp;q=85 48w" srcset="//images.ctfassets.net/qp85kbzn8noe/mRRiux2Sfl19l17fYKxcz/12c1d1cff9425c6462c2c9a812750f8a/dhl_3x.png?fl=progressive&amp;w=48&amp;q=85 48w" type="image/webp"><img src="//images.ctfassets.net/qp85kbzn8noe/mRRiux2Sfl19l17fYKxcz/12c1d1cff9425c6462c2c9a812750f8a/dhl_3x.png?fl=progressive&amp;w=48&amp;q=85 48w" alt="DHL" loading="lazy" width="48" height="32"></picture></a></li></ul></div><div class="PurchaseDetails-module_secureColumn__0T6Qa"><h4 data-zta="H4UIC" class="z-h4">Secure Shopping Guarantee</h4><ul class="PurchaseDetails-module_logosContainer__DYXyD"><li class="PurchaseDetails-module_logo__Wh43c"><a data-zta="AnchorUIC" href="https://www.zooplus.co.uk/info/about/security" class="z-anchor"><picture><source src="//images.ctfassets.net/qp85kbzn8noe/4eok3iQCnb3P7WLPEAkiv/dd84f380f738d4366a3757f6ed6c7c35/Encryption_3x.png?fl=progressive&amp;w=&amp;q=85 w" srcset="//images.ctfassets.net/qp85kbzn8noe/4eok3iQCnb3P7WLPEAkiv/dd84f380f738d4366a3757f6ed6c7c35/Encryption_3x.png?fl=progressive&amp;w=100&amp;q=85 100w" type="image/webp"><img src="//images.ctfassets.net/qp85kbzn8noe/4eok3iQCnb3P7WLPEAkiv/dd84f380f738d4366a3757f6ed6c7c35/Encryption_3x.png?fl=progressive&amp;w=&amp;q=85 w" alt="" loading="lazy" width="auto" height="auto"></picture></a></li></ul></div></div></section><section class="SocialAndApps-module_socialAndApps__OLYLe"><div class="SocialAndApps-module_socialAndAppsWrapper__IEkOy"><div class="SocialAndApps-module_socialColumn__c-cNg"><h4 data-zta="H4UIC" class="z-h4">Social</h4><ul class="SocialAndApps-module_socialList__SIeIo"><li class="facebook"><a data-zta="AnchorUIC" href="https://www.facebook.com/ZooplusUK" class="z-anchor z-anchor--neutral"><svg fill="currentColor" width="24" height="24" xmlns="http://www.w3.org/2000/svg" viewBox="0 0 24 24" role="img"><path d="M20.125 3.25H4.75a1.5 1.5 0 0 0-1.5 1.5v15.375l.009.152c.105.79.738 1.348 1.491 1.348h7.8a.75.75 0 0 0 .75-.75V14.5l-.007-.102a.75.75 0 0 0-.743-.648h-1.501v-1.5h1.501a.75.75 0 0 0 .75-.75v-.795l.005-.189.014-.19a3.516 3.516 0 0 1 3.498-3.138l.983-.001v1.5h-.982l-.168.008c-1.063.107-1.85.972-1.85 2.01v.795l.007.102a.75.75 0 0 0 .743.648h1.782l-.191 1.5H15.55a.75.75 0 0 0-.75.75v6.375c0 .414.336.75.75.75h4.575a1.5 1.5 0 0 0 1.5-1.5V4.75a1.5 1.5 0 0 0-1.5-1.5ZM4.75 4.75h15.375v15.375h-3.826V15.25h1.171a1.124 1.124 0 0 0 1.12-.99l.284-2.246a1.126 1.126 0 0 0-.86-1.235l-.145-.023-.024-.002-1.545-.003v-.046c0-.266.202-.488.464-.515l.091-.003h1.32c.621 0 1.125-.503 1.125-1.124v-2.25c0-.622-.504-1.125-1.125-1.125h-1.358a5.018 5.018 0 0 0-5.011 4.774l-.006.288h-1.125c-.537 0-.996.379-1.102.9l-.02.15-.003 2.325.007.123a1.125 1.125 0 0 0 1.118 1.002h1.124v4.875H4.75l-.002-.05L4.75 4.75Z" fill-rule="evenodd"></path></svg></a></li><li class="instagram"><a data-zta="AnchorUIC" href="https://www.instagram.com/zooplusuk/" class="z-anchor z-anchor--neutral"><svg fill="currentColor" width="24" height="24" xmlns="http://www.w3.org/2000/svg" viewBox="0 0 24 24" role="img"><path d="M16.375 3.25c2.9 0 5.25 2.35 5.25 5.25v7.875c0 2.9-2.35 5.25-5.25 5.25H8.5a5.25 5.25 0 0 1-5.25-5.25V8.5c0-2.9 2.35-5.25 5.25-5.25Zm0 1.5H8.5A3.75 3.75 0 0 0 4.75 8.5v7.875a3.75 3.75 0 0 0 3.75 3.75h7.875a3.75 3.75 0 0 0 3.75-3.75V8.5a3.75 3.75 0 0 0-3.75-3.75Zm-.756 4.506a4.5 4.5 0 1 1-6.364 6.363 4.5 4.5 0 0 1 6.364-6.363Zm-5.303 1.06a3 3 0 1 0 4.378.144l-.135-.144-.144-.135a3 3 0 0 0-4.099.135Zm7.259-4.141c.6 0 1.091.47 1.123 1.063l.002.062a1.125 1.125 0 1 1-1.125-1.125Z" fill-rule="evenodd"></path></svg></a></li><li class="youtube"><a data-zta="AnchorUIC" href="https://www.youtube.com/zooplus" class="z-anchor z-anchor--neutral"><svg fill="currentColor" width="24" height="24" xmlns="http://www.w3.org/2000/svg" viewBox="0 0 24 24" role="img"><path d="M17.5 11.875a3.75 3.75 0 0 1 3.75 3.75v2.25a3.75 3.75 0 0 1-3.75 3.75H7a3.75 3.75 0 0 1-3.75-3.75v-2.25A3.75 3.75 0 0 1 7 11.875Zm0 1.5H7a2.25 2.25 0 0 0-2.25 2.25v2.25A2.25 2.25 0 0 0 7 20.125h10.5a2.25 2.25 0 0 0 2.25-2.25v-2.25a2.25 2.25 0 0 0-2.25-2.25Zm-6 2.063a.75.75 0 0 1 .743.648l.007.102v2.437a.75.75 0 0 1-1.233.574 1.351 1.351 0 0 1-1.61-1.194l-.007-.13v-1.688a.6.6 0 0 1 1.192-.097l.008.098v1.687c0 .083.067.15.15.15v-1.837a.75.75 0 0 1 .75-.75Zm1.875-1.913a.6.6 0 0 1 .592.503l.008.097v1.47a1.35 1.35 0 0 1 1.5 1.342v.938a1.35 1.35 0 0 1-1.82 1.266.6.6 0 0 1-.873-.434l-.007-.097v-4.485a.6.6 0 0 1 .6-.6Zm3.997 1.875c.746 0 1.35.604 1.35 1.35a.6.6 0 0 1-.502.592l-.098.008h-.9v.423a.255.255 0 0 0 .448.166.6.6 0 1 1 .905.787 1.455 1.455 0 0 1-2.543-.792l-.01-.157V16.75c0-.746.605-1.35 1.35-1.35Zm-8.107-1.125a.6.6 0 0 1 .097 1.192l-.097.008H8.35v3.135a.6.6 0 0 1-1.192.097l-.008-.097v-3.135h-.915a.6.6 0 0 1-.097-1.192l.097-.008h3.03Zm4.86 2.513a.15.15 0 0 0-.15.15v.937a.15.15 0 1 0 .3 0v-.937a.15.15 0 0 0-.15-.15ZM6.777 3.466l.073.084 1.649 2.2 1.651-2.2a.75.75 0 0 1 1.26.806l-.06.094-2.1 2.8v3.125a.75.75 0 0 1-.648.743l-.102.007a.75.75 0 0 1-.743-.648l-.007-.102V7.25l-2.1-2.8a.75.75 0 0 1 .066-.977L5.8 3.4a.75.75 0 0 1 .977.066ZM17.5 5.125a.75.75 0 0 1 .743.648l.007.102v4.5a.75.75 0 0 1-1.28.53l-.094.043a2.25 2.25 0 0 1-3.12-1.92l-.006-.153v.375a1.875 1.875 0 0 1-3.75 0V7a1.875 1.875 0 0 1 3.75 0V5.875a.75.75 0 0 1 1.493-.102l.007.102v3a.75.75 0 0 0 1.493.102l.007-.102v-3a.75.75 0 0 1 .75-.75Zm-5.625 1.5A.375.375 0 0 0 11.5 7v2.25a.375.375 0 0 0 .75 0V7a.375.375 0 0 0-.375-.375Z" fill-rule="evenodd"></path></svg></a></li><li class="pinterest"><a data-zta="AnchorUIC" href="https://www.pinterest.co.uk/zooplusuk/" class="z-anchor z-anchor--neutral"><svg fill="currentColor" width="24" height="24" xmlns="http://www.w3.org/2000/svg" viewBox="0 0 24 24" role="img"><path d="M12.692 3c-4.55 0-7.68 3.162-7.68 6.803-.11 1.512.555 3.033 1.782 4.013a.75.75 0 0 0 1.161-.3l.982-2.377a.75.75 0 0 0 .027-.497 2.25 2.25 0 0 1-.09-.646 3.345 3.345 0 0 1 3.269-3.398l.211.001c1.853.001 2.88.998 2.88 2.566 0 2.224-.931 3.848-1.995 3.848-.297 0-.391-.124-.306-.57l.025-.118c.031-.13.07-.25.155-.459l.398-.928c.331-.783.48-1.317.437-1.857-.067-.823-.621-1.393-1.559-1.6-1.295-.287-2.257.312-2.784 1.461l-.105.249c-.229.593-.35 1.275-.393 1.99l-.012.226-1.228 5.182a11.697 11.697 0 0 0-.076 3.548l.067.435c.026.31.288.618.647.711a.878.878 0 0 0 .87-.261l.075-.096a10.989 10.989 0 0 0 1.805-3.28l.254-.938.023.015c.58.363 1.263.554 1.969.534 3.47 0 6.076-3.646 6.076-7.957 0-3.463-2.956-6.3-6.885-6.3Zm0 1.5c3.114 0 5.385 2.18 5.385 4.8 0 3.57-2.063 6.457-4.598 6.457a2.035 2.035 0 0 1-1.75-.88.75.75 0 0 0-1.309.126l-.042.128-.554 2.07-.123.331c-.13.331-.28.658-.45.978l-.059.102v-.194c.01-.515.057-1.024.144-1.529l1.236-5.203.02-.15c.023-.746.142-1.46.376-1.968.254-.554.557-.743 1.097-.623.324.072.377.125.387.258.017.197-.061.505-.248.97l-.46 1.08a4.369 4.369 0 0 0-.246.73c-.322 1.399.332 2.53 1.741 2.53 2.115 0 3.495-2.406 3.495-5.348 0-2.334-1.606-3.964-4.112-4.06l-.238-.005a4.845 4.845 0 0 0-5.01 4.899l.008.265c.006.088.015.178.028.267l.046.262-.438 1.061-.103-.172a3.27 3.27 0 0 1-.405-1.826C6.512 6.987 8.973 4.5 12.692 4.5Z" fill-rule="evenodd"></path></svg></a></li></ul></div><div class="SocialAndApps-module_appColumn__e7ka5"><ul class="SocialAndApps-module_imageContainer__T8XpY"><li><a href="https://apps.apple.com/gb/app/zooplus/id582639260?utm-source=utm_source_teaser&amp;analytics-id=6m1fgbkwnn0h-6vpsYMTDDRaFm7hQuTxv2Q&amp;utm-source=utm_source_teaser&amp;analytics-id=qp85kbzn8noe-5FjadShlvg9QzkcRRHkPxx"><picture><source src="//images.ctfassets.net/qp85kbzn8noe/uVX4HD8QAkunYw9ZUQyxp/4853dd9c89c265697481c0ccdf23a9e3/_3x_Download_on_the_App_Store_Badge_UK.png?fm=webp&amp;w=&amp;q=85 w" srcset="//images.ctfassets.net/qp85kbzn8noe/uVX4HD8QAkunYw9ZUQyxp/4853dd9c89c265697481c0ccdf23a9e3/_3x_Download_on_the_App_Store_Badge_UK.png?fm=webp&amp;w=142&amp;q=85 142w" type="image/webp"><img src="//images.ctfassets.net/qp85kbzn8noe/uVX4HD8QAkunYw9ZUQyxp/4853dd9c89c265697481c0ccdf23a9e3/_3x_Download_on_the_App_Store_Badge_UK.png?fm=jpeg&amp;fl=progressive&amp;w=&amp;q=85 w" alt="App Store" loading="lazy" width="auto" height="42"></picture></a></li><li><a href="https://play.google.com/store/apps/details?id=de.zooplus&amp;utm-source=utm_source_teaser&amp;analytics-id=6m1fgbkwnn0h-6f7VZinhXLvPOZ7oC2Di9m&amp;utm-source=utm_source_teaser&amp;analytics-id=qp85kbzn8noe-yZuLdUg8b1ESzuafyJkRL"><picture><source src="//images.ctfassets.net/qp85kbzn8noe/7zELMjZ3PgfGFF1SmNVwnP/4992cbeaf33970a69c9217ba8777c757/_3x_google-play-badge_UK.png?fm=webp&amp;w=&amp;q=85 w" srcset="//images.ctfassets.net/qp85kbzn8noe/7zELMjZ3PgfGFF1SmNVwnP/4992cbeaf33970a69c9217ba8777c757/_3x_google-play-badge_UK.png?fm=webp&amp;w=142&amp;q=85 142w" type="image/webp"><img src="//images.ctfassets.net/qp85kbzn8noe/7zELMjZ3PgfGFF1SmNVwnP/4992cbeaf33970a69c9217ba8777c757/_3x_google-play-badge_UK.png?fm=jpeg&amp;fl=progressive&amp;w=&amp;q=85 w" alt="Google Play" loading="lazy" width="auto" height="42"></picture></a></li></ul></div></div></section><section class="LegalLinks-module_legalLinks__5Jdza"><div class="LegalLinks-module_legalLinksWrapper__VU1B7"><ul class="LegalLinks-module_linkList__aPz8u"><li><a data-zta="AnchorUIC" href="https://www.zooplus.co.uk/info/about/zooplus" class="z-anchor z-anchor--neutral">About Us</a></li><li><a data-zta="AnchorUIC" href="https://careers.zooplus.com/" class="z-anchor z-anchor--neutral">Careers</a></li><li><a data-zta="AnchorUIC" href="https://corporate.zooplus.com/en/" class="z-anchor z-anchor--neutral">Corporate Website</a></li><li><a data-zta="AnchorUIC" href="https://www.zooplus.co.uk/info/legal/imprint" class="z-anchor z-anchor--neutral">Imprint</a></li><li><a data-zta="AnchorUIC" href="https://www.zooplus.co.uk/info/legal/terms" class="z-anchor z-anchor--neutral">Terms &amp; Conditions</a></li><li><a data-zta="AnchorUIC" href="https://www.zooplus.co.uk/info/legal/DSA" class="z-anchor z-anchor--neutral">DSA</a></li><li><a data-zta="AnchorUIC" href="https://media.mediazs.com/bilder/1/WithdrawalzUK13072022_1.pdf" class="z-anchor z-anchor--neutral">Withdrawal Form </a></li><li><a data-zta="AnchorUIC" href="https://www.zooplus.co.uk/info/legal/disposal" class="z-anchor z-anchor--neutral">WEEE</a></li><li><a data-zta="AnchorUIC" href="https://www.zooplus.co.uk/info/legal/privacy" class="z-anchor z-anchor--neutral">Privacy</a></li></ul><span class="LegalLinks-module_copyright__72xVl">© zooplus SE<!-- --> <!-- -->2024</span></div></section></section></div><div><div class="ImageFullscreenSwiper_imageSwiperFullscreen__g_knq"></div></div><div id="ZN_cZvnVmP81f4iHQ2"></div></div></div><script id="__NEXT_DATA__" type="application/json">{"props":{"pageProps":{"appLevelProps":{"uri":{"protocol":"https","host":"zooplus.com","pathname":"/","query":{"domain":"zooplus.co.uk","shopIdentifier":"1934717","path":"/shop/cats/dry_cat_food/encore","language":"","activeVariant":"1934717.0"}},"params":{"domain":"zooplus.co.uk","shopIdentifier":"1934717","path":"/shop/cats/dry_cat_food/encore","language":"","activeVariant":"1934717.0"},"path":"/shop/cats/dry_cat_food/encore","siteId":3,"domain":"zooplus.co.uk","realm":"zooplus","country":"GB","locale":"en-GB","legacyLocale":"en-GB","language":"en","legacyLanguage":"en","requestCookies":{"leto.pet_type":"","optimizely_ab":"idpo-1390_rebranding_foundation_targeted_delivery.on"},"isLoggedIn":false,"petOwnerType":null,"settings":{"ANDROID_APP_ID":"de.zooplus","ANDROID_APP_RATING":"4.9","CHECKOUT_MIN_ORDER_PRICE":"10","IOS_APP_ID":"582639260","IS_APP_BANNER_ACTIVE":"30","IS_COOKIES_BANNER_ACTIVE":"0","NEWSLETTER_COUPON_VALUE":"Claim","adobe.analytics.scripttag.prod":"\u003cscript src=\"//shop-adtm-assets.shpp.ext.zooplus.io/launch-EN699a853db84042d9acc90b47f7ead848.min.js\" async\u003e\u003c/script\u003e","adobe.analytics.scripttag.test":"\u003cscript src=\"//shop-adtm-assets.shpd.ext.zooplus.io/launch-EN4adaf519a55a439382f52aa96a596f62-development.min.js\" async\u003e\u003c/script\u003e","analytical.codes":"\u003c!-- analytical code --\u003e\n","catalog.discover.pricing-tooltip.enabled":"false","shop.codesnippet.certona_tracking":"\u003cscript type=\"text/javascript\" src=\"//edge1.certona.net/cd/5523d09f/zooplus.co.uk/scripts/resonance.js\" async defer\u003e\u003c/script\u003e","shop.codesnippet.exorbyte_facetted_search":"\u003cscript type=\"text/javascript\"\u003evar exoCompressed = true;\n\u003c/script\u003e\n\u003cscript src=\"https://d25a50wq0hgskv.cloudfront.net/2634_zooplus_co_uk/exoBundle.js.gz\" type=\"text/javascript\"\u003e\u003c/script\u003e","shop.codesnippet.maxymiser":"\u003cstyle\u003e .v3-h3 { font-size: var(--z-font-size-xl); line-height: 1.222222;} \u003c/style\u003e","shop.codesnippet.zootopia_tracking":"\u003cmeta name = \"test-zt\" content = \"When you're going to change the world, don't ask for permission.\" /\u003e","shop.component.free.delivery":"£39","shop.contact_us.url":"https://www.zooplus.co.uk/contact_us","shop.expected_delivery_date.max":"2","shop.expected_delivery_date.min":"1","shop.newsletter.topics":"DOG,CAT,BIRD,SMALL_ANIMALS","shop.pdp.gshopping.merchant-return-days":"14","shop.picture.template":"3317,3316,3319,3746,3318,198613,9872,316754","shop.public.seo.accordion.enabled.pages":"homepage,l2,l3,l4","shop.public.soft-redirect.expiration-days":"60","shop.public.soft-redirect.max-displays":"0","shop.public.zootopia.recommendation.enabled.pages":"homepage,l2,l3,l4,search","shop.win.back.promotion.enabled":"0","variant.returnpolicy.url":"https://support.zooplus.co.uk/en/support/solutions/76000004043#Returns%E2%80%AF\u0026_Claims__UK__Returns"},"toggles":{"IS_CALL_CENTER_AVAILABLE":false,"IS_TOPSELLER_LINK_AVAILABLE":false,"activation.om.pixel-executor.product-detail-page":true,"shop.account_dropdown_private_items_hidden.toggle":true,"shop.best_priced_product.toggle":true,"shop.certona.productreco.display.enabled":true,"shop.compose.feedback_view.enabled":true,"shop.consentmanagement.onetrust.enabled":true,"shop.contentful.fullscreen-carousel.enabled":false,"shop.contentful.magazine.toggle":true,"shop.delivery_estimation.enabled":true,"shop.feedback.api-mode":true,"shop.general.info-box.enabled":false,"shop.lazyload.homepage":true,"shop.mobile.burger_menu_navigation.toggle":true,"shop.pdp.add-to-wishlist.enabled":true,"shop.pdp.api-mode":true,"shop.pdp.cta-above-the-fold.enabled":true,"shop.pdp.foodadvisor.enabled":true,"shop.pdp.gshopping.offermetadata.enabled":true,"shop.pdp.review-section.enabled":true,"shop.public.article-based-discount.enabled":true,"shop.public.bonus-points.enabled":true,"shop.public.categories-api.enabled":true,"shop.public.categories-api.phase2.level3.enabled":true,"shop.public.homepage.localized-meta-description.enabled":true,"shop.public.hopps-search.enabled":true,"shop.public.pdp.fallback.enabled":false,"shop.public.review-upvote.enabled":true,"shop.public.zootopia.recommendation.pdp.enabled":true,"shop.showBonusPoints.enabled":true,"shop.show_om_title.enabled":false},"header":{"siteId":3,"domain":"zooplus.co.uk","showCart":true,"showSearch":true,"bundle":"zooplus","brand":"zooplus","locale":"en-GB","translationsLocale":"en_GB","showCategories":true,"categories":[{"animalType":"DOGS","children":[{"animalType":"DOGS","children":[{"animalType":"DOGS","children":[],"description":"Arden Grange Dry Dog Food","extId":41707,"fullDescription":null,"level":4,"metaCanonical":null,"metaDescription":null,"metaKeywords":null,"metaPageTitle":null,"metaRobots":null,"path":"/shop/dogs/dry_dog_food/arden_grange","pictureFile":null,"specials":[],"title":"Arden Grange","type":"ANIMAL","whitespaceAfter":0,"highlighted":false,"active":false},{"animalType":"DOGS","children":[],"description":"Burns Dry Dog Food","extId":18092,"fullDescription":null,"level":4,"metaCanonical":null,"metaDescription":null,"metaKeywords":null,"metaPageTitle":null,"metaRobots":null,"path":"/shop/dogs/dry_dog_food/burns","pictureFile":null,"specials":[],"title":"Burns","type":"ANIMAL","whitespaceAfter":0,"highlighted":false,"active":false},{"animalType":"DOGS","children":[],"description":"Concept for Life Dry Dog Food","extId":240381,"fullDescription":null,"level":4,"metaCanonical":null,"metaDescription":null,"metaKeywords":null,"metaPageTitle":null,"metaRobots":null,"path":"/shop/dogs/dry_dog_food/concept_for_life","pictureFile":null,"specials":[],"title":"Concept for Life","type":"ANIMAL","whitespaceAfter":0,"highlighted":false,"active":false},{"animalType":"DOGS","children":[],"description":"Eukanuba Dry Dog Food","extId":3375,"fullDescription":null,"level":4,"metaCanonical":null,"metaDescription":null,"metaKeywords":null,"metaPageTitle":null,"metaRobots":null,"path":"/shop/dogs/dry_dog_food/eukanuba","pictureFile":null,"specials":[],"title":"Eukanuba","type":"ANIMAL","whitespaceAfter":0,"highlighted":false,"active":false},{"animalType":"DOGS","children":[],"description":"Hill's Prescription Diet Dry Dog Food","extId":34641,"fullDescription":null,"level":4,"metaCanonical":null,"metaDescription":null,"metaKeywords":null,"metaPageTitle":null,"metaRobots":null,"path":"/shop/dogs/dry_dog_food/hills_prescription","pictureFile":null,"specials":[],"title":"Hill's Prescription Diet Canine","type":"ANIMAL","whitespaceAfter":0,"highlighted":false,"active":false},{"animalType":"DOGS","children":[],"description":"Hill's Science Plan Dry Dog Food","extId":3431,"fullDescription":null,"level":4,"metaCanonical":null,"metaDescription":null,"metaKeywords":null,"metaPageTitle":null,"metaRobots":null,"path":"/shop/dogs/dry_dog_food/hills_science_plan","pictureFile":null,"specials":[],"title":"Hill's Science Plan","type":"ANIMAL","whitespaceAfter":0,"highlighted":false,"active":false},{"animalType":"DOGS","children":[],"description":"James Wellbeloved Dry Dog Food","extId":16869,"fullDescription":null,"level":4,"metaCanonical":null,"metaDescription":null,"metaKeywords":null,"metaPageTitle":null,"metaRobots":null,"path":"/shop/dogs/dry_dog_food/james_wellbeloved","pictureFile":null,"specials":[],"title":"James Wellbeloved","type":"ANIMAL","whitespaceAfter":0,"highlighted":false,"active":false},{"animalType":"DOGS","children":[],"description":"Purizon Dry Dog Food","extId":74821,"fullDescription":null,"level":4,"metaCanonical":null,"metaDescription":null,"metaKeywords":null,"metaPageTitle":null,"metaRobots":null,"path":"/shop/dogs/dry_dog_food/purizon_dog_food","pictureFile":null,"specials":[],"title":"Purizon","type":"ANIMAL","whitespaceAfter":0,"highlighted":false,"active":false},{"animalType":"DOGS","children":[],"description":"Rosie's Farm Dry Dog Food","extId":437119,"fullDescription":null,"level":4,"metaCanonical":null,"metaDescription":null,"metaKeywords":null,"metaPageTitle":null,"metaRobots":null,"path":"/shop/dogs/dry_dog_food/rosies_farm","pictureFile":null,"specials":[],"title":"Rosie's Farm","type":"ANIMAL","whitespaceAfter":0,"highlighted":false,"active":false},{"animalType":"DOGS","children":[],"description":"Royal Canin Breed Dry Dog Food","extId":3650,"fullDescription":null,"level":4,"metaCanonical":null,"metaDescription":null,"metaKeywords":null,"metaPageTitle":null,"metaRobots":null,"path":"/shop/dogs/dry_dog_food/royal_canin_breed","pictureFile":null,"specials":[],"title":"Royal Canin Breed","type":"ANIMAL","whitespaceAfter":0,"highlighted":false,"active":false},{"animalType":"DOGS","children":[],"description":"Royal Canin Care Nutrition Dry Dog Food","extId":333575,"fullDescription":null,"level":4,"metaCanonical":null,"metaDescription":null,"metaKeywords":null,"metaPageTitle":null,"metaRobots":null,"path":"/shop/dogs/dry_dog_food/royal_canin_care_nutrition","pictureFile":null,"specials":[],"title":"Royal Canin Care Nutrition","type":"ANIMAL","whitespaceAfter":0,"highlighted":false,"active":false},{"animalType":"DOGS","children":[],"description":"Royal Canin Size Dry Dog Food","extId":3418,"fullDescription":null,"level":4,"metaCanonical":null,"metaDescription":null,"metaKeywords":null,"metaPageTitle":null,"metaRobots":null,"path":"/shop/dogs/dry_dog_food/royal_canin_size","pictureFile":"royalcanin_logo_10_1.gif","specials":[],"title":"Royal Canin Size","type":"ANIMAL","whitespaceAfter":0,"highlighted":false,"active":false},{"animalType":"DOGS","children":[],"description":"Royal Canin Veterinary Dry Dog Food","extId":85517,"fullDescription":null,"level":4,"metaCanonical":null,"metaDescription":null,"metaKeywords":null,"metaPageTitle":null,"metaRobots":null,"path":"/shop/dogs/dry_dog_food/royal_canin_vet_diet","pictureFile":null,"specials":[],"title":"Royal Canin Veterinary","type":"ANIMAL","whitespaceAfter":0,"highlighted":false,"active":false},{"animalType":"DOGS","children":[],"description":"Wolf of Wilderness Dry Dog Food","extId":196880,"fullDescription":null,"level":4,"metaCanonical":null,"metaDescription":null,"metaKeywords":null,"metaPageTitle":null,"metaRobots":null,"path":"/shop/dogs/dry_dog_food/wolf_of_wilderness","pictureFile":null,"specials":[],"title":"Wolf of Wilderness","type":"ANIMAL","whitespaceAfter":1,"highlighted":false,"active":false}],"description":"Dry Dog Food","extId":3326,"fullDescription":null,"level":3,"metaCanonical":null,"metaDescription":null,"metaKeywords":null,"metaPageTitle":null,"metaRobots":null,"path":"/shop/dogs/dry_dog_food","pictureFile":"Dog_Dryfood_1000x1000_3.jpg","specials":[],"title":"Dry Dog Food","type":"ANIMAL","whitespaceAfter":0,"highlighted":false,"active":false},{"animalType":"DOGS","children":[{"animalType":"DOGS","children":[],"description":"Applaws Wet Dog Food","extId":13335,"fullDescription":null,"level":4,"metaCanonical":null,"metaDescription":null,"metaKeywords":null,"metaPageTitle":null,"metaRobots":null,"path":"/shop/dogs/wet_dog_food/applaws","pictureFile":"362097_pla_applaws_taste_toppers_bruehe_huhn_6x156g_hs_01_6_1.jpg","specials":[],"title":"Applaws","type":"ANIMAL","whitespaceAfter":0,"highlighted":false,"active":false},{"animalType":"DOGS","children":[],"description":"Arden Grange Wet Dog Food","extId":46076,"fullDescription":null,"level":4,"metaCanonical":null,"metaDescription":null,"metaKeywords":null,"metaPageTitle":null,"metaRobots":null,"path":"/shop/dogs/wet_dog_food/arden_grange","pictureFile":null,"specials":[],"title":"Arden Grange","type":"ANIMAL","whitespaceAfter":0,"highlighted":false,"active":false},{"animalType":"DOGS","children":[],"description":"Forthglade Wet Dog Food","extId":233573,"fullDescription":null,"level":4,"metaCanonical":null,"metaDescription":null,"metaKeywords":null,"metaPageTitle":null,"metaRobots":null,"path":"/shop/dogs/wet_dog_food/forthglade","pictureFile":null,"specials":[],"title":"Forthglade","type":"ANIMAL","whitespaceAfter":0,"highlighted":false,"active":false},{"animalType":"DOGS","children":[],"description":"Hill's Prescription Diet Wet Dog Food","extId":182044,"fullDescription":null,"level":4,"metaCanonical":null,"metaDescription":null,"metaKeywords":null,"metaPageTitle":null,"metaRobots":null,"path":"/shop/dogs/wet_dog_food/hills_prescription_diet","pictureFile":null,"specials":[],"title":"Hill's Prescription Diet","type":"ANIMAL","whitespaceAfter":0,"highlighted":false,"active":false},{"animalType":"DOGS","children":[],"description":"Hill's Science Plan Wet Dog Food","extId":3430,"fullDescription":null,"level":4,"metaCanonical":null,"metaDescription":null,"metaKeywords":null,"metaPageTitle":null,"metaRobots":null,"path":"/shop/dogs/wet_dog_food/hills_science_plan","pictureFile":null,"specials":[],"title":"Hill's Science Plan","type":"ANIMAL","whitespaceAfter":0,"highlighted":false,"active":false},{"animalType":"DOGS","children":[],"description":"James Wellbeloved Wet Dog Food","extId":107827,"fullDescription":null,"level":4,"metaCanonical":null,"metaDescription":null,"metaKeywords":null,"metaPageTitle":null,"metaRobots":null,"path":"/shop/dogs/wet_dog_food/jameswellbeloved","pictureFile":null,"specials":[],"title":"James Wellbeloved","type":"ANIMAL","whitespaceAfter":0,"highlighted":false,"active":false},{"animalType":"DOGS","children":[],"description":"Lily's Kitchen Wet Dog Food","extId":120296,"fullDescription":null,"level":4,"metaCanonical":null,"metaDescription":null,"metaKeywords":null,"metaPageTitle":null,"metaRobots":null,"path":"/shop/dogs/wet_dog_food/lilys_kitchen_wet_dog_food","pictureFile":null,"specials":[],"title":"Lily's Kitchen","type":"ANIMAL","whitespaceAfter":0,"highlighted":false,"active":false},{"animalType":"DOGS","children":[],"description":"Lukullus Wet Dog Food","extId":14876,"fullDescription":null,"level":4,"metaCanonical":null,"metaDescription":null,"metaKeywords":null,"metaPageTitle":null,"metaRobots":null,"path":"/shop/dogs/wet_dog_food/lukullus","pictureFile":null,"specials":[],"title":"Lukullus","type":"ANIMAL","whitespaceAfter":0,"highlighted":false,"active":false},{"animalType":"DOGS","children":[],"description":"Rocco Wet Dog Food","extId":7880,"fullDescription":null,"level":4,"metaCanonical":null,"metaDescription":null,"metaKeywords":null,"metaPageTitle":null,"metaRobots":null,"path":"/shop/dogs/wet_dog_food/rocco","pictureFile":null,"specials":[],"title":"Rocco","type":"ANIMAL","whitespaceAfter":0,"highlighted":false,"active":false},{"animalType":"DOGS","children":[],"description":"Rosie's Farm Wet Dog Food","extId":353369,"fullDescription":null,"level":4,"metaCanonical":null,"metaDescription":null,"metaKeywords":null,"metaPageTitle":null,"metaRobots":null,"path":"/shop/dogs/wet_dog_food/rosies_farm","pictureFile":null,"specials":[],"title":"Rosie's Farm","type":"ANIMAL","whitespaceAfter":0,"highlighted":false,"active":false},{"animalType":"DOGS","children":[],"description":"Royal Canin Wet Dog Food","extId":109462,"fullDescription":null,"level":4,"metaCanonical":null,"metaDescription":null,"metaKeywords":null,"metaPageTitle":null,"metaRobots":null,"path":"/shop/dogs/wet_dog_food/royal_canin_wet_dog_food","pictureFile":null,"specials":[],"title":"Royal Canin","type":"ANIMAL","whitespaceAfter":0,"highlighted":false,"active":false},{"animalType":"DOGS","children":[],"description":"Royal Canin Veterinary Wet Dog Food","extId":243267,"fullDescription":null,"level":4,"metaCanonical":null,"metaDescription":null,"metaKeywords":null,"metaPageTitle":null,"metaRobots":null,"path":"/shop/dogs/wet_dog_food/royal_canin_veterinary","pictureFile":null,"specials":[],"title":"Royal Canin Veterinary","type":"ANIMAL","whitespaceAfter":0,"highlighted":false,"active":false},{"animalType":"DOGS","children":[],"description":"Wolf of Wilderness Wet Dog Food","extId":196918,"fullDescription":null,"level":4,"metaCanonical":null,"metaDescription":null,"metaKeywords":null,"metaPageTitle":null,"metaRobots":null,"path":"/shop/dogs/wet_dog_food/wolf_of_wilderness","pictureFile":null,"specials":[],"title":"Wolf of Wilderness","type":"ANIMAL","whitespaceAfter":1,"highlighted":false,"active":false}],"description":"Wet Dog Food: Cans and Pouches","extId":3327,"fullDescription":null,"level":3,"metaCanonical":null,"metaDescription":null,"metaKeywords":null,"metaPageTitle":null,"metaRobots":null,"path":"/shop/dogs/wet_dog_food","pictureFile":"Dog_Wetfood_1000x1000_2.jpg","specials":[],"title":"Wet Dog Food","type":"ANIMAL","whitespaceAfter":0,"highlighted":false,"active":false},{"animalType":"DOGS","children":[],"description":"Dog Treats \u0026 Dog Bones","extId":3331,"fullDescription":null,"level":3,"metaCanonical":null,"metaDescription":null,"metaKeywords":null,"metaPageTitle":null,"metaRobots":null,"path":"/shop/dogs/dog_treats_chews","pictureFile":"Dog_Snacks_1000x1000_1.jpg","specials":[],"title":"Dog Treats \u0026 Dog Bones","type":"ANIMAL","whitespaceAfter":0,"highlighted":false,"active":false},{"animalType":"DOGS","children":[],"description":"Dog Specialist Diets \u0026 Supplements","extId":50323,"fullDescription":null,"level":3,"metaCanonical":null,"metaDescription":null,"metaKeywords":null,"metaPageTitle":null,"metaRobots":null,"path":"/shop/dogs/dog_health","pictureFile":"Dog_Supplements_1000x1000_UK_1.jpg","specials":[],"title":"Dog Specialist Diets \u0026 Supplements","type":"ANIMAL","whitespaceAfter":0,"highlighted":false,"active":false},{"animalType":"DOGS","children":[],"description":"Dog Beds \u0026 Dog Baskets","extId":10794,"fullDescription":null,"level":3,"metaCanonical":null,"metaDescription":null,"metaKeywords":null,"metaPageTitle":null,"metaRobots":null,"path":"/shop/dogs/dog_beds_baskets","pictureFile":"Dog_Beds_1000x1000_1.jpg","specials":[],"title":"Dog Beds \u0026 Dog Baskets","type":"ANIMAL","whitespaceAfter":0,"highlighted":false,"active":false},{"animalType":"DOGS","children":[],"description":"Dog Leads \u0026 Collars","extId":3426,"fullDescription":null,"level":3,"metaCanonical":null,"metaDescription":null,"metaKeywords":null,"metaPageTitle":null,"metaRobots":null,"path":"/shop/dogs/dog_collars_dog_leads","pictureFile":"Dog_Leads_Collars_1000x1000_1.jpg","specials":[],"title":"Dog Leads \u0026 Dog Collars","type":"ANIMAL","whitespaceAfter":0,"highlighted":false,"active":false},{"animalType":"DOGS","children":[],"description":"Dog Flea, Tick \u0026 Wormer Treatments","extId":274283,"fullDescription":null,"level":3,"metaCanonical":null,"metaDescription":null,"metaKeywords":null,"metaPageTitle":null,"metaRobots":null,"path":"/shop/dogs/dog_flea_tick_treatments","pictureFile":"Antiparasitic_Img_Comb_Tweezer_1000x1000_1.jpg","specials":[],"title":"Dog Flea, Tick \u0026 Wormer Treatments","type":"ANIMAL","whitespaceAfter":0,"highlighted":false,"active":false},{"animalType":"DOGS","children":[],"description":"Dog Toys \u0026 Sports Accessories","extId":10796,"fullDescription":null,"level":3,"metaCanonical":null,"metaDescription":null,"metaKeywords":null,"metaPageTitle":null,"metaRobots":null,"path":"/shop/dogs/dog_toys_dog_training","pictureFile":"Dog_Toys_Sports_Acc_1000x1000_1.jpg","specials":[],"title":"Dog Toys \u0026 Sports Accessories","type":"ANIMAL","whitespaceAfter":0,"highlighted":false,"active":false},{"animalType":"DOGS","children":[],"description":"Dog Grooming \u0026 Care","extId":3427,"fullDescription":null,"level":3,"metaCanonical":null,"metaDescription":null,"metaKeywords":null,"metaPageTitle":null,"metaRobots":null,"path":"/shop/dogs/dog_grooming_care","pictureFile":"Dog_Grooming_Care_1000x1000_1.jpg","specials":[],"title":"Dog Grooming \u0026 Care","type":"ANIMAL","whitespaceAfter":0,"highlighted":false,"active":false},{"animalType":"DOGS","children":[],"description":"Dog Bowls \u0026 Feeders","extId":3425,"fullDescription":null,"level":3,"metaCanonical":null,"metaDescription":null,"metaKeywords":null,"metaPageTitle":null,"metaRobots":null,"path":"/shop/dogs/dog_bowls_feeders","pictureFile":"Dog_Bowls_1000x1000_1.jpg","specials":[],"title":"Dog Bowls \u0026 Feeders","type":"ANIMAL","whitespaceAfter":0,"highlighted":false,"active":false},{"animalType":"DOGS","children":[],"description":"Dog Crates \u0026 Dog Travel","extId":10795,"fullDescription":null,"level":3,"metaCanonical":null,"metaDescription":null,"metaKeywords":null,"metaPageTitle":null,"metaRobots":null,"path":"/shop/dogs/dog_cages_carriers","pictureFile":"Dog_Transport_1000x1000_7.jpg","specials":[],"title":"Dog Crates \u0026 Dog Travel","type":"ANIMAL","whitespaceAfter":0,"highlighted":false,"active":false},{"animalType":"DOGS","children":[],"description":"Dog Kennels, Flaps \u0026 Gates","extId":10797,"fullDescription":null,"level":3,"metaCanonical":null,"metaDescription":null,"metaKeywords":null,"metaPageTitle":null,"metaRobots":null,"path":"/shop/dogs/dog_kennels_flaps","pictureFile":"Dog_Kennel_1000x1000_1.jpg","specials":[],"title":"Dog Kennels, Flaps \u0026 Gates","type":"ANIMAL","whitespaceAfter":0,"highlighted":false,"active":false},{"animalType":"DOGS","children":[],"description":"Dog Clothes","extId":43886,"fullDescription":null,"level":3,"metaCanonical":null,"metaDescription":null,"metaKeywords":null,"metaPageTitle":null,"metaRobots":null,"path":"/shop/dogs/dog_clothing","pictureFile":"Dog_Clothing_1000x1000_1.jpg","specials":[],"title":"Dog Clothing","type":"ANIMAL","whitespaceAfter":0,"highlighted":false,"active":false},{"animalType":"DOGS","children":[],"description":"Dog Agility Equipment \u0026 Accessories","extId":107869,"fullDescription":null,"level":3,"metaCanonical":null,"metaDescription":null,"metaKeywords":null,"metaPageTitle":null,"metaRobots":null,"path":"/shop/dogs/agility_training","pictureFile":"Dog_Sport_1000x1000_1.jpg","specials":[],"title":"Dog Agility \u0026 Training Accessories","type":"ANIMAL","whitespaceAfter":0,"highlighted":false,"active":false},{"animalType":"DOGS","children":[],"description":"Dog Breed-Specific Nutrition","extId":653341,"fullDescription":null,"level":3,"metaCanonical":null,"metaDescription":null,"metaKeywords":null,"metaPageTitle":null,"metaRobots":null,"path":"/shop/dogs/dog_breed","pictureFile":"Dog_Breed_1000x1000_2.jpg","specials":[],"title":"Dog Breed-Specific Nutrition","type":"ANIMAL","whitespaceAfter":0,"highlighted":false,"active":false},{"animalType":"DOGS","children":[],"description":"Puppy Products \u0026 Accessories","extId":46984,"fullDescription":null,"level":3,"metaCanonical":null,"metaDescription":null,"metaKeywords":null,"metaPageTitle":null,"metaRobots":null,"path":"/shop/dogs/puppy_products","pictureFile":"Puppy_Junior_1000x1000_1.jpg","specials":[],"title":"Puppy Products \u0026 Accessories","type":"ANIMAL","whitespaceAfter":0,"highlighted":false,"active":false},{"animalType":"DOGS","children":[],"description":"Senior Dog Food","extId":660173,"fullDescription":null,"level":3,"metaCanonical":null,"metaDescription":null,"metaKeywords":null,"metaPageTitle":null,"metaRobots":null,"path":"/shop/dogs/senior_products","pictureFile":"Dog_senior_1000x1000px_8.jpg","specials":[],"title":"Senior Dog Food","type":"ANIMAL","whitespaceAfter":0,"highlighted":false,"active":false}],"description":"Dog Food \u0026 Dog Supplies \u0026 Accessories","extId":3317,"fullDescription":null,"level":2,"metaCanonical":null,"metaDescription":null,"metaKeywords":null,"metaPageTitle":null,"metaRobots":null,"path":"/shop/dogs","pictureFile":"Dog_adult_1000x1000px_1.jpg","specials":[{"animalType":"DOGS","children":[],"description":"Special Offers: Dog Supplies","extId":4908,"fullDescription":null,"level":4,"metaCanonical":null,"metaDescription":null,"metaKeywords":null,"metaPageTitle":null,"metaRobots":null,"path":"/specials/dogs/special_offers/food/34874","pictureFile":"General_zooplus_D_1000x1000_3.jpg","specials":[],"title":"Dog Special Offers","type":"SPECIAL_OFFERS","whitespaceAfter":0,"highlighted":false,"active":false},{"animalType":"DOGS","children":[],"description":"Dog  Food \u0026 Snacks Trial Packs","extId":80010,"fullDescription":null,"level":3,"metaCanonical":null,"metaDescription":null,"metaKeywords":null,"metaPageTitle":null,"metaRobots":null,"path":"/specials/dogs/trial_specials","pictureFile":"Trialpacks_Dry_D_1000x1000_3.jpg","specials":[],"title":"Dog Trial Packs","type":"TRIAL_OFFERS","whitespaceAfter":0,"highlighted":false,"active":false},{"animalType":"DOGS","children":[],"description":"Dog Supplies – New \u0026 Seasonal Products","extId":4906,"fullDescription":null,"level":3,"metaCanonical":null,"metaDescription":null,"metaKeywords":null,"metaPageTitle":null,"metaRobots":null,"path":"/specials/dogs/new_products","pictureFile":"NewProducts_D_1000x1000_INT_7.jpg","specials":[],"title":"New \u0026 Seasonal Products","type":"NEW_PRODUCTS","whitespaceAfter":0,"highlighted":false,"active":false}],"title":"Dog","type":"ANIMAL","whitespaceAfter":0,"highlighted":false,"active":false},{"animalType":"CATS","children":[{"animalType":"CATS","children":[{"animalType":"CATS","children":[],"description":"Concept for Life Dry Cat Food","extId":213972,"fullDescription":null,"level":4,"metaCanonical":null,"metaDescription":null,"metaKeywords":null,"metaPageTitle":null,"metaRobots":null,"path":"/shop/cats/dry_cat_food/concept_for_life_cat_dry","pictureFile":null,"specials":[],"title":"Concept for Life","type":"ANIMAL","whitespaceAfter":0,"highlighted":false,"active":false},{"animalType":"CATS","children":[],"description":"Hill's Feline Prescription Diet Cat Food","extId":34642,"fullDescription":null,"level":4,"metaCanonical":null,"metaDescription":null,"metaKeywords":null,"metaPageTitle":null,"metaRobots":null,"path":"/shop/cats/dry_cat_food/hills_prescription","pictureFile":null,"specials":[],"title":"Hill's Prescription Diet","type":"ANIMAL","whitespaceAfter":0,"highlighted":false,"active":false},{"animalType":"CATS","children":[],"description":"Hill's Science Plan Dry Cat Food","extId":3404,"fullDescription":null,"level":4,"metaCanonical":null,"metaDescription":null,"metaKeywords":null,"metaPageTitle":null,"metaRobots":null,"path":"/shop/cats/dry_cat_food/hills_feline","pictureFile":null,"specials":[],"title":"Hill's Science Plan","type":"ANIMAL","whitespaceAfter":0,"highlighted":false,"active":false},{"animalType":"CATS","children":[],"description":"IAMS Cat Food","extId":3341,"fullDescription":null,"level":4,"metaCanonical":null,"metaDescription":null,"metaKeywords":null,"metaPageTitle":null,"metaRobots":null,"path":"/shop/cats/dry_cat_food/iams","pictureFile":null,"specials":[],"title":"IAMS","type":"ANIMAL","whitespaceAfter":0,"highlighted":false,"active":false},{"animalType":"CATS","children":[],"description":"James Wellbeloved Dry Cat Food","extId":17626,"fullDescription":null,"level":4,"metaCanonical":null,"metaDescription":null,"metaKeywords":null,"metaPageTitle":null,"metaRobots":null,"path":"/shop/cats/dry_cat_food/wellbeloved_catfood","pictureFile":null,"specials":[],"title":"James Wellbeloved","type":"ANIMAL","whitespaceAfter":0,"highlighted":false,"active":false},{"animalType":"CATS","children":[],"description":"Purina ONE Cat Food","extId":43301,"fullDescription":null,"level":4,"metaCanonical":null,"metaDescription":null,"metaKeywords":null,"metaPageTitle":null,"metaRobots":null,"path":"/shop/cats/dry_cat_food/purina_one","pictureFile":null,"specials":[],"title":"Purina ONE","type":"ANIMAL","whitespaceAfter":0,"highlighted":false,"active":false},{"animalType":"CATS","children":[],"description":"Purina Veterinary Diets Dry Cat Food","extId":256549,"fullDescription":null,"level":4,"metaCanonical":null,"metaDescription":null,"metaKeywords":null,"metaPageTitle":null,"metaRobots":null,"path":"/shop/cats/dry_cat_food/purina_veterinary_diets","pictureFile":null,"specials":[],"title":"PRO PLAN Veterinary Diets","type":"ANIMAL","whitespaceAfter":0,"highlighted":false,"active":false},{"animalType":"CATS","children":[],"description":"Purizon Dry Cat Food","extId":90800,"fullDescription":null,"level":4,"metaCanonical":null,"metaDescription":null,"metaKeywords":null,"metaPageTitle":null,"metaRobots":null,"path":"/shop/cats/dry_cat_food/purizon","pictureFile":null,"specials":[],"title":"Purizon","type":"ANIMAL","whitespaceAfter":0,"highlighted":false,"active":false},{"animalType":"CATS","children":[],"description":"Rosie's Farm Dry Cat Food","extId":515670,"fullDescription":null,"level":4,"metaCanonical":null,"metaDescription":null,"metaKeywords":null,"metaPageTitle":null,"metaRobots":null,"path":"/shop/cats/dry_cat_food/rosies_farm","pictureFile":null,"specials":[],"title":"Rosie's Farm","type":"ANIMAL","whitespaceAfter":0,"highlighted":false,"active":false},{"animalType":"CATS","children":[],"description":"Royal Canin Dry Cat Food","extId":3398,"fullDescription":null,"level":4,"metaCanonical":null,"metaDescription":null,"metaKeywords":null,"metaPageTitle":null,"metaRobots":null,"path":"/shop/cats/dry_cat_food/royal_canin","pictureFile":null,"specials":[],"title":"Royal Canin","type":"ANIMAL","whitespaceAfter":0,"highlighted":false,"active":false},{"animalType":"CATS","children":[],"description":"Royal Canin Veterinary Dry Cat Food","extId":85520,"fullDescription":null,"level":4,"metaCanonical":null,"metaDescription":null,"metaKeywords":null,"metaPageTitle":null,"metaRobots":null,"path":"/shop/cats/dry_cat_food/royal_canin_feline_vet_diet","pictureFile":null,"specials":[],"title":"Royal Canin Veterinary ","type":"ANIMAL","whitespaceAfter":0,"highlighted":false,"active":false},{"animalType":"CATS","children":[],"description":"Sanabelle Dry Cat Food","extId":3728,"fullDescription":null,"level":4,"metaCanonical":null,"metaDescription":null,"metaKeywords":null,"metaPageTitle":null,"metaRobots":null,"path":"/shop/cats/dry_cat_food/sanabelle","pictureFile":null,"specials":[],"title":"Sanabelle","type":"ANIMAL","whitespaceAfter":0,"highlighted":false,"active":false},{"animalType":"CATS","children":[],"description":"Smilla Dry Cat Food","extId":6469,"fullDescription":null,"level":4,"metaCanonical":null,"metaDescription":null,"metaKeywords":null,"metaPageTitle":null,"metaRobots":null,"path":"/shop/cats/dry_cat_food/smilla","pictureFile":null,"specials":[],"title":"Smilla","type":"ANIMAL","whitespaceAfter":0,"highlighted":false,"active":false},{"animalType":"CATS","children":[],"description":"Wild Freedom Dry Cat Food","extId":290164,"fullDescription":null,"level":4,"metaCanonical":null,"metaDescription":null,"metaKeywords":null,"metaPageTitle":null,"metaRobots":null,"path":"/shop/cats/dry_cat_food/wild_freedom","pictureFile":null,"specials":[],"title":"Wild Freedom","type":"ANIMAL","whitespaceAfter":1,"highlighted":false,"active":false},{"animalType":"CATS","children":[],"description":"\u0026nbsp;","extId":682617,"fullDescription":null,"level":4,"metaCanonical":null,"metaDescription":null,"metaKeywords":null,"metaPageTitle":null,"metaRobots":null,"path":"/shop/cats/dry_cat_food/cosma","pictureFile":null,"specials":[],"title":"Cosma","type":"ANIMAL","whitespaceAfter":0,"highlighted":false,"active":false}],"description":"Dry Cat Food","extId":3325,"fullDescription":null,"level":3,"metaCanonical":null,"metaDescription":null,"metaKeywords":null,"metaPageTitle":null,"metaRobots":null,"path":"/shop/cats/dry_cat_food","pictureFile":"Cat_Dryfood_1000x1000_1.jpg","specials":[],"title":"Dry Cat Food","type":"ANIMAL","whitespaceAfter":0,"highlighted":false,"active":true},{"animalType":"CATS","children":[{"animalType":"CATS","children":[],"description":"animonda Carny Wet Cat Food","extId":37839,"fullDescription":null,"level":4,"metaCanonical":null,"metaDescription":null,"metaKeywords":null,"metaPageTitle":null,"metaRobots":null,"path":"/shop/cats/canned_cat_food_pouches/rafine","pictureFile":null,"specials":[],"title":"animonda Carny","type":"ANIMAL","whitespaceAfter":0,"highlighted":false,"active":false},{"animalType":"CATS","children":[],"description":"Applaws Wet Cat Food","extId":13334,"fullDescription":null,"level":4,"metaCanonical":null,"metaDescription":null,"metaKeywords":null,"metaPageTitle":null,"metaRobots":null,"path":"/shop/cats/canned_cat_food_pouches/applaws","pictureFile":null,"specials":[],"title":"Applaws","type":"ANIMAL","whitespaceAfter":0,"highlighted":false,"active":false},{"animalType":"CATS","children":[],"description":"Bozita Wet Cat Food","extId":9418,"fullDescription":null,"level":4,"metaCanonical":null,"metaDescription":null,"metaKeywords":null,"metaPageTitle":null,"metaRobots":null,"path":"/shop/cats/canned_cat_food_pouches/bozita","pictureFile":null,"specials":[],"title":"Bozita","type":"ANIMAL","whitespaceAfter":0,"highlighted":false,"active":false},{"animalType":"CATS","children":[],"description":"Cosma Wet Cat Food","extId":3345,"fullDescription":null,"level":4,"metaCanonical":null,"metaDescription":null,"metaKeywords":null,"metaPageTitle":null,"metaRobots":null,"path":"/shop/cats/canned_cat_food_pouches/cosma","pictureFile":null,"specials":[],"title":"Cosma","type":"ANIMAL","whitespaceAfter":0,"highlighted":false,"active":false},{"animalType":"CATS","children":[],"description":"Felix Wet Cat Food","extId":4853,"fullDescription":null,"level":4,"metaCanonical":null,"metaDescription":null,"metaKeywords":null,"metaPageTitle":null,"metaRobots":null,"path":"/shop/cats/canned_cat_food_pouches/felix","pictureFile":null,"specials":[],"title":"Felix","type":"ANIMAL","whitespaceAfter":0,"highlighted":false,"active":false},{"animalType":"CATS","children":[],"description":"Feringa Wet Cat Food","extId":89312,"fullDescription":null,"level":4,"metaCanonical":null,"metaDescription":null,"metaKeywords":null,"metaPageTitle":null,"metaRobots":null,"path":"/shop/cats/canned_cat_food_pouches/feringa_wet_cat_food","pictureFile":null,"specials":[],"title":"Feringa","type":"ANIMAL","whitespaceAfter":0,"highlighted":false,"active":false},{"animalType":"CATS","children":[],"description":"Gourmet Gold Wet Cat Food","extId":15593,"fullDescription":null,"level":4,"metaCanonical":null,"metaDescription":null,"metaKeywords":null,"metaPageTitle":null,"metaRobots":null,"path":"/shop/cats/canned_cat_food_pouches/gourmet","pictureFile":null,"specials":[],"title":"Gourmet Gold","type":"ANIMAL","whitespaceAfter":0,"highlighted":false,"active":false},{"animalType":"CATS","children":[],"description":"Perle / Mon Petit / Nature's Creations","extId":272806,"fullDescription":null,"level":4,"metaCanonical":null,"metaDescription":null,"metaKeywords":null,"metaPageTitle":null,"metaRobots":null,"path":"/shop/cats/canned_cat_food_pouches/gourmet_wet","pictureFile":null,"specials":[],"title":"Gourmet Perle/Mon Petit/Nature's Creations","type":"ANIMAL","whitespaceAfter":0,"highlighted":false,"active":false},{"animalType":"CATS","children":[],"description":"Hill's Prescription Diet Wet Cat Food","extId":40112,"fullDescription":null,"level":4,"metaCanonical":null,"metaDescription":null,"metaKeywords":null,"metaPageTitle":null,"metaRobots":null,"path":"/shop/cats/canned_cat_food_pouches/hills_prescription","pictureFile":null,"specials":[],"title":"Hill's Prescription Diet","type":"ANIMAL","whitespaceAfter":0,"highlighted":false,"active":false},{"animalType":"CATS","children":[],"description":"Rosie's Farm Wet Cat Food","extId":366027,"fullDescription":null,"level":4,"metaCanonical":null,"metaDescription":null,"metaKeywords":null,"metaPageTitle":null,"metaRobots":null,"path":"/shop/cats/canned_cat_food_pouches/rosies_farm","pictureFile":null,"specials":[],"title":"Rosie's Farm","type":"ANIMAL","whitespaceAfter":0,"highlighted":false,"active":false},{"animalType":"CATS","children":[],"description":"Royal Canin Wet Cat Food","extId":23007,"fullDescription":null,"level":4,"metaCanonical":null,"metaDescription":null,"metaKeywords":null,"metaPageTitle":null,"metaRobots":null,"path":"/shop/cats/canned_cat_food_pouches/royal_canin_cat_food","pictureFile":null,"specials":[],"title":"Royal Canin","type":"ANIMAL","whitespaceAfter":0,"highlighted":false,"active":false},{"animalType":"CATS","children":[],"description":"Royal Canin Veterinary Wet Cat Food","extId":217599,"fullDescription":null,"level":4,"metaCanonical":null,"metaDescription":null,"metaKeywords":null,"metaPageTitle":null,"metaRobots":null,"path":"/shop/cats/canned_cat_food_pouches/royal_canin_vet_diet_wet_cat","pictureFile":null,"specials":[],"title":"Royal Canin Veterinary","type":"ANIMAL","whitespaceAfter":0,"highlighted":false,"active":false},{"animalType":"CATS","children":[],"description":"Whiskas Wet Cat Food","extId":3369,"fullDescription":null,"level":4,"metaCanonical":null,"metaDescription":null,"metaKeywords":null,"metaPageTitle":null,"metaRobots":null,"path":"/shop/cats/canned_cat_food_pouches/whiskas","pictureFile":"whiskas_logo_1.gif","specials":[],"title":"Whiskas","type":"ANIMAL","whitespaceAfter":0,"highlighted":false,"active":false},{"animalType":"CATS","children":[],"description":"Wild Freedom Wet Cat Food","extId":295140,"fullDescription":null,"level":4,"metaCanonical":null,"metaDescription":null,"metaKeywords":null,"metaPageTitle":null,"metaRobots":null,"path":"/shop/cats/canned_cat_food_pouches/wild_freedom_wet","pictureFile":null,"specials":[],"title":"Wild Freedom","type":"ANIMAL","whitespaceAfter":0,"highlighted":false,"active":false}],"description":"Wet Cat Food - Cans, Pouches and Trays","extId":3335,"fullDescription":null,"level":3,"metaCanonical":null,"metaDescription":null,"metaKeywords":null,"metaPageTitle":null,"metaRobots":null,"path":"/shop/cats/canned_cat_food_pouches","pictureFile":"Cat_Wetfood_1000x1000_1.jpg","specials":[],"title":"Wet Cat Food","type":"ANIMAL","whitespaceAfter":0,"highlighted":false,"active":false},{"animalType":"CATS","children":[],"description":"Cat Litter","extId":6465,"fullDescription":null,"level":3,"metaCanonical":null,"metaDescription":null,"metaKeywords":null,"metaPageTitle":null,"metaRobots":null,"path":"/shop/cats/cat_litter","pictureFile":"Cat_Litter_1000x1000_4.jpg","specials":[],"title":"Cat Litter","type":"ANIMAL","whitespaceAfter":0,"highlighted":false,"active":false},{"animalType":"CATS","children":[],"description":"Cat Flea, Tick \u0026 Wormer Treatments","extId":274669,"fullDescription":null,"level":3,"metaCanonical":null,"metaDescription":null,"metaKeywords":null,"metaPageTitle":null,"metaRobots":null,"path":"/shop/cats/cat_flea_tick_treatments","pictureFile":"Antiparasitic_Img_Comb_Tweezer_1000x1000_1.jpg","specials":[],"title":"Cat Flea, Tick \u0026 Wormer Treatments","type":"ANIMAL","whitespaceAfter":0,"highlighted":false,"active":false},{"animalType":"CATS","children":[],"description":"Cat Litter Boxes \u0026 Litter Trays","extId":3438,"fullDescription":null,"level":3,"metaCanonical":null,"metaDescription":null,"metaKeywords":null,"metaPageTitle":null,"metaRobots":null,"path":"/shop/cats/cat_litter_litter_boxes","pictureFile":"Cat_Toilet_1000x1000_1.jpg","specials":[],"title":"Cat Litter Boxes \u0026 Litter Trays","type":"ANIMAL","whitespaceAfter":0,"highlighted":false,"active":false},{"animalType":"CATS","children":[],"description":"Cat Trees \u0026 Scratching Posts","extId":3419,"fullDescription":null,"level":3,"metaCanonical":null,"metaDescription":null,"metaKeywords":null,"metaPageTitle":null,"metaRobots":null,"path":"/shop/cats/scratching_posts","pictureFile":"Cat_Scratchtree_1000x1000_1.jpg","specials":[],"title":"Cat Trees \u0026 Cat Scratching Posts","type":"ANIMAL","whitespaceAfter":0,"highlighted":false,"active":false},{"animalType":"CATS","children":[],"description":"Cat Treats","extId":10799,"fullDescription":null,"level":3,"metaCanonical":null,"metaDescription":null,"metaKeywords":null,"metaPageTitle":null,"metaRobots":null,"path":"/shop/cats/cat_treats_catnip","pictureFile":"Cat_Snacks_1000x1000_1.jpg","specials":[],"title":"Cat Treats","type":"ANIMAL","whitespaceAfter":0,"highlighted":false,"active":false},{"animalType":"CATS","children":[],"description":"Cat Specialist Diets \u0026 Supplements","extId":10798,"fullDescription":null,"level":3,"metaCanonical":null,"metaDescription":null,"metaKeywords":null,"metaPageTitle":null,"metaRobots":null,"path":"/shop/cats/supplements_specialty_cat_food","pictureFile":"Cat_Supplements_SpecialDiet_1000x1000_1.jpg","specials":[],"title":"Cat Specialist Diets \u0026 Supplements","type":"ANIMAL","whitespaceAfter":0,"highlighted":false,"active":false},{"animalType":"CATS","children":[],"description":"Feliway \u0026 Care","extId":50958,"fullDescription":null,"level":3,"metaCanonical":null,"metaDescription":null,"metaKeywords":null,"metaPageTitle":null,"metaRobots":null,"path":"/shop/cats/cat_health","pictureFile":"Cat_Grooming_Care_1000x1000_UK_2.jpg","specials":[],"title":"Feliway \u0026 Care","type":"ANIMAL","whitespaceAfter":0,"highlighted":false,"active":false},{"animalType":"CATS","children":[],"description":"Cat Beds \u0026 Cat Baskets","extId":3422,"fullDescription":null,"level":3,"metaCanonical":null,"metaDescription":null,"metaKeywords":null,"metaPageTitle":null,"metaRobots":null,"path":"/shop/cats/cat_beds_baskets","pictureFile":"Cat_Beds_1000x1000_1.jpg","specials":[],"title":"Cat Beds \u0026 Cat Baskets","type":"ANIMAL","whitespaceAfter":0,"highlighted":false,"active":false},{"animalType":"CATS","children":[],"description":"Cat Flaps \u0026 Nets","extId":10800,"fullDescription":null,"level":3,"metaCanonical":null,"metaDescription":null,"metaKeywords":null,"metaPageTitle":null,"metaRobots":null,"path":"/shop/cats/cat_flaps_nets","pictureFile":"Cat_Flaps_1000x1000px_1.jpg","specials":[],"title":"Cat Flaps \u0026 Nets","type":"ANIMAL","whitespaceAfter":0,"highlighted":false,"active":false},{"animalType":"CATS","children":[],"description":"Cat Toys","extId":3372,"fullDescription":null,"level":3,"metaCanonical":null,"metaDescription":null,"metaKeywords":null,"metaPageTitle":null,"metaRobots":null,"path":"/shop/cats/cat_toys","pictureFile":"Cat_Toys_1000x1000_1.jpg","specials":[],"title":"Cat Toys","type":"ANIMAL","whitespaceAfter":0,"highlighted":false,"active":false},{"animalType":"CATS","children":[],"description":"Cat Bowls \u0026 Cat Fountains","extId":3424,"fullDescription":null,"level":3,"metaCanonical":null,"metaDescription":null,"metaKeywords":null,"metaPageTitle":null,"metaRobots":null,"path":"/shop/cats/cat_bowls_feeders","pictureFile":"Cat_Bowls_1000x1000_1.jpg","specials":[],"title":"Cat Bowls \u0026 Cat Fountains","type":"ANIMAL","whitespaceAfter":0,"highlighted":false,"active":false},{"animalType":"CATS","children":[],"description":"Cat Carriers \u0026 Transport","extId":10801,"fullDescription":null,"level":3,"metaCanonical":null,"metaDescription":null,"metaKeywords":null,"metaPageTitle":null,"metaRobots":null,"path":"/shop/cats/cat_carriers_travel","pictureFile":"Cat_Transport_1000x1000_1.jpg","specials":[],"title":"Cat Carriers \u0026 Transport","type":"ANIMAL","whitespaceAfter":0,"highlighted":false,"active":false},{"animalType":"CATS","children":[],"description":"Cat Breed-Specific Nutrition","extId":653189,"fullDescription":null,"level":3,"metaCanonical":null,"metaDescription":null,"metaKeywords":null,"metaPageTitle":null,"metaRobots":null,"path":"/shop/cats/cat_breed","pictureFile":"Katzenrasse_1.png","specials":[],"title":"Cat Breed-Specific Nutrition","type":"ANIMAL","whitespaceAfter":0,"highlighted":false,"active":false},{"animalType":"CATS","children":[],"description":"Kitten Supplies \u0026 Accessories","extId":47584,"fullDescription":null,"level":3,"metaCanonical":null,"metaDescription":null,"metaKeywords":null,"metaPageTitle":null,"metaRobots":null,"path":"/shop/cats/kitten_products","pictureFile":"Cat_Kitten_General_1000x1000_1.jpg","specials":[],"title":"Kitten Supplies \u0026 Accessories","type":"ANIMAL","whitespaceAfter":0,"highlighted":false,"active":false},{"animalType":"CATS","children":[],"description":"Senior Cat Food","extId":661230,"fullDescription":null,"level":3,"metaCanonical":null,"metaDescription":null,"metaKeywords":null,"metaPageTitle":null,"metaRobots":null,"path":"/shop/cats/senior_products","pictureFile":"Cat_Senior_1000x1000_2.jpg","specials":[],"title":"Senior Cat Food","type":"ANIMAL","whitespaceAfter":0,"highlighted":false,"active":false}],"description":"Cat Shop: Cat Supplies \u0026 Cat Accessories","extId":3316,"fullDescription":null,"level":2,"metaCanonical":null,"metaDescription":null,"metaKeywords":null,"metaPageTitle":null,"metaRobots":null,"path":"/shop/cats","pictureFile":"Cat_Breed_MaineCoon_1000x1000_2.jpg","specials":[{"animalType":"CATS","children":[],"description":"Special Offers: Cat Supplies","extId":4909,"fullDescription":null,"level":4,"metaCanonical":null,"metaDescription":null,"metaKeywords":null,"metaPageTitle":null,"metaRobots":null,"path":"/specials/cats/special_offers/cat_trees_/34883","pictureFile":"General_zooplus_C_1000x1000_4.jpg","specials":[],"title":"Cat Special Offers","type":"SPECIAL_OFFERS","whitespaceAfter":0,"highlighted":false,"active":false},{"animalType":"CATS","children":[],"description":"Cat Food Trial Packs","extId":80070,"fullDescription":null,"level":3,"metaCanonical":null,"metaDescription":null,"metaKeywords":null,"metaPageTitle":null,"metaRobots":null,"path":"/specials/cats/trial_specials","pictureFile":"Trialpacks_Dry_C_1000x1000_2.jpg","specials":[],"title":"Cat Trial Packs","type":"TRIAL_OFFERS","whitespaceAfter":0,"highlighted":false,"active":false},{"animalType":"CATS","children":[],"description":"Cat Supplies – New \u0026 Seasonal Products","extId":4910,"fullDescription":null,"level":3,"metaCanonical":null,"metaDescription":null,"metaKeywords":null,"metaPageTitle":null,"metaRobots":null,"path":"/specials/cats/new_products","pictureFile":"NewProducts_C_1000x1000_INT_7.jpg","specials":[],"title":"New \u0026 Seasonal Products","type":"NEW_PRODUCTS","whitespaceAfter":0,"highlighted":false,"active":false}],"title":"Cat","type":"ANIMAL","whitespaceAfter":0,"highlighted":false,"active":true},{"animalType":"RODENTS","children":[{"animalType":"RODENTS","children":[{"animalType":"RODENTS","children":[],"description":"All Small Pet Cages","extId":510755,"fullDescription":null,"level":4,"metaCanonical":null,"metaDescription":null,"metaKeywords":null,"metaPageTitle":null,"metaRobots":null,"path":"/shop/small_pets/hutches_cages/all_cages","pictureFile":null,"specials":[],"title":"All Small Pet Cages","type":"ANIMAL","whitespaceAfter":0,"highlighted":false,"active":false},{"animalType":"RODENTS","children":[],"description":"Indoor Rabbit Cages","extId":3397,"fullDescription":null,"level":4,"metaCanonical":null,"metaDescription":null,"metaKeywords":null,"metaPageTitle":null,"metaRobots":null,"path":"/shop/small_pets/hutches_cages/rabbit_cage","pictureFile":null,"specials":[],"title":"Indoor Rabbit Cages","type":"ANIMAL","whitespaceAfter":0,"highlighted":false,"active":false},{"animalType":"RODENTS","children":[],"description":"Hamster Cages","extId":6536,"fullDescription":null,"level":4,"metaCanonical":null,"metaDescription":null,"metaKeywords":null,"metaPageTitle":null,"metaRobots":null,"path":"/shop/small_pets/hutches_cages/hamster_cages","pictureFile":null,"specials":[],"title":"Hamster Cages","type":"ANIMAL","whitespaceAfter":0,"highlighted":false,"active":false},{"animalType":"RODENTS","children":[],"description":"Guinea Pig Cages","extId":6535,"fullDescription":null,"level":4,"metaCanonical":null,"metaDescription":null,"metaKeywords":null,"metaPageTitle":null,"metaRobots":null,"path":"/shop/small_pets/hutches_cages/guinea_pig_cages","pictureFile":null,"specials":[],"title":"Guinea Pig Cages","type":"ANIMAL","whitespaceAfter":0,"highlighted":false,"active":false},{"animalType":"RODENTS","children":[],"description":"Gerbil Cages","extId":177428,"fullDescription":null,"level":4,"metaCanonical":null,"metaDescription":null,"metaKeywords":null,"metaPageTitle":null,"metaRobots":null,"path":"/shop/small_pets/hutches_cages/gerbils_cages","pictureFile":null,"specials":[],"title":"Gerbil Cages","type":"ANIMAL","whitespaceAfter":0,"highlighted":false,"active":false},{"animalType":"RODENTS","children":[],"description":"Ferret Cages","extId":3395,"fullDescription":null,"level":4,"metaCanonical":null,"metaDescription":null,"metaKeywords":null,"metaPageTitle":null,"metaRobots":null,"path":"/shop/small_pets/hutches_cages/ferret_cage","pictureFile":null,"specials":[],"title":"Ferret Cages","type":"ANIMAL","whitespaceAfter":0,"highlighted":false,"active":false},{"animalType":"RODENTS","children":[],"description":"Rat Cages","extId":3377,"fullDescription":null,"level":4,"metaCanonical":null,"metaDescription":null,"metaKeywords":null,"metaPageTitle":null,"metaRobots":null,"path":"/shop/small_pets/hutches_cages/rat_cage","pictureFile":null,"specials":[],"title":"Rat Cages","type":"ANIMAL","whitespaceAfter":0,"highlighted":false,"active":false},{"animalType":"RODENTS","children":[],"description":"Ferplast Cages - Small Pets","extId":73867,"fullDescription":null,"level":4,"metaCanonical":null,"metaDescription":null,"metaKeywords":null,"metaPageTitle":null,"metaRobots":null,"path":"/shop/small_pets/hutches_cages/ferplast_cages","pictureFile":null,"specials":[],"title":"Ferplast","type":"ANIMAL","whitespaceAfter":0,"highlighted":false,"active":false},{"animalType":"RODENTS","children":[],"description":"Savic Cages- Small Pets","extId":73869,"fullDescription":null,"level":4,"metaCanonical":null,"metaDescription":null,"metaKeywords":null,"metaPageTitle":null,"metaRobots":null,"path":"/shop/small_pets/hutches_cages/savic_cages","pictureFile":null,"specials":[],"title":"Savic","type":"ANIMAL","whitespaceAfter":0,"highlighted":false,"active":false},{"animalType":"RODENTS","children":[],"description":"Skyline Cages - Small Pets","extId":96223,"fullDescription":null,"level":4,"metaCanonical":null,"metaDescription":null,"metaKeywords":null,"metaPageTitle":null,"metaRobots":null,"path":"/shop/small_pets/hutches_cages/skyline","pictureFile":null,"specials":[],"title":"Skyline","type":"ANIMAL","whitespaceAfter":0,"highlighted":false,"active":false}],"description":"Small Pet Cages","extId":3323,"fullDescription":null,"level":3,"metaCanonical":null,"metaDescription":null,"metaKeywords":null,"metaPageTitle":null,"metaRobots":null,"path":"/shop/small_pets/hutches_cages","pictureFile":"2017_07_SmallPetCages_1000x1000_2_1.jpg","specials":[],"title":"Small Pet Cages","type":"ANIMAL","whitespaceAfter":0,"highlighted":false,"active":false},{"animalType":"RODENTS","children":[{"animalType":"RODENTS","children":[],"description":"All Cage Accessories","extId":511818,"fullDescription":null,"level":4,"metaCanonical":null,"metaDescription":null,"metaKeywords":null,"metaPageTitle":null,"metaRobots":null,"path":"/shop/small_pets/accessories/all_cage_accessories","pictureFile":null,"specials":[],"title":"All Cage Accessories","type":"ANIMAL","whitespaceAfter":0,"highlighted":false,"active":false},{"animalType":"RODENTS","children":[],"description":"Tunnels \u0026 Dens for Small Pets Cages","extId":4924,"fullDescription":null,"level":4,"metaCanonical":null,"metaDescription":null,"metaKeywords":null,"metaPageTitle":null,"metaRobots":null,"path":"/shop/small_pets/accessories/tunnels","pictureFile":null,"specials":[],"title":"Tunnels \u0026 Dens","type":"ANIMAL","whitespaceAfter":0,"highlighted":false,"active":false},{"animalType":"RODENTS","children":[],"description":"Bridges \u0026 Stairs for Small Pets Cages","extId":3415,"fullDescription":null,"level":4,"metaCanonical":null,"metaDescription":null,"metaKeywords":null,"metaPageTitle":null,"metaRobots":null,"path":"/shop/small_pets/accessories/bridges_stairs","pictureFile":null,"specials":[],"title":"Bridges \u0026 Stairs","type":"ANIMAL","whitespaceAfter":0,"highlighted":false,"active":false},{"animalType":"RODENTS","children":[],"description":"Exercise Wheels for Small Pets Cages","extId":7822,"fullDescription":null,"level":4,"metaCanonical":null,"metaDescription":null,"metaKeywords":null,"metaPageTitle":null,"metaRobots":null,"path":"/shop/small_pets/accessories/exercise_wheels","pictureFile":null,"specials":[],"title":"Exercise Wheels","type":"ANIMAL","whitespaceAfter":0,"highlighted":false,"active":false},{"animalType":"RODENTS","children":[],"description":"Cabins \u0026 Houses for Small Pets Cages","extId":3355,"fullDescription":null,"level":4,"metaCanonical":null,"metaDescription":null,"metaKeywords":null,"metaPageTitle":null,"metaRobots":null,"path":"/shop/small_pets/accessories/cabins","pictureFile":null,"specials":[],"title":"Cabins \u0026 Houses","type":"ANIMAL","whitespaceAfter":1,"highlighted":false,"active":false}],"description":"Small Pets Cage Accessories","extId":3324,"fullDescription":null,"level":3,"metaCanonical":null,"metaDescription":null,"metaKeywords":null,"metaPageTitle":null,"metaRobots":null,"path":"/shop/small_pets/accessories","pictureFile":"2017_07_CageAccessories_1000x1000_1.jpg","specials":[],"title":"Cage Accessories","type":"ANIMAL","whitespaceAfter":0,"highlighted":false,"active":false},{"animalType":"RODENTS","children":[],"description":"Small Pet Food","extId":3322,"fullDescription":null,"level":3,"metaCanonical":null,"metaDescription":null,"metaKeywords":null,"metaPageTitle":null,"metaRobots":null,"path":"/shop/small_pets/food","pictureFile":"2017_07_SmallPetFood_1000x1000_1.jpg","specials":[],"title":"Small Pet Food","type":"ANIMAL","whitespaceAfter":0,"highlighted":false,"active":false},{"animalType":"RODENTS","children":[],"description":"Straw \u0026 Bedding for Small Pets","extId":52601,"fullDescription":null,"level":3,"metaCanonical":null,"metaDescription":null,"metaKeywords":null,"metaPageTitle":null,"metaRobots":null,"path":"/shop/small_pets/hay_and_bedding","pictureFile":"2017_07_StrawBedding_1000x1000_2.jpg","specials":[],"title":"Straw \u0026 Bedding","type":"ANIMAL","whitespaceAfter":0,"highlighted":false,"active":false},{"animalType":"RODENTS","children":[],"description":"Runs \u0026 Enclosures - Rabbit and Small Pet","extId":73298,"fullDescription":null,"level":3,"metaCanonical":null,"metaDescription":null,"metaKeywords":null,"metaPageTitle":null,"metaRobots":null,"path":"/shop/small_pets/runs_fencing","pictureFile":"2017_07_RunsEnclosures_1000x1000_1.jpg","specials":[],"title":"Runs \u0026 Enclosures","type":"ANIMAL","whitespaceAfter":0,"highlighted":false,"active":false},{"animalType":"RODENTS","children":[],"description":"Care \u0026 Grooming for Small Pets","extId":3411,"fullDescription":null,"level":3,"metaCanonical":null,"metaDescription":null,"metaKeywords":null,"metaPageTitle":null,"metaRobots":null,"path":"/shop/small_pets/care_grooming","pictureFile":"2017_07_CareGrooming_1000x1000_1.jpg","specials":[],"title":"Care \u0026 Grooming","type":"ANIMAL","whitespaceAfter":0,"highlighted":false,"active":false},{"animalType":"RODENTS","children":[],"description":"Toys \u0026 Travel - Rabbits and Small Pets","extId":10802,"fullDescription":null,"level":3,"metaCanonical":null,"metaDescription":null,"metaKeywords":null,"metaPageTitle":null,"metaRobots":null,"path":"/shop/small_pets/toys_transport","pictureFile":"2017_07_ToysTravel_1000x1000_1.jpg","specials":[],"title":"Toys \u0026 Travel","type":"ANIMAL","whitespaceAfter":0,"highlighted":false,"active":false},{"animalType":"RODENTS","children":[],"description":"Small Pet Hutches","extId":73673,"fullDescription":null,"level":3,"metaCanonical":null,"metaDescription":null,"metaKeywords":null,"metaPageTitle":null,"metaRobots":null,"path":"/shop/small_pets/hutches","pictureFile":"2017_07_HutchesRabbitGuineaPig_1000x1000_1.jpg","specials":[],"title":"Small Pet Hutches","type":"ANIMAL","whitespaceAfter":1,"highlighted":false,"active":false},{"animalType":"RODENTS","children":[],"description":"Rabbit Food and Accessories","extId":303577,"fullDescription":null,"level":3,"metaCanonical":null,"metaDescription":null,"metaKeywords":null,"metaPageTitle":null,"metaRobots":null,"path":"/shop/small_pets/rabbits","pictureFile":"Rabbit_1000x1000_4.jpg","specials":[],"title":"Rabbit","type":"ANIMAL","whitespaceAfter":0,"highlighted":false,"active":false},{"animalType":"RODENTS","children":[],"description":"Guinea Pig Food and Accessories","extId":303586,"fullDescription":null,"level":3,"metaCanonical":null,"metaDescription":null,"metaKeywords":null,"metaPageTitle":null,"metaRobots":null,"path":"/shop/small_pets/guinea_pig","pictureFile":"GuineaPig_1000x1000_3.jpg","specials":[],"title":"Guinea Pig","type":"ANIMAL","whitespaceAfter":0,"highlighted":false,"active":false},{"animalType":"RODENTS","children":[],"description":"Hamster Food and Accessories","extId":303627,"fullDescription":null,"level":3,"metaCanonical":null,"metaDescription":null,"metaKeywords":null,"metaPageTitle":null,"metaRobots":null,"path":"/shop/small_pets/hamster","pictureFile":"Hamster_1000x1000_4.jpg","specials":[],"title":"Hamster","type":"ANIMAL","whitespaceAfter":0,"highlighted":false,"active":false},{"animalType":"RODENTS","children":[],"description":"Rat Food \u0026 Accessories","extId":303599,"fullDescription":null,"level":3,"metaCanonical":null,"metaDescription":null,"metaKeywords":null,"metaPageTitle":null,"metaRobots":null,"path":"/shop/small_pets/rat","pictureFile":"Rat_1000x1000_3.jpg","specials":[],"title":"Rat","type":"ANIMAL","whitespaceAfter":0,"highlighted":false,"active":false},{"animalType":"RODENTS","children":[],"description":"Mouse Food and Accessories","extId":303639,"fullDescription":null,"level":3,"metaCanonical":null,"metaDescription":null,"metaKeywords":null,"metaPageTitle":null,"metaRobots":null,"path":"/shop/small_pets/mouse","pictureFile":"Mouse_1000x1000_2.jpg","specials":[],"title":"Mouse","type":"ANIMAL","whitespaceAfter":0,"highlighted":false,"active":false},{"animalType":"RODENTS","children":[],"description":"Gerbil Food \u0026 Accessories","extId":303670,"fullDescription":null,"level":3,"metaCanonical":null,"metaDescription":null,"metaKeywords":null,"metaPageTitle":null,"metaRobots":null,"path":"/shop/small_pets/gerbil","pictureFile":"Gerbil_1000x1000_3.jpg","specials":[],"title":"Gerbil","type":"ANIMAL","whitespaceAfter":0,"highlighted":false,"active":false},{"animalType":"RODENTS","children":[],"description":"Degu Food and Accessories","extId":303655,"fullDescription":null,"level":3,"metaCanonical":null,"metaDescription":null,"metaKeywords":null,"metaPageTitle":null,"metaRobots":null,"path":"/shop/small_pets/degus","pictureFile":"Degu_1000x1000_3.jpg","specials":[],"title":"Degu","type":"ANIMAL","whitespaceAfter":0,"highlighted":false,"active":false},{"animalType":"RODENTS","children":[],"description":"Chinchilla Food and Accessories","extId":303695,"fullDescription":null,"level":3,"metaCanonical":null,"metaDescription":null,"metaKeywords":null,"metaPageTitle":null,"metaRobots":null,"path":"/shop/small_pets/chinchillas","pictureFile":"Chinchilla_1000x1000_3.jpg","specials":[],"title":"Chinchilla","type":"ANIMAL","whitespaceAfter":0,"highlighted":false,"active":false},{"animalType":"RODENTS","children":[],"description":"Ferret Food and Accessories","extId":303713,"fullDescription":null,"level":3,"metaCanonical":null,"metaDescription":null,"metaKeywords":null,"metaPageTitle":null,"metaRobots":null,"path":"/shop/small_pets/ferret","pictureFile":"Ferret_1000x1000_3.jpg","specials":[],"title":"Ferret","type":"ANIMAL","whitespaceAfter":0,"highlighted":false,"active":false}],"description":"Small Pets Supplies \u0026 Accessories","extId":3319,"fullDescription":null,"level":2,"metaCanonical":null,"metaDescription":null,"metaKeywords":null,"metaPageTitle":null,"metaRobots":null,"path":"/shop/small_pets","pictureFile":"Rodent_AllGoups_1000x1000_1.jpg","specials":[{"animalType":"RODENTS","children":[],"description":"Special Offers: Small Pet Supplies","extId":4914,"fullDescription":null,"level":4,"metaCanonical":null,"metaDescription":null,"metaKeywords":null,"metaPageTitle":null,"metaRobots":null,"path":"/specials/small_pets/special_offers/cages_and_pens/34887","pictureFile":"General_zooplus_S_1000x1000_3.jpg","specials":[],"title":"Small Pet Special Offers","type":"SPECIAL_OFFERS","whitespaceAfter":0,"highlighted":false,"active":false},{"animalType":"RODENTS","children":[],"description":"New Products: Small Animal Supplies","extId":4915,"fullDescription":null,"level":3,"metaCanonical":null,"metaDescription":null,"metaKeywords":null,"metaPageTitle":null,"metaRobots":null,"path":"/specials/small_pets/new_products","pictureFile":"NewProducts_S_1000x1000_INT_3.jpg","specials":[],"title":"Small Pet New Products","type":"NEW_PRODUCTS","whitespaceAfter":0,"highlighted":false,"active":false}],"title":"Small Pet","type":"ANIMAL","whitespaceAfter":0,"highlighted":false,"active":false},{"animalType":"BIRDS","children":[{"animalType":"BIRDS","children":[{"animalType":"BIRDS","children":[],"description":"All Bird Food","extId":509580,"fullDescription":null,"level":4,"metaCanonical":null,"metaDescription":null,"metaKeywords":null,"metaPageTitle":null,"metaRobots":null,"path":"/shop/birds/bird_food/all_products","pictureFile":null,"specials":[],"title":"All Bird Food","type":"ANIMAL","whitespaceAfter":0,"highlighted":false,"active":false},{"animalType":"BIRDS","children":[],"description":"Wild Bird Food","extId":38066,"fullDescription":null,"level":4,"metaCanonical":null,"metaDescription":null,"metaKeywords":null,"metaPageTitle":null,"metaRobots":null,"path":"/shop/birds/bird_food/wild_birds","pictureFile":null,"specials":[],"title":"Wild Bird Food","type":"ANIMAL","whitespaceAfter":0,"highlighted":false,"active":false},{"animalType":"BIRDS","children":[],"description":"Lillebro Wild Bird Food","extId":97735,"fullDescription":null,"level":4,"metaCanonical":null,"metaDescription":null,"metaKeywords":null,"metaPageTitle":null,"metaRobots":null,"path":"/shop/birds/bird_food/lillebro","pictureFile":null,"specials":[],"title":"Lillebro","type":"ANIMAL","whitespaceAfter":0,"highlighted":false,"active":false}],"description":"Bird Food","extId":3824,"fullDescription":null,"level":3,"metaCanonical":null,"metaDescription":null,"metaKeywords":null,"metaPageTitle":null,"metaRobots":null,"path":"/shop/birds/bird_food","pictureFile":"BirdFood_1000x1000px_1.jpg","specials":[],"title":"Bird Food","type":"ANIMAL","whitespaceAfter":0,"highlighted":false,"active":false},{"animalType":"BIRDS","children":[{"animalType":"BIRDS","children":[],"description":"All Bird Cages","extId":509965,"fullDescription":null,"level":4,"metaCanonical":null,"metaDescription":null,"metaKeywords":null,"metaPageTitle":null,"metaRobots":null,"path":"/shop/birds/bird_cages_and_accessories/all_cages","pictureFile":null,"specials":[],"title":"All Bird Cages","type":"ANIMAL","whitespaceAfter":0,"highlighted":false,"active":false},{"animalType":"BIRDS","children":[],"description":"Aviaries for birds","extId":8032,"fullDescription":null,"level":4,"metaCanonical":null,"metaDescription":null,"metaKeywords":null,"metaPageTitle":null,"metaRobots":null,"path":"/shop/birds/bird_cages_and_accessories/aviaries","pictureFile":null,"specials":[],"title":"Aviaries","type":"ANIMAL","whitespaceAfter":0,"highlighted":false,"active":false},{"animalType":"BIRDS","children":[],"description":"Budgie Cages","extId":3843,"fullDescription":null,"level":4,"metaCanonical":null,"metaDescription":null,"metaKeywords":null,"metaPageTitle":null,"metaRobots":null,"path":"/shop/birds/bird_cages_and_accessories/parakeet_cages","pictureFile":null,"specials":[],"title":"Budgie Cages","type":"ANIMAL","whitespaceAfter":0,"highlighted":false,"active":false},{"animalType":"BIRDS","children":[],"description":"Canary Cages","extId":3845,"fullDescription":null,"level":4,"metaCanonical":null,"metaDescription":null,"metaKeywords":null,"metaPageTitle":null,"metaRobots":null,"path":"/shop/birds/bird_cages_and_accessories/canary_cages","pictureFile":null,"specials":[],"title":"Canary Cages","type":"ANIMAL","whitespaceAfter":0,"highlighted":false,"active":false},{"animalType":"BIRDS","children":[],"description":"Ferplast Bird Cages","extId":97111,"fullDescription":null,"level":4,"metaCanonical":null,"metaDescription":null,"metaKeywords":null,"metaPageTitle":null,"metaRobots":null,"path":"/shop/birds/bird_cages_and_accessories/ferplast","pictureFile":null,"specials":[],"title":"Ferplast Bird Cages","type":"ANIMAL","whitespaceAfter":0,"highlighted":false,"active":false}],"description":"Bird Cages","extId":3842,"fullDescription":null,"level":3,"metaCanonical":null,"metaDescription":null,"metaKeywords":null,"metaPageTitle":null,"metaRobots":null,"path":"/shop/birds/bird_cages_and_accessories","pictureFile":"BirdcageAndAviary_1000x1000px_02_1.jpg","specials":[],"title":"Bird Cages","type":"ANIMAL","whitespaceAfter":0,"highlighted":false,"active":false},{"animalType":"BIRDS","children":[],"description":"Bird Cage Accessories","extId":3846,"fullDescription":null,"level":3,"metaCanonical":null,"metaDescription":null,"metaKeywords":null,"metaPageTitle":null,"metaRobots":null,"path":"/shop/birds/cage_accessories","pictureFile":"BirdAccessories_1000x1000px_01_1.jpg","specials":[],"title":"Bird Cage Accessories","type":"ANIMAL","whitespaceAfter":0,"highlighted":false,"active":false},{"animalType":"BIRDS","children":[],"description":"Bird Snacks \u0026 Crackers","extId":3830,"fullDescription":null,"level":3,"metaCanonical":null,"metaDescription":null,"metaKeywords":null,"metaPageTitle":null,"metaRobots":null,"path":"/shop/birds/snacks_and_supplements","pictureFile":"SnacksAndCrackers_1000x1000px_05_1.jpg","specials":[],"title":"Bird Snacks \u0026 Crackers","type":"ANIMAL","whitespaceAfter":0,"highlighted":false,"active":false},{"animalType":"BIRDS","children":[],"description":"Bird Toys","extId":3855,"fullDescription":null,"level":3,"metaCanonical":null,"metaDescription":null,"metaKeywords":null,"metaPageTitle":null,"metaRobots":null,"path":"/shop/birds/toys","pictureFile":"BirdToys_1000x1000px_01_1.jpg","specials":[],"title":"Bird Toys","type":"ANIMAL","whitespaceAfter":0,"highlighted":false,"active":false},{"animalType":"BIRDS","children":[],"description":"Bird Cage Bedding \u0026 Litter","extId":3849,"fullDescription":null,"level":3,"metaCanonical":null,"metaDescription":null,"metaKeywords":null,"metaPageTitle":null,"metaRobots":null,"path":"/shop/birds/bedding_and_litter","pictureFile":"LitterAndCare_1000x1000px_1.jpg","specials":[],"title":"Bird Cage Bedding \u0026 Litter","type":"ANIMAL","whitespaceAfter":0,"highlighted":false,"active":false},{"animalType":"BIRDS","children":[],"description":"Garden Birds \u0026 Wildlife Food","extId":31435,"fullDescription":null,"level":3,"metaCanonical":null,"metaDescription":null,"metaKeywords":null,"metaPageTitle":null,"metaRobots":null,"path":"/shop/birds/wild_birds","pictureFile":"Wildbirds_1000x1000px_03_1.jpg","specials":[],"title":"Garden Birds \u0026 Wildlife Food","type":"ANIMAL","whitespaceAfter":0,"highlighted":false,"active":false}],"description":"Bird Supplies \u0026 Accessories","extId":3746,"fullDescription":null,"level":2,"metaCanonical":null,"metaDescription":null,"metaKeywords":null,"metaPageTitle":null,"metaRobots":null,"path":"/shop/birds","pictureFile":"Birds_ProductsByBirdSpecies_1000x1000px_1.jpg","specials":[{"animalType":"BIRDS","children":[],"description":"Special Offers: Bird Supplies","extId":4916,"fullDescription":null,"level":3,"metaCanonical":null,"metaDescription":null,"metaKeywords":null,"metaPageTitle":null,"metaRobots":null,"path":"/specials/birds/special_offers","pictureFile":"General_zooplus_B_1000x1000_4.jpg","specials":[],"title":"Bird Special Offers","type":"SPECIAL_OFFERS","whitespaceAfter":0,"highlighted":false,"active":false},{"animalType":"BIRDS","children":[],"description":"New Products: Bird Supplies \u0026 Accessories","extId":4917,"fullDescription":null,"level":3,"metaCanonical":null,"metaDescription":null,"metaKeywords":null,"metaPageTitle":null,"metaRobots":null,"path":"/specials/birds/new_products","pictureFile":"NewProducts_B_1000x1000_INT_5.jpg","specials":[],"title":"Bird New Products","type":"NEW_PRODUCTS","whitespaceAfter":0,"highlighted":false,"active":false}],"title":"Bird","type":"ANIMAL","whitespaceAfter":0,"highlighted":false,"active":false},{"animalType":"REPTILES","children":[{"animalType":"REPTILES","children":[{"animalType":"REPTILES","children":[],"description":"Royal Canin Veterinary","extId":143732,"fullDescription":null,"level":4,"metaCanonical":null,"metaDescription":null,"metaKeywords":null,"metaPageTitle":null,"metaRobots":null,"path":"/shop/veterinary_food/dog_vet_food/royal_canin_veterinary_food","pictureFile":null,"specials":[],"title":"Royal Canin Veterinary","type":"ANIMAL","whitespaceAfter":0,"highlighted":false,"active":false},{"animalType":"REPTILES","children":[],"description":"Hill's Prescription Canine Vet Dog Food","extId":143733,"fullDescription":null,"level":4,"metaCanonical":null,"metaDescription":null,"metaKeywords":null,"metaPageTitle":null,"metaRobots":null,"path":"/shop/veterinary_food/dog_vet_food/hills_prescription_food","pictureFile":null,"specials":[],"title":"Hill's Prescription Diet Canine","type":"ANIMAL","whitespaceAfter":0,"highlighted":false,"active":false},{"animalType":"REPTILES","children":[],"description":"Concept for Life Vet Diet for Dogs","extId":347821,"fullDescription":null,"level":4,"metaCanonical":null,"metaDescription":null,"metaKeywords":null,"metaPageTitle":null,"metaRobots":null,"path":"/shop/veterinary_food/dog_vet_food/concept_life_life_veterinary_dog","pictureFile":null,"specials":[],"title":"Concept for Life Veterinary Diet ","type":"ANIMAL","whitespaceAfter":0,"highlighted":false,"active":false},{"animalType":"REPTILES","children":[],"description":"Eukanuba Veterinary Diet Dry Dog Food","extId":539316,"fullDescription":null,"level":4,"metaCanonical":null,"metaDescription":null,"metaKeywords":null,"metaPageTitle":null,"metaRobots":null,"path":"/shop/veterinary_food/dog_vet_food/eukanuba_vet_diet","pictureFile":null,"specials":[],"title":"Eukanuba Veterinary Diet","type":"ANIMAL","whitespaceAfter":0,"highlighted":false,"active":false},{"animalType":"REPTILES","children":[],"description":"Integra Protect Dog Vet Food","extId":176778,"fullDescription":null,"level":4,"metaCanonical":null,"metaDescription":null,"metaKeywords":null,"metaPageTitle":null,"metaRobots":null,"path":"/shop/veterinary_food/dog_vet_food/integra_vet_food","pictureFile":null,"specials":[],"title":"Integra Protect","type":"ANIMAL","whitespaceAfter":0,"highlighted":false,"active":false},{"animalType":"REPTILES","children":[],"description":"Purina Dry Dog Food Veterinary Diet","extId":143695,"fullDescription":null,"level":4,"metaCanonical":null,"metaDescription":null,"metaKeywords":null,"metaPageTitle":null,"metaRobots":null,"path":"/shop/veterinary_food/dog_vet_food/purina_vet_food","pictureFile":null,"specials":[],"title":"Purina Veterinary Diet","type":"ANIMAL","whitespaceAfter":0,"highlighted":false,"active":false},{"animalType":"REPTILES","children":[],"description":"Rinti Canine Dietetic Vet Dog Food","extId":176788,"fullDescription":null,"level":4,"metaCanonical":null,"metaDescription":null,"metaKeywords":null,"metaPageTitle":null,"metaRobots":null,"path":"/shop/veterinary_food/dog_vet_food/rinti_canine_vet_food","pictureFile":null,"specials":[],"title":"Rinti Canine (formerly Reddy)","type":"ANIMAL","whitespaceAfter":0,"highlighted":false,"active":false},{"animalType":"REPTILES","children":[],"description":"Rocco Diet Care Vet Dog Food","extId":348623,"fullDescription":null,"level":4,"metaCanonical":null,"metaDescription":null,"metaKeywords":null,"metaPageTitle":null,"metaRobots":null,"path":"/shop/veterinary_food/dog_vet_food/rocco_diet_care","pictureFile":null,"specials":[],"title":"Rocco Diet Care","type":"ANIMAL","whitespaceAfter":0,"highlighted":false,"active":false}],"description":"Dog Vet Food \u0026 Specialist Care","extId":143730,"fullDescription":null,"level":3,"metaCanonical":null,"metaDescription":null,"metaKeywords":null,"metaPageTitle":null,"metaRobots":null,"path":"/shop/veterinary_food/dog_vet_food","pictureFile":"2018_03_VET_Dog_1000x1000_DE_6.jpg","specials":[],"title":"Dog Vet Food \u0026 Specialist Food","type":"ANIMAL","whitespaceAfter":0,"highlighted":false,"active":false},{"animalType":"REPTILES","children":[{"animalType":"REPTILES","children":[],"description":"Royal Canin Veterinary Vet Cat Food","extId":143736,"fullDescription":null,"level":4,"metaCanonical":null,"metaDescription":null,"metaKeywords":null,"metaPageTitle":null,"metaRobots":null,"path":"/shop/veterinary_food/cat_vet_food/royal_canin_feline_vet_food","pictureFile":null,"specials":[],"title":"Royal Canin Veterinary","type":"ANIMAL","whitespaceAfter":0,"highlighted":false,"active":false},{"animalType":"REPTILES","children":[],"description":"Hill's Prescription Diet - Vet Cat Food ","extId":143696,"fullDescription":null,"level":4,"metaCanonical":null,"metaDescription":null,"metaKeywords":null,"metaPageTitle":null,"metaRobots":null,"path":"/shop/veterinary_food/cat_vet_food/hills_prescription_food","pictureFile":null,"specials":[],"title":"Hill's Prescription Diet","type":"ANIMAL","whitespaceAfter":0,"highlighted":false,"active":false},{"animalType":"REPTILES","children":[],"description":"Purina Veterinary Diets Vet Cat Food","extId":257524,"fullDescription":null,"level":4,"metaCanonical":null,"metaDescription":null,"metaKeywords":null,"metaPageTitle":null,"metaRobots":null,"path":"/shop/veterinary_food/cat_vet_food/purina_veterinary_diets","pictureFile":null,"specials":[],"title":"Purina Veterinary Diets","type":"ANIMAL","whitespaceAfter":0,"highlighted":false,"active":false},{"animalType":"REPTILES","children":[],"description":"Specific Dry Cat Food Veterinary Diet","extId":143738,"fullDescription":null,"level":4,"metaCanonical":null,"metaDescription":null,"metaKeywords":null,"metaPageTitle":null,"metaRobots":null,"path":"/shop/veterinary_food/cat_vet_food/specific_vet_food","pictureFile":null,"specials":[],"title":"Specific Veterinary Diet","type":"ANIMAL","whitespaceAfter":0,"highlighted":false,"active":false},{"animalType":"REPTILES","children":[],"description":"beaphar Special Cat Diet","extId":176158,"fullDescription":null,"level":4,"metaCanonical":null,"metaDescription":null,"metaKeywords":null,"metaPageTitle":null,"metaRobots":null,"path":"/shop/veterinary_food/cat_vet_food/beaphar","pictureFile":null,"specials":[],"title":"beaphar Special Diet","type":"ANIMAL","whitespaceAfter":0,"highlighted":false,"active":false},{"animalType":"REPTILES","children":[],"description":"Concept for Life Vet Diet for Cats","extId":339518,"fullDescription":null,"level":4,"metaCanonical":null,"metaDescription":null,"metaKeywords":null,"metaPageTitle":null,"metaRobots":null,"path":"/shop/veterinary_food/cat_vet_food/concept_life_life_veterinary_cat","pictureFile":null,"specials":[],"title":"Concept for Life Veterinary Diet ","type":"ANIMAL","whitespaceAfter":0,"highlighted":false,"active":false},{"animalType":"REPTILES","children":[],"description":"Integra Protect Vet Cat Food","extId":143697,"fullDescription":null,"level":4,"metaCanonical":null,"metaDescription":null,"metaKeywords":null,"metaPageTitle":null,"metaRobots":null,"path":"/shop/veterinary_food/cat_vet_food/integra_vet_food","pictureFile":null,"specials":[],"title":"Integra Protect","type":"ANIMAL","whitespaceAfter":0,"highlighted":false,"active":false},{"animalType":"REPTILES","children":[],"description":"Kattovit Special Diets - Vet Cat Food","extId":143737,"fullDescription":null,"level":4,"metaCanonical":null,"metaDescription":null,"metaKeywords":null,"metaPageTitle":null,"metaRobots":null,"path":"/shop/veterinary_food/cat_vet_food/kattovit_vet_food","pictureFile":null,"specials":[],"title":"Kattovit","type":"ANIMAL","whitespaceAfter":0,"highlighted":false,"active":false},{"animalType":"REPTILES","children":[],"description":"Smilla Veterinary Diet - Vet Cat Food","extId":350080,"fullDescription":null,"level":4,"metaCanonical":null,"metaDescription":null,"metaKeywords":null,"metaPageTitle":null,"metaRobots":null,"path":"/shop/veterinary_food/cat_vet_food/smilla_vet_food","pictureFile":null,"specials":[],"title":"Smilla Veterinary Diet","type":"ANIMAL","whitespaceAfter":0,"highlighted":false,"active":false}],"description":"Cat Vet Food \u0026 Specialist Care","extId":143735,"fullDescription":null,"level":3,"metaCanonical":null,"metaDescription":null,"metaKeywords":null,"metaPageTitle":null,"metaRobots":null,"path":"/shop/veterinary_food/cat_vet_food","pictureFile":"2018_03_VET_Cat_1000x1000_DE_5.jpg","specials":[],"title":"Cat Vet Food \u0026 Specialist Food","type":"ANIMAL","whitespaceAfter":0,"highlighted":false,"active":false},{"animalType":"REPTILES","children":[],"description":"Food by Veterinary Conditions","extId":374817,"fullDescription":null,"level":3,"metaCanonical":null,"metaDescription":null,"metaKeywords":null,"metaPageTitle":null,"metaRobots":null,"path":"/shop/veterinary_food/ailments","pictureFile":"Daily_Question_1000x1000_1.jpg","specials":[],"title":"Food by Veterinary Conditions","type":"ANIMAL","whitespaceAfter":0,"highlighted":false,"active":false},{"animalType":"REPTILES","children":[],"description":"Flea, Tick \u0026 Wormer Treatments Dog /Cat","extId":311046,"fullDescription":null,"level":3,"metaCanonical":null,"metaDescription":null,"metaKeywords":null,"metaPageTitle":null,"metaRobots":null,"path":"/shop/veterinary_food/flea_tick_treatment","pictureFile":"fea_tick_1.jpg","specials":[],"title":"Flea, Tick \u0026 Wormer Treatments","type":"ANIMAL","whitespaceAfter":0,"highlighted":false,"active":false}],"description":"Veterinary and Specialist Diet Food","extId":143666,"fullDescription":null,"level":2,"metaCanonical":null,"metaDescription":null,"metaKeywords":null,"metaPageTitle":null,"metaRobots":null,"path":"/shop/veterinary_food","pictureFile":"DryFood_VET_1000x1000_1.jpg","specials":[],"title":"+ Vet","type":"ANIMAL","whitespaceAfter":0,"highlighted":false,"active":false},{"animalType":null,"children":[{"animalType":null,"children":[],"description":"Almo Nature Pet Food","extId":34941,"fullDescription":null,"level":3,"metaCanonical":null,"metaDescription":null,"metaKeywords":null,"metaPageTitle":null,"metaRobots":null,"path":"/shop/pet_food/almsonature","pictureFile":"logo_AlmoNature_1000x1000_5.jpg","specials":[],"title":"Almo Nature","type":null,"whitespaceAfter":0,"highlighted":false,"active":false},{"animalType":null,"children":[],"description":"Animonda Pet Food","extId":34949,"fullDescription":null,"level":3,"metaCanonical":null,"metaDescription":null,"metaKeywords":null,"metaPageTitle":null,"metaRobots":null,"path":"/shop/pet_food/animonda_pet_food","pictureFile":"logo_Animonda_1000x1000_5.jpg","specials":[],"title":"Animonda","type":null,"whitespaceAfter":0,"highlighted":false,"active":false},{"animalType":null,"children":[],"description":"Applaws Pet Food","extId":34958,"fullDescription":null,"level":3,"metaCanonical":null,"metaDescription":null,"metaKeywords":null,"metaPageTitle":null,"metaRobots":null,"path":"/shop/pet_food/applaws_pet_food","pictureFile":"logo_Applaws_1000x1000_1_1.jpg","specials":[],"title":"Applaws","type":null,"whitespaceAfter":0,"highlighted":false,"active":false},{"animalType":null,"children":[],"description":"Arden Grange Pet Food","extId":42305,"fullDescription":null,"level":3,"metaCanonical":null,"metaDescription":null,"metaKeywords":null,"metaPageTitle":null,"metaRobots":null,"path":"/shop/pet_food/arden_grange","pictureFile":"logo_ArdenGrange_1000x1000_1.jpg","specials":[],"title":"Arden Grange","type":null,"whitespaceAfter":0,"highlighted":false,"active":false},{"animalType":null,"children":[],"description":"Burns Pet Food","extId":34993,"fullDescription":null,"level":3,"metaCanonical":null,"metaDescription":null,"metaKeywords":null,"metaPageTitle":null,"metaRobots":null,"path":"/shop/pet_food/burns_","pictureFile":"logo_Burns_1000x1000_1.jpg","specials":[],"title":"Burns","type":null,"whitespaceAfter":0,"highlighted":false,"active":false},{"animalType":null,"children":[],"description":"Catsan","extId":404374,"fullDescription":null,"level":3,"metaCanonical":null,"metaDescription":null,"metaKeywords":null,"metaPageTitle":null,"metaRobots":null,"path":"/shop/pet_food/catsan","pictureFile":"Logo_v2_1.png","specials":[],"title":"Catsan","type":null,"whitespaceAfter":0,"highlighted":false,"active":false},{"animalType":null,"children":[],"description":"Concept for Life Pet Food","extId":289663,"fullDescription":null,"level":3,"metaCanonical":null,"metaDescription":null,"metaKeywords":null,"metaPageTitle":null,"metaRobots":null,"path":"/shop/pet_food/concept_for_life_range","pictureFile":"logo_CFL_1000x1000_2.jpg","specials":[],"title":"Concept for Life","type":null,"whitespaceAfter":0,"highlighted":false,"active":false},{"animalType":null,"children":[],"description":"Cosma","extId":32092,"fullDescription":null,"level":3,"metaCanonical":null,"metaDescription":null,"metaKeywords":null,"metaPageTitle":null,"metaRobots":null,"path":"/shop/pet_food/cosma","pictureFile":"logo_Cosma_1000x1000_3.jpg","specials":[],"title":"Cosma","type":null,"whitespaceAfter":0,"highlighted":false,"active":false},{"animalType":null,"children":[],"description":"Crave","extId":407039,"fullDescription":null,"level":3,"metaCanonical":null,"metaDescription":null,"metaKeywords":null,"metaPageTitle":null,"metaRobots":null,"path":"/shop/pet_food/crave","pictureFile":"Crave_brandlogo_DE_3.jpg","specials":[],"title":"Crave","type":null,"whitespaceAfter":0,"highlighted":false,"active":false},{"animalType":null,"children":[],"description":"Dreamies Cat Treats","extId":429064,"fullDescription":null,"level":3,"metaCanonical":null,"metaDescription":null,"metaKeywords":null,"metaPageTitle":null,"metaRobots":null,"path":"/shop/pet_food/dreamies","pictureFile":"logo_Dreamies_LP_1000x1000_1.jpg","specials":[],"title":"Dreamies","type":null,"whitespaceAfter":0,"highlighted":false,"active":false},{"animalType":null,"children":[],"description":"Eukanuba Pet Food","extId":35060,"fullDescription":null,"level":3,"metaCanonical":null,"metaDescription":null,"metaKeywords":null,"metaPageTitle":null,"metaRobots":null,"path":"/shop/pet_food/eukanuba_","pictureFile":"logo_Eukanuba_1000x1000_7.jpg","specials":[],"title":"Eukanuba","type":null,"whitespaceAfter":0,"highlighted":false,"active":false},{"animalType":null,"children":[],"description":"Felix Cat Food","extId":11799,"fullDescription":null,"level":3,"metaCanonical":null,"metaDescription":null,"metaKeywords":null,"metaPageTitle":null,"metaRobots":null,"path":"/shop/pet_food/felix","pictureFile":"logo_Felix_1000x1000_8.jpg","specials":[],"title":"Felix","type":null,"whitespaceAfter":0,"highlighted":false,"active":false},{"animalType":null,"children":[],"description":"Feringa","extId":637865,"fullDescription":null,"level":3,"metaCanonical":null,"metaDescription":null,"metaKeywords":null,"metaPageTitle":null,"metaRobots":null,"path":"/shop/pet_food/feringa","pictureFile":"logo_Feringa_1000x10001_1.jpg","specials":[],"title":"Feringa","type":null,"whitespaceAfter":0,"highlighted":false,"active":false},{"animalType":null,"children":[],"description":"FRONTLINE®","extId":604214,"fullDescription":null,"level":3,"metaCanonical":null,"metaDescription":null,"metaKeywords":null,"metaPageTitle":null,"metaRobots":null,"path":"/shop/pet_food/frontline","pictureFile":"logo_Frontline_1000x1000_1.jpg","specials":[],"title":"FRONTLINE®","type":null,"whitespaceAfter":0,"highlighted":false,"active":false},{"animalType":null,"children":[],"description":"Gourmet","extId":263320,"fullDescription":null,"level":3,"metaCanonical":null,"metaDescription":null,"metaKeywords":null,"metaPageTitle":null,"metaRobots":null,"path":"/shop/pet_food/gourmet","pictureFile":"logo_Gourmet_1000x1000_7.jpg","specials":[],"title":"Gourmet","type":null,"whitespaceAfter":0,"highlighted":false,"active":false},{"animalType":null,"children":[],"description":"Hill's Pet Food","extId":35071,"fullDescription":null,"level":3,"metaCanonical":null,"metaDescription":null,"metaKeywords":null,"metaPageTitle":null,"metaRobots":null,"path":"/shop/pet_food/hills_pet","pictureFile":"logo_Hills_1000x1000_3.jpg","specials":[],"title":"Hill's","type":null,"whitespaceAfter":0,"highlighted":false,"active":false},{"animalType":null,"children":[],"description":"Hill's Prescription Diet Pet Food","extId":216037,"fullDescription":null,"level":3,"metaCanonical":null,"metaDescription":null,"metaKeywords":null,"metaPageTitle":null,"metaRobots":null,"path":"/shop/pet_food/hills_prescription_diet","pictureFile":"logo_HillsPrescriptionDiet_1000x1000_5.jpg","specials":[],"title":"Hill's Prescription Diet","type":null,"whitespaceAfter":0,"highlighted":false,"active":false},{"animalType":null,"children":[],"description":"IAMS Pet Food","extId":35083,"fullDescription":null,"level":3,"metaCanonical":null,"metaDescription":null,"metaKeywords":null,"metaPageTitle":null,"metaRobots":null,"path":"/shop/pet_food/iams_pet","pictureFile":"logo_Iams_1000x1000_7.jpg","specials":[],"title":"IAMS ","type":null,"whitespaceAfter":0,"highlighted":false,"active":false},{"animalType":null,"children":[],"description":"James Wellbeloved Pet Food","extId":35088,"fullDescription":null,"level":3,"metaCanonical":null,"metaDescription":null,"metaKeywords":null,"metaPageTitle":null,"metaRobots":null,"path":"/shop/pet_food/jameswelbeloved","pictureFile":"NewJWBLogo1000x1000_1.jpg","specials":[],"title":"James Wellbeloved","type":null,"whitespaceAfter":0,"highlighted":false,"active":false},{"animalType":null,"children":[],"description":"Lily's Kitchen Pet Food","extId":120679,"fullDescription":null,"level":3,"metaCanonical":null,"metaDescription":null,"metaKeywords":null,"metaPageTitle":null,"metaRobots":null,"path":"/shop/pet_food/lilys_kitchen","pictureFile":"Lilys_Kitchen_Logo_1000x1000_1.jpg","specials":[],"title":"Lily's Kitchen","type":null,"whitespaceAfter":0,"highlighted":false,"active":false},{"animalType":null,"children":[],"description":"Lukullus Pet Food","extId":32059,"fullDescription":null,"level":3,"metaCanonical":null,"metaDescription":null,"metaKeywords":null,"metaPageTitle":null,"metaRobots":null,"path":"/shop/pet_food/lukullus_food","pictureFile":"logo_Lukullus_1000x1000_2.jpg","specials":[],"title":"Lukullus","type":null,"whitespaceAfter":0,"highlighted":false,"active":false},{"animalType":null,"children":[],"description":"Welcome to the Pedigree Shop!","extId":10248,"fullDescription":null,"level":3,"metaCanonical":null,"metaDescription":null,"metaKeywords":null,"metaPageTitle":null,"metaRobots":null,"path":"/shop/pet_food/pedigree","pictureFile":"logo_Pedigree_1000x1000_4.jpg","specials":[],"title":"Pedigree","type":null,"whitespaceAfter":0,"highlighted":false,"active":false},{"animalType":null,"children":[],"description":"Perfect Fit","extId":10198,"fullDescription":null,"level":3,"metaCanonical":null,"metaDescription":null,"metaKeywords":null,"metaPageTitle":null,"metaRobots":null,"path":"/shop/pet_food/perfect_fit","pictureFile":"logo_Perfect_Fit_1000x1000_1.jpg","specials":[],"title":"Perfect Fit","type":null,"whitespaceAfter":0,"highlighted":false,"active":false},{"animalType":null,"children":[],"description":"Pro Plan Veterinary Diets","extId":430081,"fullDescription":null,"level":3,"metaCanonical":null,"metaDescription":null,"metaKeywords":null,"metaPageTitle":null,"metaRobots":null,"path":"/shop/pet_food/pro_plan_veterinary_diets","pictureFile":"logo_Purina_ProPlan_VET_LP_1000x1000_1.jpg","specials":[],"title":"Pro Plan Veterinary Diets","type":null,"whitespaceAfter":0,"highlighted":false,"active":false},{"animalType":null,"children":[],"description":"Purina ONE","extId":425717,"fullDescription":null,"level":3,"metaCanonical":null,"metaDescription":null,"metaKeywords":null,"metaPageTitle":null,"metaRobots":null,"path":"/shop/pet_food/purina_one","pictureFile":"logo_Purina_One_1000x1000_3.jpg","specials":[],"title":"Purina ONE","type":null,"whitespaceAfter":0,"highlighted":false,"active":false},{"animalType":null,"children":[],"description":"Purina Pro Plan","extId":9923,"fullDescription":null,"level":3,"metaCanonical":null,"metaDescription":null,"metaKeywords":null,"metaPageTitle":null,"metaRobots":null,"path":"/shop/pet_food/purina","pictureFile":"logo_Purina_ProPlan_1000x1000_LP_7.jpg","specials":[],"title":"Purina Pro Plan","type":null,"whitespaceAfter":0,"highlighted":false,"active":false},{"animalType":null,"children":[],"description":"Purizon Pet Food","extId":89891,"fullDescription":null,"level":3,"metaCanonical":null,"metaDescription":null,"metaKeywords":null,"metaPageTitle":null,"metaRobots":null,"path":"/shop/pet_food/purizon","pictureFile":"logo_Purizon_1000x1000_4.jpg","specials":[],"title":"Purizon","type":null,"whitespaceAfter":0,"highlighted":false,"active":false},{"animalType":null,"children":[],"description":"Rosie's Farm","extId":428184,"fullDescription":null,"level":3,"metaCanonical":null,"metaDescription":null,"metaKeywords":null,"metaPageTitle":null,"metaRobots":null,"path":"/shop/pet_food/rosies_farm","pictureFile":"logo_RosiesFarm_1000x1000_1.jpg","specials":[],"title":"Rosie's Farm","type":null,"whitespaceAfter":0,"highlighted":false,"active":false},{"animalType":null,"children":[],"description":"Royal Canin","extId":35143,"fullDescription":null,"level":3,"metaCanonical":null,"metaDescription":null,"metaKeywords":null,"metaPageTitle":null,"metaRobots":null,"path":"/shop/pet_food/royal_canin_food","pictureFile":"logo_RoyalCanin_1000x1000_7.jpg","specials":[],"title":"Royal Canin","type":null,"whitespaceAfter":0,"highlighted":false,"active":false},{"animalType":null,"children":[],"description":"Royal Canin Veterinary Pet Food","extId":218867,"fullDescription":null,"level":3,"metaCanonical":null,"metaDescription":null,"metaKeywords":null,"metaPageTitle":null,"metaRobots":null,"path":"/shop/pet_food/royal_canin_veterinary_diet","pictureFile":"logo_RC_VeterinaryDiet_1000x1000_5.jpg","specials":[],"title":"Royal Canin Veterinary","type":null,"whitespaceAfter":0,"highlighted":false,"active":false},{"animalType":null,"children":[],"description":"Sanabelle","extId":32089,"fullDescription":null,"level":3,"metaCanonical":null,"metaDescription":null,"metaKeywords":null,"metaPageTitle":null,"metaRobots":null,"path":"/shop/pet_food/sanabelle","pictureFile":"logo_Sanabelle_1000x1000_4.jpg","specials":[],"title":"Sanabelle","type":null,"whitespaceAfter":0,"highlighted":false,"active":false},{"animalType":null,"children":[],"description":"\u0026nbsp;","extId":681425,"fullDescription":null,"level":3,"metaCanonical":null,"metaDescription":null,"metaKeywords":null,"metaPageTitle":null,"metaRobots":null,"path":"/shop/pet_food/sanicat","pictureFile":null,"specials":[],"title":"Sanicat","type":null,"whitespaceAfter":0,"highlighted":false,"active":false},{"animalType":null,"children":[],"description":"Sheba Cat Food","extId":324800,"fullDescription":null,"level":3,"metaCanonical":null,"metaDescription":null,"metaKeywords":null,"metaPageTitle":null,"metaRobots":null,"path":"/shop/pet_food/sheba_brand","pictureFile":"logo_Sheba_1000x1000_2.jpg","specials":[],"title":"Sheba","type":null,"whitespaceAfter":0,"highlighted":false,"active":false},{"animalType":null,"children":[],"description":"Super Benek","extId":667273,"fullDescription":null,"level":3,"metaCanonical":null,"metaDescription":null,"metaKeywords":null,"metaPageTitle":null,"metaRobots":null,"path":"/shop/pet_food/super_benek","pictureFile":"logo_Benek_1000x1000_7.jpg","specials":[],"title":"Super Benek","type":null,"whitespaceAfter":0,"highlighted":false,"active":false},{"animalType":null,"children":[],"description":"Taste of the Wild","extId":59575,"fullDescription":null,"level":3,"metaCanonical":null,"metaDescription":null,"metaKeywords":null,"metaPageTitle":null,"metaRobots":null,"path":"/shop/pet_food/taste_of_the_wild","pictureFile":"logo_TasteOfTheWild_1000x1000_1_1.jpg","specials":[],"title":"Taste of the Wild","type":null,"whitespaceAfter":0,"highlighted":false,"active":false},{"animalType":null,"children":[],"description":"thrive Pet Food","extId":253527,"fullDescription":null,"level":3,"metaCanonical":null,"metaDescription":null,"metaKeywords":null,"metaPageTitle":null,"metaRobots":null,"path":"/shop/pet_food/thrive","pictureFile":"logo_Thrive_1000x1000_1.jpg","specials":[],"title":"thrive","type":null,"whitespaceAfter":0,"highlighted":false,"active":false},{"animalType":null,"children":[],"description":"Whiskas","extId":11787,"fullDescription":null,"level":3,"metaCanonical":null,"metaDescription":null,"metaKeywords":null,"metaPageTitle":null,"metaRobots":null,"path":"/shop/pet_food/whiskas","pictureFile":"logo_Whiskas_LP_1000x1000_2.jpg","specials":[],"title":"Whiskas","type":null,"whitespaceAfter":0,"highlighted":false,"active":false},{"animalType":null,"children":[],"description":"Wolf of Wilderness Dog Food","extId":281990,"fullDescription":null,"level":3,"metaCanonical":null,"metaDescription":null,"metaKeywords":null,"metaPageTitle":null,"metaRobots":null,"path":"/shop/pet_food/wolf_of_wilderness_range","pictureFile":"logo_Wolf_of_Wilderness_1000x1000_3.jpg","specials":[],"title":"Wolf of Wilderness","type":null,"whitespaceAfter":0,"highlighted":false,"active":false},{"animalType":null,"children":[],"description":"More brands","extId":319412,"fullDescription":null,"level":3,"metaCanonical":null,"metaDescription":null,"metaKeywords":null,"metaPageTitle":null,"metaRobots":null,"path":"/shop/pet_food/brands","pictureFile":"More_Products_1000x1000_2.jpg","specials":[],"title":"More Brands","type":null,"whitespaceAfter":0,"highlighted":false,"active":false}],"description":"Shop by Brand for Pet Food \u0026 Accessories","extId":9872,"fullDescription":null,"level":2,"metaCanonical":null,"metaDescription":null,"metaKeywords":null,"metaPageTitle":null,"metaRobots":null,"path":"/shop/pet_food","pictureFile":"zooplus_Boutique_1000x1000_2.jpg","specials":[],"title":"Top Brands","type":"BRANDS","whitespaceAfter":0,"highlighted":false,"active":false},{"animalType":null,"children":[{"animalType":null,"children":[],"description":"September Food Offers","extId":280066,"fullDescription":null,"level":3,"metaCanonical":null,"metaDescription":null,"metaKeywords":null,"metaPageTitle":null,"metaRobots":null,"path":"/shop/pet_supplies_specials/new_food_offers","pictureFile":"General_Offers_ALL_1000x1000_5.jpg","specials":[],"title":"September Food Offers","type":null,"whitespaceAfter":0,"highlighted":false,"active":false},{"animalType":null,"children":[],"description":"NEW at zooplus!","extId":230067,"fullDescription":null,"level":3,"metaCanonical":null,"metaDescription":null,"metaKeywords":null,"metaPageTitle":null,"metaRobots":null,"path":"/shop/pet_supplies_specials/new_products","pictureFile":"NewProducts_1000x1000_IE_1.jpg","specials":[],"title":"NEW at zooplus!","type":null,"whitespaceAfter":0,"highlighted":false,"active":false},{"animalType":null,"children":[],"description":"Clearance Sale","extId":23968,"fullDescription":null,"level":3,"metaCanonical":null,"metaDescription":null,"metaKeywords":null,"metaPageTitle":null,"metaRobots":null,"path":"/shop/pet_supplies_specials/sale","pictureFile":"Clearance_General_1000x1000_4.jpg","specials":[],"title":"Clearance Sale","type":null,"whitespaceAfter":0,"highlighted":true,"active":false},{"animalType":null,"children":[],"description":"\u0026nbsp;","extId":651920,"fullDescription":null,"level":3,"metaCanonical":null,"metaDescription":null,"metaKeywords":null,"metaPageTitle":null,"metaRobots":null,"path":"/shop/pet_supplies_specials/couponcodes","pictureFile":null,"specials":[],"title":"Exclusive Coupons \u0026 Offers","type":null,"whitespaceAfter":0,"highlighted":false,"active":false},{"animalType":null,"children":[],"description":"Trial Packs","extId":299063,"fullDescription":null,"level":3,"metaCanonical":null,"metaDescription":null,"metaKeywords":null,"metaPageTitle":null,"metaRobots":null,"path":"/shop/pet_supplies_specials/trial_packs","pictureFile":"Trialpacks_General_1000x1000_3.jpg","specials":[],"title":"Trial Packs","type":null,"whitespaceAfter":0,"highlighted":false,"active":false},{"animalType":null,"children":[],"description":"Dog Life Stages","extId":203697,"fullDescription":null,"level":3,"metaCanonical":null,"metaDescription":null,"metaKeywords":null,"metaPageTitle":null,"metaRobots":null,"path":"/shop/pet_supplies_specials/dog_life_stages_puppy_senior","pictureFile":"Dog_ALL_1000x1000px_1.jpg","specials":[],"title":"Dog Life Stages","type":null,"whitespaceAfter":0,"highlighted":false,"active":false},{"animalType":null,"children":[],"description":"Cat Life Stages","extId":203731,"fullDescription":null,"level":3,"metaCanonical":null,"metaDescription":null,"metaKeywords":null,"metaPageTitle":null,"metaRobots":null,"path":"/shop/pet_supplies_specials/cat_life_stages","pictureFile":"Cat_ALL_1000x1000px_1.jpg","specials":[],"title":"Cat Life Stages","type":null,"whitespaceAfter":0,"highlighted":false,"active":false},{"animalType":null,"children":[],"description":"Summer at zooplus","extId":671074,"fullDescription":null,"level":3,"metaCanonical":null,"metaDescription":null,"metaKeywords":null,"metaPageTitle":null,"metaRobots":null,"path":"/shop/pet_supplies_specials/summer","pictureFile":"Summer_WetFood_App_PictureID_1000x1000_INT_1.jpg","specials":[],"title":"Summer","type":null,"whitespaceAfter":0,"highlighted":false,"active":false}],"description":"Pet supplies at their very best for you!","extId":9258,"fullDescription":null,"level":2,"metaCanonical":null,"metaDescription":null,"metaKeywords":null,"metaPageTitle":null,"metaRobots":null,"path":"/shop/pet_supplies_specials","pictureFile":"General_Offers_ALL_1000x1000_1.jpg","specials":[{"animalType":"DOGS","children":[],"description":"Special Offers: Dog Supplies","extId":4908,"fullDescription":null,"level":4,"metaCanonical":null,"metaDescription":null,"metaKeywords":null,"metaPageTitle":null,"metaRobots":null,"path":"/specials/dogs/special_offers/food/34874","pictureFile":"General_zooplus_D_1000x1000_3.jpg","specials":[],"title":"Dog","type":"SPECIAL_OFFERS","whitespaceAfter":0,"highlighted":false,"active":false},{"animalType":"CATS","children":[],"description":"Special Offers: Cat Supplies","extId":4909,"fullDescription":null,"level":4,"metaCanonical":null,"metaDescription":null,"metaKeywords":null,"metaPageTitle":null,"metaRobots":null,"path":"/specials/cats/special_offers/cat_trees_/34883","pictureFile":"General_zooplus_C_1000x1000_4.jpg","specials":[],"title":"Cat","type":"SPECIAL_OFFERS","whitespaceAfter":0,"highlighted":false,"active":false},{"animalType":"RODENTS","children":[],"description":"Special Offers: Small Pet Supplies","extId":4914,"fullDescription":null,"level":4,"metaCanonical":null,"metaDescription":null,"metaKeywords":null,"metaPageTitle":null,"metaRobots":null,"path":"/specials/small_pets/special_offers/cages_and_pens/34887","pictureFile":"General_zooplus_S_1000x1000_3.jpg","specials":[],"title":"Small Pet","type":"SPECIAL_OFFERS","whitespaceAfter":0,"highlighted":false,"active":false},{"animalType":"BIRDS","children":[],"description":"Special Offers: Bird Supplies","extId":4916,"fullDescription":null,"level":3,"metaCanonical":null,"metaDescription":null,"metaKeywords":null,"metaPageTitle":null,"metaRobots":null,"path":"/specials/birds/special_offers","pictureFile":"General_zooplus_B_1000x1000_4.jpg","specials":[],"title":"Bird","type":"SPECIAL_OFFERS","whitespaceAfter":0,"highlighted":false,"active":false}],"title":"Special Offers","type":"OFFERS","whitespaceAfter":0,"highlighted":false,"active":false}],"translations":{"shop.header.search.autocomplete.title.suggestion":"Search suggestions for","shop.header.accessible.catalog.menu":"Menu","shop.header.search.autocomplete.title.products":"Products","shop.header.minicart.flyout.header":"Your Shopping Basket","shop.header.main.navigation.title":"zooplus main menu","shop.header.top.reorder":"Re-order","shop.header.top.help":"Contact us","shop.header.burger.navigation.shop.by":"Shop by","general.sponsored.products":"Sponsored","shop.header.minicart.flyout.empty.header":"Your Shopping Basket is empty :(","shop.header.accessible.account.menu":"my zooplus Menu","shop.header.minicart.flyout.total":"Total","shop.header.account.login":"Login","shop.header.search.label":"Search","shop.header.burger.navigation.all.products":"All categories","shop.header.account.reorder":"Re-order","shop.header.app.download.text":"Use app","shop.header.accessible.secure.payment.alternative":"Secure Payment SSL","shop.header.account.orderoverview":"My orders","shop.header.account.flyout.accessible.description":"Press ENTER to open \"my zooplus\" menu","shop.header.app.banner.subline":"Available in App Store","shop.header.search.placeholder":"Search the store","shop.header.account.salutation":"Welcome back","shop.header.account.bonusprogram":"Rewards","shop.header.burger.navigation.category":"Shop by Category","shop.header.cart.button.label":"Shopping Basket","shop.header.account.logout":"Logout","shop.header.accessible.logo.alternative":"zooplus logo","shop.header.main.navigation.category.accessible.button.label":"Open category menu","shop.header.minicart.flyout.empty.text":"There are no products in your shopping basket","shop.header.search.autocomplete.title.services":"Service","shop.header.search.autocomplete.separator":"» in","shop.header.accessible.search.menu":"Search Menu","shop.header.callcenter":"+44 1865 951301","shop.header.account.overview":"my zooplus","shop.header.app.banner.text":"The zooplus app","shop.header.account.customerId":"Customer Number","shop.header.multilanguage.accessible.text":"Change language to ${language}","shop.header.minicart.flyout.button":"Go to Basket","shop.header.top.account":"my zooplus","shop.header.categories.all.products.link":"View all"},"componentAvailable":true,"exorbyteId":"2634","exorbytePathKey":"2634_zooplus_co_uk","helpLink":"/contact_us","bonuspointsAvailable":true,"multilanguage":false,"availableLanguages":null,"originalHost":"zooplus.co.uk","securityIconsDataLoc":"{{service:header-security-icons}}/shop-header-logos/v1/zooplus.co.uk/en-GB","shippingFeeDataLoc":"{{service:header-delivery-information}}/shop-header-delivery-information/v1/zooplus.co.uk/en-GB","securityIconsURL":"https://content-bff.public.zooplus.net/shop-header-logos/v1/zooplus.co.uk/en-GB","shippingFeeURL":"https://content-bff.public.zooplus.net/shop-header-delivery-information/v1/zooplus.co.uk/en-GB","discountBannerURL":"https://content-bff.public.zooplus.net/discount-banner/v1/zooplus.co.uk/en-GB/main","hoppsSearchEnabled":true,"hoppsSearchUrl":"/hopps-search/api/v1/sites/3/en/suggest","mediaServerURL":"https://cdn-prod.shphdrp.ext.aws.zooplus.io/3.25.0","vendorAssetsURL":"https://cdn.public.zooplus.net","iosAppId":"582639260","androidApp":{"id":"de.zooplus","rating":4.9,"showAgainInDays":30},"searchFlyoutOpen":true,"appIconUri":"//media.mediazs.com/bilder/1/zooplusappicon108pxradius_1.png","smartAppBannerV2Enabled":true,"uiEnhancementsSHOP10258Enabled":true,"uiEnhancementsSHOP10527Enabled":true,"appBannerAndroidDisabled":true,"searchFlyoutSponsoredTagEnabled":true,"headerVersion":"3.25.0","selectedTheme":"zooplus2024","isNextJS":true,"pageWidth":"narrow"},"footerProps":{"stage":"prod","locale":"en-GB","domain":"zooplus.co.uk","footerModel":{"metadata":{"id":"4Nqk5WO930wYrXiTNURyQr","contentType":"shopFooter"},"legalDisclaimer":"\u003cp\u003e*RRP= Recommended Retail Price \u003ca href=\"https://www.zooplus.co.uk/info/about/shippingcosts\" class=\"v3-link\"\u003e** Conditions apply\u003c/a\u003e\u003c/p\u003e","legalLinks":[{"metadata":{"id":"6HneeJuRWizll5u7vAcY00","contentType":"linkItem"},"linkText":"About Us","targetLink":"https://www.zooplus.co.uk/info/about/zooplus"},{"metadata":{"id":"6SQmE6F5ZtlDKvao1fzsno","contentType":"linkItem"},"linkText":"Careers","targetLink":"https://careers.zooplus.com/"},{"metadata":{"id":"4whBk1EQGwKvE0wQ0QT78k","contentType":"linkItem"},"linkText":"Corporate Website","targetLink":"https://corporate.zooplus.com/en/"},{"metadata":{"id":"3QI8DlekPMH6kgrKgThIr9","contentType":"linkItem"},"linkText":"Imprint","targetLink":"https://www.zooplus.co.uk/info/legal/imprint"},{"metadata":{"id":"45KPuI1U89TIP3ha9KufqY","contentType":"linkItem"},"linkText":"Terms \u0026 Conditions","targetLink":"https://www.zooplus.co.uk/info/legal/terms"},{"metadata":{"id":"273yjK3Veb5pMM7Tx8F4jJ","contentType":"linkItem"},"linkText":"DSA","targetLink":"https://www.zooplus.co.uk/info/legal/DSA"},{"metadata":{"id":"5Zhl2ed21fE5eatZOx0DoG","contentType":"linkItem"},"linkText":"Withdrawal Form ","targetLink":"https://media.mediazs.com/bilder/1/WithdrawalzUK13072022_1.pdf"},{"metadata":{"id":"2FUbIBXGEgUjoTAI4ddN8x","contentType":"linkItem"},"linkText":"WEEE","targetLink":"https://www.zooplus.co.uk/info/legal/disposal"},{"metadata":{"id":"6rmZ3se9OY2azVJhtZCIkP","contentType":"linkItem"},"linkText":"Privacy","targetLink":"https://www.zooplus.co.uk/info/legal/privacy"}],"footerPurchaseDetails":{"metadata":{"id":"6JFWr6Ln0PidY5mphjeTuL","contentType":"footerPurchaseDetails"},"paymentOptionsHeadline":"Methods of Payment","paymentOptionsImages":[{"metadata":{"id":"1afNT7QtA8eezzGn15u75H","contentType":"logoImage"},"altText":"Visa","image":"//images.ctfassets.net/qp85kbzn8noe/50Wgeh9utlfiCfbK7MgS6K/a98e08e0088a65fa761e7b80b93a54d5/visa_3x.png","targetLink":"https://www.zooplus.co.uk/info/legal/terms#8-payment-methods-invoices-and-vouchers"},{"metadata":{"id":"3mUsE0LBwvPOZZZSSdkWVU","contentType":"logoImage"},"altText":"Mastercard","image":"//images.ctfassets.net/qp85kbzn8noe/2l0VfAGXHmJJ2TXwLEOr9n/cc4ea7aeb76ba4ecf51ca236aa91c449/mastercard_3x.png","targetLink":"https://www.zooplus.co.uk/info/legal/terms#8-payment-methods-invoices-and-vouchers"},{"metadata":{"id":"7vXYAAkmF5cxY7PIK68Dwi","contentType":"logoImage"},"altText":"Maestro","image":"//images.ctfassets.net/qp85kbzn8noe/4qTfvRdSKXOCUvhxCF6X02/c67b98b9c1f0af492cf47d6a3bf5844a/maestro_3x.png","targetLink":"https://www.zooplus.co.uk/info/legal/terms#8-payment-methods-invoices-and-vouchers"},{"metadata":{"id":"7gm44EdyzIOLl859IhZ5ec","contentType":"logoImage"},"altText":"American Express","image":"//images.ctfassets.net/qp85kbzn8noe/28hZegh5u77BFqGkHa7ZZr/4c71a0d5efc11a83af3c19c9c34affac/amex_3x.png","targetLink":"https://www.zooplus.co.uk/info/legal/terms#8-payment-methods-invoices-and-vouchers"},{"metadata":{"id":"54YlnoB96boD1JcYaXnDG5","contentType":"logoImage"},"altText":"PayPal","image":"//images.ctfassets.net/qp85kbzn8noe/301Xsx6AhmPVGuRPqIkDnb/dae75beee5bef3986059531443843e81/paypal_3x.png","targetLink":"https://www.zooplus.co.uk/info/legal/terms#8-payment-methods-invoices-and-vouchers"},{"metadata":{"id":"6ttzC9e3lK5twWJDJtz4Zf","contentType":"logoImage"},"altText":"Apple Pay","image":"//images.ctfassets.net/qp85kbzn8noe/6zuLzjCeIbMCypImXD8SHt/13908c0f738297f362cd83a2617f187c/Apple_Pay_3x.png","targetLink":"https://www.zooplus.co.uk/info/legal/terms#8-payment-methods-invoices-and-vouchers"},{"metadata":{"id":"5wsxzyblPOCtkuqny2j9Fx","contentType":"linkItem"},"linkText":"Bank Transfer","targetLink":"https://www.zooplus.co.uk/info/legal/terms#8-payment-methods-invoices-and-vouchers"}],"shippingOptionsHeadline":"Delivery","shippingOptionsImages":[{"metadata":{"id":"4FmRgbf15qMUsoClMdougl","contentType":"logoImage"},"altText":"Yodel","image":"//images.ctfassets.net/qp85kbzn8noe/712VRwzYOVoYQJaUEn61BP/c5a3912a4f3aa1ea67637fe02067e3a4/yodel_3x.png","targetLink":"https://www.zooplus.co.uk/info/about/shippingcosts"},{"metadata":{"id":"2wyrVv4nSnadTmiRVDGceo","contentType":"logoImage"},"altText":"Evri","image":"//images.ctfassets.net/qp85kbzn8noe/5b42CTIg1fhbkpbXR2cg4y/a040e4ca81dc3cf4c708491a55561107/EVRI.jpg","targetLink":"https://www.zooplus.co.uk/info/about/shippingcosts"},{"metadata":{"id":"6ciHZ3btDxEvsZnhm8BsLm","contentType":"logoImage"},"altText":"DHL","image":"//images.ctfassets.net/qp85kbzn8noe/mRRiux2Sfl19l17fYKxcz/12c1d1cff9425c6462c2c9a812750f8a/dhl_3x.png","targetLink":"https://www.zooplus.co.uk/info/about/shippingcosts"}],"securePaymentHeadline":"Secure Shopping Guarantee","securePaymentImages":[{"metadata":{"id":"78isuhXJPZSf9im3cdSHqU","contentType":"shopHeaderLogo"},"image":"//images.ctfassets.net/qp85kbzn8noe/4eok3iQCnb3P7WLPEAkiv/dd84f380f738d4366a3757f6ed6c7c35/Encryption_3x.png","targetLink":"https://www.zooplus.co.uk/info/about/security"}]},"footerNewsletterBanner":{"metadata":{"id":"3aMhevdPJlX47kRDptTY6A","contentType":"footerNewsletterBanner"},"newsletterHeadline":"Do not miss out on personalised offers, discounts and coupons!","bonusPointsNumber":333,"bonusPointsText":"zooPoints for subscribing","petListPlaceholder":"Please select pet type","petList":[{"metadata":{"id":"4AsYTqwLJkjTILwKzegGEG","contentType":"petItem"},"pet":"DOG","petName":"Dogs"},{"metadata":{"id":"6zac0uMR0CbwQnL7p4EK3H","contentType":"petItem"},"pet":"CAT","petName":"Cats"},{"metadata":{"id":"39iJPbHuUFtVU20iuxAa92","contentType":"petItem"},"pet":"BIRD","petName":"Birds"},{"metadata":{"id":"1CkhAAqu9tFodkEZKZZ09Q","contentType":"petItem"},"pet":"SMALL_ANIMALS","petName":"Small Pets"}],"petSelectionButtonText":"Save","petErrorMessage":"Please choose the category of Newsletter you wish to receive.","emailInputPlaceholder":"Email address","emailErrorMessage":"Please enter a valid email address","subscriptionButtonText":"Subscribe","alreadySubscribedErrorMessage":"This email is already registered. Please login to change preferences.","genericSubscriptionErrorMessage":"An error occurred. Please try again later.","disclaimerText":"\u003cp\u003eYes, I want to subscribe to the newsletter and receive personalised, exclusive and current information about products, services, promotions, offers and discounts from zooplus via email and advertising partners. As a thank you, I will receive a welcome gift coupon code for 333 zooplus Loyalty Points, that I can redeem in the Rewards Shop. I have to confirm my subscription by email. After 48 hours I can receive a reminder. I can unsubscribe at any time via the unsubscribe link in every newsletter. I agree that my email address may be used for marketing purposes and may be passed on to our partners. I understand that I have the right to object to this at any time. More information can be found in our \u003ca href=\"https://www.zooplus.co.uk/info/legal/privacy\" class=\"vundefined-link\"\u003ePrivacy Policy.\u003c/a\u003e\u0026nbsp;\u003cbr\u003e\u003c/p\u003e","confirmationHeadline":"Subscribe to our newsletter \u0026 get 333 zooPoints!","confirmationText":"\u003cp\u003e\u003cb\u003eProcessing...\u003c/b\u003e The email address {userEmail} will be added to the distribution list for the newsletter(s) you have requested,\u0026nbsp;\u003c/p\u003e\u003cp\u003e\u003cb\u003eOne last step!\u003c/b\u003e In order to confirm and activate your subscription, you will need to click on the link provided in the confirmation email.\u0026nbsp;\u003c/p\u003e\u003cp\u003e\u003cb\u003ePlease note: You must click on the link in order to activate your subscription and claim your newsletter discount.\u003c/b\u003e\u003c/p\u003e\u003cp\u003eAfter this confirmation, you will receive the zooplus Newsletter regularly starting with the next issue.\u0026nbsp;\u003c/p\u003e","confirmationButtonText":"Close"},"footerInfoLinks":{"metadata":{"id":"1ad97lRpQ8DMYK4skppiQJ","contentType":"footerInfoLinks"},"headline1":"Services","linkList1":[{"metadata":{"id":"6NWb4bH5OXhfnDyIqp2ZPC","contentType":"linkItem"},"linkText":"my zooplus","targetLink":"https://www.zooplus.co.uk/account"},{"metadata":{"id":"3frX3m82nUlyfbCfBFayKL","contentType":"linkItem"},"linkText":"Help","targetLink":"https://www.zooplus.co.uk/contact_us"},{"metadata":{"id":"IlKwvX6DnzCRYY8dF3ww5","contentType":"linkItem"},"linkText":"Contact","targetLink":"https://www.zooplus.co.uk/contact_us"},{"metadata":{"id":"56QJbPLE4rIS0sZPnnG6oP","contentType":"linkItem"},"linkText":"Shipping \u0026 Delivery","targetLink":"https://www.zooplus.co.uk/info/about/shippingcosts"},{"metadata":{"id":"swXprasFfVEQ20YtEVpEH","contentType":"linkItem"},"linkText":"Returns","targetLink":"https://www.zooplus.co.uk/info/about/returns"},{"metadata":{"id":"33a8MZle0U41CaYEE2aiZK","contentType":"linkItem"},"linkText":"Affiliate Programme","targetLink":"https://www.zooplus.co.uk/info/about/affiliate_programme"},{"metadata":{"id":"4DuJgG1C2O4emgyQvqI5tJ","contentType":"linkItem"},"linkText":"Magazine","targetLink":"https://www.zooplus.co.uk/magazine"},{"metadata":{"id":"5gLy14doFm1tVq13v8Qybj","contentType":"linkItem"},"linkText":"Sustainability","targetLink":"https://www.zooplus.co.uk/info/about/sustainability"}],"headline2":"Advantages","linkList2":[{"metadata":{"id":"5cY8Z2TtRTkY3lRGT9or07","contentType":"linkItem"},"linkText":"Loyalty Programme","targetLink":"https://www.zooplus.co.uk/bonuspoints/overview"},{"metadata":{"id":"3oGaUuckyqf7laGcojJBxb","contentType":"linkItem"},"linkText":"Charity Support","targetLink":"https://www.zooplus.co.uk/info/about/charity_support"},{"metadata":{"id":"5p2NiOgm2l0PlyBaWTPQuC","contentType":"linkItem"},"linkText":"Charity Discount","targetLink":"https://www.zooplus.co.uk/info/legal/animalcharity"},{"metadata":{"id":"7HiV1gGosTE9ao9sJYKD4X","contentType":"linkItem"},"linkText":"Breeder Programme","targetLink":"https://www.zooplus.co.uk/info/legal/breeder"},{"metadata":{"id":"1SQPSez06PtM2Sc8rXL8hN","contentType":"linkItem"},"linkText":"Newsletter","targetLink":"https://www.zooplus.co.uk/newsletter"},{"metadata":{"id":"7K1VMCrkLrDTYEWstxi2JB","contentType":"linkItem"},"linkText":"zooplus Repeat","targetLink":"https://www.zooplus.co.uk/info/about/subscription"},{"metadata":{"id":"5VVotkeSQikOnwVBOlAWRB","contentType":"linkItem"},"linkText":"Savings Plan","targetLink":"https://www.zooplus.co.uk/info/about/savingsplan3"}],"headline3":"Shopping","linkList3":[{"metadata":{"id":"4swWHIkwh679lPNJV9lL0P","contentType":"linkItem"},"linkText":"Special Offers","targetLink":"https://www.zooplus.co.uk/shop/pet_supplies_specials"},{"metadata":{"id":"2EwjlCjAHLprHwWh0u9zf2","contentType":"linkItem"},"linkText":"Clearance Sale","targetLink":"https://www.zooplus.co.uk/shop/pet_supplies_specials/sale"},{"metadata":{"id":"6n4329am79fyGgWww3sTht","contentType":"linkItem"},"linkText":"Seasonal Specials","targetLink":"https://www.zooplus.co.uk/shop/pet_supplies_specials/pet_supplies_seasonal"},{"metadata":{"id":"6euL9AqHMwHsH4aAr6nRst","contentType":"linkItem"},"linkText":"Exclusive Benefits \u0026 Vouchers","targetLink":"https://www.zooplus.co.uk/info/about/discounts_vouchers"},{"metadata":{"id":"5pac5wNfz64U1I14PRkDUO","contentType":"linkItem"},"linkText":"zooplus App","targetLink":"https://www.zooplus.co.uk/info/apps/apps"},{"metadata":{"id":"39tV3ZvNIsCXbbDHyeIvVj","contentType":"linkItem"},"linkText":"Categories","targetLink":"https://www.zooplus.co.uk/sitemap"}],"countrySelectorHeadline":"Choose your country","countries":[{"targetLink":"https://www.zoohit.cz/","countryName":"Czech Rep. / cs","flag":{"metadata":{"id":"43Kid66AUnAYeS8OfJh9EX","contentType":"flag"},"altText":"Czech Republic","image":"//images.ctfassets.net/w4bhfqu0yxyq/749WuxigSMWDJjy5lsA1VY/1ab6b53c0e3e69d56fd34e00d979a200/CZ_3x.png"},"isCurrentShop":false},{"targetLink":"https://www.zoohit.si/","countryName":"Slovenia / sl","flag":{"metadata":{"id":"32JZEEMK9200SygeZiPAgn","contentType":"flag"},"altText":"Slovenia","image":"//images.ctfassets.net/w4bhfqu0yxyq/6Ohfve9OaSGOi2y0bQ74kV/e2656df32116f544c5bb40cb0bae0f91/SI_3x.png"},"isCurrentShop":false},{"targetLink":"https://www.zoohit.sk/","countryName":"Slovakia / sk","flag":{"metadata":{"id":"2bwqX6h0LjllHSpqX4dMDZ","contentType":"flag"},"altText":"Slovakia","image":"//images.ctfassets.net/w4bhfqu0yxyq/6vSIWvPoUnnOYK38AvCR8z/6dfc1434550e37cf45ecdd4c9b7d905e/SK_3x.png"},"isCurrentShop":false},{"targetLink":"https://www.zooplus.at/","countryName":"Austria / de","flag":{"metadata":{"id":"4HssVZgPktuek6fwlNbybk","contentType":"flag"},"altText":"Austria","image":"//images.ctfassets.net/w4bhfqu0yxyq/242aoYC4Qiwp6h8cAfJSUX/3740b24f667102f6baec1cdcd630d4de/AT_3x.png"},"isCurrentShop":false},{"targetLink":"https://www.zooplus.be/","countryName":"Belgium / fr","flag":{"metadata":{"id":"69LXLMzH1jkOxh9MKkNZrJ","contentType":"flag"},"altText":"Belgium","image":"//images.ctfassets.net/w4bhfqu0yxyq/5fIGwratqasgUrGxOlb00e/da63f560b484edb183daac9332ddd348/BE_3x.png"},"isCurrentShop":false},{"targetLink":"https://www.zooplus.bg/","countryName":"Bulgaria / bg","flag":{"metadata":{"id":"23Jw29uYtu6ZCEfP6tkiPa","contentType":"flag"},"altText":"Bulgaria","image":"//images.ctfassets.net/w4bhfqu0yxyq/WSHX6Y5WT6ZPmPGuw18qv/65796b8f79c040b01481e3f592b1a082/BG_3x.png"},"isCurrentShop":false},{"targetLink":"https://www.zooplus.ch/","countryName":"Switzerland / de","flag":{"metadata":{"id":"4R5H2H3BXgGNDnFQeMM7DI","contentType":"flag"},"altText":"Switzerland","image":"//images.ctfassets.net/w4bhfqu0yxyq/3H6LBKDkPX93VZOr1ZGwxa/007c8863060291b82b7aaf6a980ed58e/CH_3x.png"},"isCurrentShop":false},{"targetLink":"https://www.zooplus.ch/fr/","countryName":"Switzerland / fr","flag":{"metadata":{"id":"4R5H2H3BXgGNDnFQeMM7DI","contentType":"flag"},"altText":"Switzerland","image":"//images.ctfassets.net/w4bhfqu0yxyq/3H6LBKDkPX93VZOr1ZGwxa/007c8863060291b82b7aaf6a980ed58e/CH_3x.png"},"isCurrentShop":false},{"targetLink":"https://www.zooplus.co.uk/","countryName":"UK / en","flag":{"metadata":{"id":"23iM6zGD0NcfN4u67966GQ","contentType":"flag"},"altText":"Great Britain\t","image":"//images.ctfassets.net/w4bhfqu0yxyq/3nZETqeREdhtDO9e5Oly1v/c840c1ee7e8cd018f680367c9d691741/CO-UK_3x.png"},"isCurrentShop":true},{"targetLink":"https://www.zooplus.com/","countryName":"zooplus.com / en","flag":{"metadata":{"id":"29POlg5cPMtBkowe5G29ah","contentType":"flag"},"altText":"Zooplus.com","image":"//images.ctfassets.net/w4bhfqu0yxyq/17S2qOZPq7OFrFpDba3PHD/97c85479ecffa015d0d445013a9295aa/COM_3x.png"},"isCurrentShop":false},{"targetLink":"https://www.zooplus.de/","countryName":"Germany / de","flag":{"metadata":{"id":"7Kc283iahddOwBXiLFHXCx","contentType":"flag"},"altText":"Germany","image":"//images.ctfassets.net/w4bhfqu0yxyq/6RRPZovTsbeNPxbgccnswj/0786db2b9dfd0aeaec87a959c11c42e6/DE_3x.png"},"isCurrentShop":false},{"targetLink":"https://www.zooplus.dk/","countryName":"Denmark / da","flag":{"metadata":{"id":"1W5PdXF8qLlXLbhRJNqalD","contentType":"flag"},"altText":"Denmark","image":"//images.ctfassets.net/w4bhfqu0yxyq/1tGF2Oq61uaSltaVUka3ed/9c5d23724e020f3be4d8055aaaf622de/DK_3x.png"},"isCurrentShop":false},{"targetLink":"https://www.zooplus.es/","countryName":"Spain / es","flag":{"metadata":{"id":"NsSnbu7pGWIn0UXH0N2XY","contentType":"flag"},"altText":"Spain","image":"//images.ctfassets.net/w4bhfqu0yxyq/PhoJRAosoLu8QjTxKNxkG/e744f84c4ef57af8cda9eca67c44f334/ES_3x.png"},"isCurrentShop":false},{"targetLink":"https://www.zooplus.fi/","countryName":"Finland / fi","flag":{"metadata":{"id":"6ceiH6oJx7fjRq7mdYFIoP","contentType":"flag"},"altText":"Finland","image":"//images.ctfassets.net/w4bhfqu0yxyq/1UeWe3wTWKkBTBoV3b6ZYc/31b393d67508f28161dfe2aa2b5b05bd/FI_3x-1-.png"},"isCurrentShop":false},{"targetLink":"https://www.zooplus.fr/","countryName":"France / fr","flag":{"metadata":{"id":"3Xs6EcHB8U9bzf6BZKJlEC","contentType":"flag"},"altText":"France","image":"//images.ctfassets.net/w4bhfqu0yxyq/34bE8xOXj5N7wozXXGyhp6/6d58ea0871744a9acf4589a78f851e0d/FR_3x.png"},"isCurrentShop":false},{"targetLink":"https://www.zooplus.gr/","countryName":"Greece / el","flag":{"metadata":{"id":"4hqNl5Lvf0MUBULZmYz14I","contentType":"flag"},"altText":"Ελλάδα","image":"//images.ctfassets.net/w4bhfqu0yxyq/6eAHgeDN9YxtrE46pSKUOH/f693ee4f17a94b42bbffe8f4c32855a4/GR_3x.png"},"isCurrentShop":false},{"targetLink":"https://www.zooplus.hr/","countryName":"Croatia / hr","flag":{"metadata":{"id":"5dYIbTo2DP3KdvJKVquUP1","contentType":"flag"},"altText":"Croatia","image":"//images.ctfassets.net/w4bhfqu0yxyq/3vRWhOHiyrSlrlyC1SwTua/de20db0832289c624394d9d4527448a4/HR_3x.png"},"isCurrentShop":false},{"targetLink":"https://www.zooplus.hu/","countryName":"Hungary / hu","flag":{"metadata":{"id":"3JjNSWr43f4LRj452Zcwcb","contentType":"flag"},"altText":"Hungary","image":"//images.ctfassets.net/w4bhfqu0yxyq/7HjkvA6AEyvRztl3wJkAE0/e77427fadc9640ca277cf97e6ed9f455/HU_3x.png"},"isCurrentShop":false},{"targetLink":"https://www.zooplus.ie/","countryName":"Ireland / en","flag":{"metadata":{"id":"3KuRaPxkPQiYYvkNFoX5ks","contentType":"flag"},"altText":"Ireland","image":"//images.ctfassets.net/w4bhfqu0yxyq/5W6qCjcxsR3R8GaPyremyw/b415ad3b618b382b7562117a523df79e/IE_3x.png"},"isCurrentShop":false},{"targetLink":"https://www.zooplus.it/","countryName":"Italy / it","flag":{"metadata":{"id":"4rGYzsdTOYP5bJXFqIkvvb","contentType":"flag"},"altText":"Italy","image":"//images.ctfassets.net/w4bhfqu0yxyq/7LbomLQSWVsMi1BCuYzb2T/f6684f355bbc22f2661463aac316d325/IT_3x.png"},"isCurrentShop":false},{"targetLink":"https://www.zooplus.nl/","countryName":"Netherlands / nl","flag":{"metadata":{"id":"27BLzCCc8Mwyzta3UeE7is","contentType":"flag"},"altText":"Netherlands ","image":"//images.ctfassets.net/w4bhfqu0yxyq/3KsPcEo1ciONMCxmOuYHnW/285f40f66e22962e4d79f2e6a08d4ee8/NL_3x.png"},"isCurrentShop":false},{"targetLink":"https://www.zooplus.no/","countryName":"Norway / no","flag":{"metadata":{"id":"5vURXVTxd5gtY3wClkkTld","contentType":"flag"},"altText":"Noway","image":"//images.ctfassets.net/w4bhfqu0yxyq/22jpLukVAg3PfDlx3ThaXy/1da6155ed7f2661411e08a3e8e374cc7/NO_3x.png"},"isCurrentShop":false},{"targetLink":"https://www.zooplus.pl/","countryName":"Poland / pl","flag":{"metadata":{"id":"56WfYttzWGm8MNTp9ddfX8","contentType":"flag"},"altText":"Poland","image":"//images.ctfassets.net/w4bhfqu0yxyq/1t2qTayEAn7EV98PoDfUxj/652836aa51634cf1757e54d398d07227/PL_3x.png"},"isCurrentShop":false},{"targetLink":"https://www.zooplus.pt/","countryName":"Portugal / pt","flag":{"metadata":{"id":"71IgAYTyljoPtNybYVQs8r","contentType":"flag"},"altText":"Portugal","image":"//images.ctfassets.net/w4bhfqu0yxyq/14uq4lcqvTkzL3s8hbUAvV/32892e1bd5ab9311612c810c6baeacce/PT_3x.png"},"isCurrentShop":false},{"targetLink":"https://www.zooplus.ro/","countryName":"Romania / ro","flag":{"metadata":{"id":"7GveGRr1qCBeu2n59lGTea","contentType":"flag"},"altText":"romania","image":"//images.ctfassets.net/w4bhfqu0yxyq/4wPPT7wefnpIERNR4jxqre/6826ecca059bac27d1a3daac5c9e0c3c/MicrosoftTeams-image__11_.png"},"isCurrentShop":false},{"targetLink":"https://www.zooplus.se/","countryName":"Sweden / sv","flag":{"metadata":{"id":"3PQvdMTUzwSgSMB16HRiAj","contentType":"flag"},"altText":"Sweden","image":"//images.ctfassets.net/w4bhfqu0yxyq/2iiNWeanWU3kZsgVqORsqz/56e7cbff9d5c27390d186cf003d3b428/SE_3x-1-.png"},"isCurrentShop":false}]},"footerSocialAndApps":{"metadata":{"id":"4mtZylMtOheST6Y4HxoWcH","contentType":"footerSocialAndApps"},"headline":"Social","facebookLink":"https://www.facebook.com/ZooplusUK","instagramLink":"https://www.instagram.com/zooplusuk/","twitterLink":null,"youtubeLink":"https://www.youtube.com/zooplus","pinterestLink":"https://www.pinterest.co.uk/zooplusuk/","zooplusBlogLink":null,"zooplusPodcastLink":null,"appBadges":[{"metadata":{"id":"4GkvvjDtpVh8PsEIg5tscy","contentType":"appBadge"},"altText":"App Store","image":"//images.ctfassets.net/qp85kbzn8noe/uVX4HD8QAkunYw9ZUQyxp/4853dd9c89c265697481c0ccdf23a9e3/_3x_Download_on_the_App_Store_Badge_UK.png","targetLink":"https://apps.apple.com/gb/app/zooplus/id582639260?utm-source=utm_source_teaser\u0026analytics-id=6m1fgbkwnn0h-6vpsYMTDDRaFm7hQuTxv2Q\u0026utm-source=utm_source_teaser\u0026analytics-id=qp85kbzn8noe-5FjadShlvg9QzkcRRHkPxx"},{"metadata":{"id":"gt45nMTtd99PmZFSCUtkY","contentType":"appBadge"},"altText":"Google Play","image":"//images.ctfassets.net/qp85kbzn8noe/7zELMjZ3PgfGFF1SmNVwnP/4992cbeaf33970a69c9217ba8777c757/_3x_google-play-badge_UK.png","targetLink":"https://play.google.com/store/apps/details?id=de.zooplus\u0026utm-source=utm_source_teaser\u0026analytics-id=6m1fgbkwnn0h-6f7VZinhXLvPOZ7oC2Di9m\u0026utm-source=utm_source_teaser\u0026analytics-id=qp85kbzn8noe-yZuLdUg8b1ESzuafyJkRL"}]}}},"isE2e":false,"localization":{"zooplus.beforePrice.set_article":"individually priced  {0}","product.sort.by":"Sort by","autoshipment.first.order.discount":"Get −{firstOrderDiscountPercentage}% off (up to a maximum of £20.00) on your first order and −{futureOrdersDiscountPercentage}% off on every following one","productDetail.tabs.title.description":"Product description","catalog.explore.pdp.customerpicture.number_many":"{count} customer photos","leaveFeedback.agreeTerms.textWithLink":"I agree to \u003ca href=\"javaScript:content_box_open();\"\u003ethe terms of participation\u003c/a\u003e","stockreminder.error.invalidemail":"Invalid email address","viewFeedback.title":"Customer review","confirmedFeedback.title":"Thank you for your review","shop.header.minicart.flyout.total":"Total","catalog.explore.pdp.review.number_other":"{count} reviews","expectedDeliveryDate.text":"Delivery in {0}-{1} working days","shop.dynamic-bundle.add-to-cart-button":"Add all to basket","product.details.seller.drawer.privacyPolicy":"Privacy policy","shop.discover.filter.accordion.search.no_results_text":"Please double-check the spelling or try other search terms.","shop.header.app.download.text":"Use app","general.button.viewAll":"View All","product.category.newproduct":"New Products!","product.category.trialaction":"Trial Offers","autoshipment.variant.list.label":"zooplus Repeat","shop.photoOverlay.Discount":"{0}% off","shop.photoOverlay.upToDiscount":"Up to {0}% off","general.empty.field":"Please fill out the {0} field.","accessibility.add.to.cart":"Add to basket","search.exorbyte.facetSummary.removeAll":"Remove all","variant.customerpicture.label":"Customer Photos","zooplus.search.placeholder":"Search the store","stockreminder.subheader":"Stock reminder","catalog.explore.pdp.review.number_many":"","shop.header.main.navigation.title":"zooplus main menu","product.rating_other":"{0} stars","search.exorbyte.toolbar.sortBy.lowestPrice":"Lowest price","productDetail.tabs.title.feedingrecommendation":"Feeding guide","autoshipment.filter.caption":"Save 5% on current standard price of all zooplus Repeat items","pictureUpload.display.title_many":"{0} customer product photos for","logout.title":"Logout","shop.allcategories.text":"All categories","general.page.text":"Page {0}","search.exorbyte.types.category":"Category","shop.header.accessible.secure.payment.alternative":"Secure Payment SSL","product.rating.sort.bybestrating":"Highest rating","catalog.explore.pdp.customerpicture.number_one":"{count} customer photo","m.catalog.product.variants":"Varieties","shop.header.account.salutation":"Welcome back","shop.header.burger.navigation.category":"Shop by Category","expectedDeliveryDate.dso.text":"Delivery time according to product details","checkout.bpa.popover.title":"Info","search.exorbyte.results.resultsTitle":"Results for \u003ci\u003eyour search term\u003c/i\u003e","catalog.discover.plp.seller":"Sold and shipped by:","price.metaStandardPrice":"Was","general.whileStocksLast":"Only available while stocks last!","mzp.reorder.article.personalized.discount.expire.date":"You’ve unlocked a special discount that will be applied at checkout. This discount is valid until {date}","shop.dynamic-bundle.header":"Frequently bought together","shop.header.accessible.catalog.menu":"Menu","price.metaReducedDiscountPrice":"Now","product.details.seller.drawer.returnPolicy":"Return policy","product.article.badge.new":"new","checkout.bpa.popover.text":"No further coupons can be applied to this item.","expectedDeliveryDate.dialog":"Deliveries take place within 1-2 working days.\u003cbr\u003e\u003cbr\u003eThis may vary slightly depending on the payment method, availability, your location and public holidays. Orders fulfilled from our EU fulfillment centers are likely to take an additional 2-3 days. In ‘my zooplus’, you can track the status of your order at any time from receipt of order to delivery.","general.language.select":"Select language","general.button.previous":"Previous","shop.header.burger.navigation.shop.by":"Shop by","shop.header.accessible.account.menu":"my zooplus Menu","shop.dynamic-bundle.collapsible-toggle.label":"Buy all","shop.header.account.login":"Login","shop.public.soft-redirect.label.title":"You are currently on {0} Would you like to shop in your preferred language","mzp.reorder.article.personalized.discount.active":"{discount} Deal unlocked","bonuspoints.title":"zooplus Loyalty Programme","checkout.bpa.price.text":"Info","catalog.discover.plp.more-variants":"{0} further variants available","productDetail.tabs.title.reviews":"Reviews","shop.header.account.bonusprogram":"Rewards","leaveFeedback.productfeedback.experience":"Your experience with this product...","general.button.submit":"Submit","price.reduced":"Now","expectedDeliveryDate.dialog.title":"Delivery time information","shop.discover.top_categories.heading":"Popular categories","helpProductEvaluation.link.text":"Learn how we manage reviews","shop.stockreminder.termsofuse.warning":"When you use our Stock Reminder Service you automatically accept the","stockreminder.error.generic":"Oops, something went wrong","product.details.accessibility.rating":"Rating","product.details.seller.drawer.termsAndConditions":"Terms and conditions","product.rating.all":"All stars","productReview.noreviews":"No reviews found.","shop.header.accessible.search.menu":"Search Menu","shop.header.search.autocomplete.title.services":"Service","price.refPriceAriaLabel":"More information","general.active.customer.zooplus":"10","general.info.additional.shippingcosts":"Additional \u003ca href=\"javaScript:content_box_open(\u0026apos;shippingcosts\u0026apos;);\"\u003eshipping costs\u003c/a\u003e may apply.","shop.header.callcenter":"+44 1865 951301","search.exorbyte.toolbar.sortBy.rating":"Reviews","productReview.reviewcount.for":"{0} reviews for","productDetail.tabs.title.ingredients":"Ingredients","shop.header.multilanguage.accessible.text":"Change language to ${language}","shop.advantages-box.heading":"Your benefits","search.exorbyte.results.noResultsTitle":"We’re sorry, but we couldn’t find any matches for \u003ci\u003eyour search term\u003c/i\u003e","productReview.reviewcount.for.singular":"{0} review for","accessibility.decrease.cart.quantity":"Decrease quantity in basket","catalog.explore.pdp.review.fetchError.details":"The content could not be loaded. Please try again later.","stockreminder.thanks":"Thank you for your interest. \u003cbr/\u003e We'll let you know when this item is back in stock again. We hope you enjoy the rest of your shopping at zooplus!","mzp.reorder.article.personalized.discount.badge":"Flash Deal","shop.header.minicart.flyout.empty.header":"Your Shopping Basket is empty :(","search.exorbyte.results.numResultsPhrase":"{{res_from}} - {{res_to}} of {{res_total}} products","productDetail.back.title":"back","leaveFeedback.rating.title":"Your rating","general.error.title":"Error","price.abd.discount.label":"discount","shop.header.burger.navigation.all.products":"All categories","expectedDeliveryDate.link":"more","general.terms.termsofuse":"Terms of Use","product.rating.sort.bydate":"Newest first","shop.header.account.orderoverview":"My orders","shop.header.account.flyout.accessible.description":"Press ENTER to open \"my zooplus\" menu","viewFeedback.link.text":"Write your review","shop.header.app.banner.subline":"Available in App Store","product.actions":"On Sale Now","search.exorbyte.toolbar.sortBy.newest":"Newest","shop.product.article.discount.inactive":"Apply voucher - save {0}","shop.header.main.navigation.category.accessible.button.label":"Open category menu","general.more.information":"...further information","price.standard":"Was","accessibility.cart.item.count":"Number of items","shop.header.account.overview":"my zooplus","catalog.explore.pdp.review.disclaimer.translated":"Translated from {0} by zooplus","variant.list.article.label":"Choose item","search.filter.show-more":"Show all filters","shop.header.search.autocomplete.title.suggestion":"Search suggestions for","variant.list.article.count":"{count} options","autoshipment.socialproof":"{socialProof}+ subscriptions already created","variant.add.to.cart.autoshipment":"Item added as zooplus Repeat to basket","shop.discover.level3.link_cloud.heading":"Haven't found what you're looking for?","shop.header.top.reorder":"Re-order","variant.returnpolicy.url":"https://support.zooplus.co.uk/en/support/solutions/76000004043#Returns%E2%80%AF\u0026_Claims__UK__Returns","shop.advantages-box.usp1":"Activate zooplus Repeat and save 5% every time","shop.advantages-box.usp3":"Over 8000 products to choose from","shop.advantages-box.usp2":"Trusted by over 10 million customers","detailsDisplay.review.number":"{0,choice,0#{0} reviews|1#1 review|1\u003c{0} reviews}","backToPDP.link.text":"Back to product","shop.discover.total.products.number":"{0} products","autoshipment.icon.alt":"autoshipment-icon","search.filter.submit":"Submit","shop.header.burger.navigation.all.categories":"All categories","product.article.discount.inactive":"Apply voucher - Save","upvote.tooltip.title":"Helpful","catalog.explore.pdp.customerpicture.number":"{count} customer photos","leaveFeedback.required":"Required fields","general.button.next":"Next","general.emailaddress":"Email Address","shop.header.minicart.flyout.empty.text":"There are no products in your shopping basket","catalog.explore.pdp.customerpicture.number_other":"{count} customer photos","general.show-less":"less","leaveFeedback.pageText":"We would like to remind you that product reviews are for exchange of experiences between zooplus customers about a specific product. \u003cb\u003eFor any product-related enquiries we ask that you\\n\u003ca href=\"{1}\"\u003econtact us\u003c/a\u003e. \u003c/b\u003e","product.rating.sort.upvotes":"Most Helpful first","shop.public.soft-redirect.label.redirect.site":"Go to {0}","general.field":"The field {0} must be a minimum of {1} characters with a maximum length of {2} characters.","general.price.allPricesWithTax":"All prices include statutory VAT. ","shop.header.search.autocomplete.separator":"» in","search.exorbyte.show.products.text":"See {0} products","expectedDeliveryDate.dso.link":"More information","pictureUpload.display.showMorePictures":"Show more photos","shop.header.categories.all.products.link":"View all","shop.discover.all.products":"All products","general.button.close":"Close","product.leaveFeedback.rating.verygood":"very good","autoshipment.info.label":"Save up to \u003cb\u003e35%\u003c/b\u003e discount on your first order","general.error.generic":"Oops, something went wrong","shop.header.minicart.flyout.header":"Your Shopping Basket","catalog.discover.plp.view-product-details":"View product details","catalog.discover.plp.view-variants":"View {0} variants","search.filter.show-less":"Show fewer filters","general.sponsored.products":"Sponsored","leaveFeedback.agreeTerms.error":"Please agree to the terms of participation","general.show-more":"more","shop.product.article.discount.active":"Voucher applied - {0} deducted at checkout","productDetail.tabs.title.analyticalconstituents":"Analytical constituents","autoshipment.single.delivery":"One-time delivery","leaveFeedback.feedbackTitle.title":"Please enter a title for your review","detailDisplay.customerPictures.upload":"Upload your product photo","shop.header.account.reorder":"Re-order","review.total.number":"Overall Rating ({0})","shop.public.soft-redirect.label.current.site":"Stay at {0}","meta.default.description.site":"zooplus offers you the best Online Pet Shop experience. Save up to 50% on big brand pet supplies for cats, dogs and other pets. Get all you need at zooplus.","leaveFeedback.email.title":"Your email address","pictureUpload.display.breadcrumbTitle":"Customer pictures","product.leaveFeedback.rating.poor":"poor","product.details.seller.drawer.withdrawalPolicy":"Withdrawal","reset.filters.text":"Reset filters","search.exorbyte.facetSummary.displayName":"Your selection","header.service.reorder":"Re-Order","zooplus.tooltip.min30Days.text":"Lowest price in the 30 days prior to the discount","product.details.accessibility.notRated":"Not Rated","product.rating.sort.byworstrating":"Lowest rated","general.login":"Login","search.exorbyte.to":"to","price.supplierReduced":"Our Price","shop.product.article.discount.relative.label":"Save {0}","variant.add.to.cart":"Item already added to basket","zooplus.actualPrice.set_article_text":"Now","catalog.explore.pdp.review.fetchError.retryButton":"Retry","confirmedFeedback.successful":"Thank you for taking the time to review this product. Here at zooplus we check each review individually so your review will not appear immediately. We publish all reviews that are acceptable within our netiquette guidelines. Please see our \u003ca href=\"/content/help_product_evaluation\"\u003eReview Publication Policy\u003c/a\u003e for further information.","product.back.title":"back to product","general.search.productSearch":"Product search","leaveFeedback.productfeedback.title":"My Product Review","general.price.from":"from","search.exorbyte.results.noResultsMessage":"Please try your search again: check for any errors or try similar words. If you still can't find what you are looking for, please contact our \u003ca href=\"/contact_us/\"\u003ecustomer service team\u003c/a\u003e for assistance or to suggest that we add a specific product to our shop.","product.rating_one":"{0} star","shop.discover.filter.accordion.search.no_results":"No results found","price.megapackStandard":"Was","shop.header.search.label":"Search","leaveFeedback.pageIntroduction":"Did your pet enjoy this product? Share your feedback by posting a review. Product evaluations should provide relevant, helpful information - if you have any enquiries about the product please contact \u003ca href=\"{1}\"\u003ecustomer service\u003c/a\u003e.","pictureUpload.display.goToUpload":"Upload your photo now!","shop.header.search.placeholder":"Search the store","product.filter.by":"Filter by","productdetail.document.downloadLink":"Download {0}.{1}","productReview.inviteFirstReview":"Be the first to review this product.","stockreminder.error.conflict":"You've already registered with this email for this item","accessibility.increase.cart.quantity":"Increase quantity in basket","price.megapackReduced":"Now","product.details.seller":"Sold and shipped by our partner","leaveFeedback.name.title":"Your name","product.article.discount.active":"Voucher applied - Save","shop.dynamic-bundle.total-price":"Total price","homepage.cat.container.title":"Cat Shop","productDetail.tabs.title.documents":"Additional information","pictureUpload.display.sharePhotos":"Do you have a product photo of {0} that you want to share?","shop.header.app.banner.text":"The zooplus app","shop.private.label.product.text.localized":"zooplus choice","search.exorbyte.facet.category":"Select category","shop.header.top.account":"my zooplus","product.details.stockreminder.notavailable":"Sold out","catalog.explore.pdp.review.fetchError.header":"Something went wrong","general.form.send":"Send","price.supplierStandard":"RRP*","pictureUpload.display.title":"{0} customer product photos for","shop.product.expected.availability":"Due back in stock in {0} days - approx. {1}","shop.header.search.autocomplete.title.products":"Products","stockreminder.header":"Currently out of stock","productDetail.link.to.analyticalconstituents":"Go to analytical constituents","product.details.seller.drawer.title":"Seller information","variant.returnpolicy.label":"Return Policy","shop.header.top.help":"Contact us","catalog.explore.pdp.review.disclaimer.copied":"Originally published in {0}","homepage.dog.container.title":"Dog Shop","product.category.specialoffer":"Special Offers","general.deliveryDate":"Delivery Date","leaveFeedback.title2":"Your review of","productReview.latest.reviews":"Latest user reviews","price.metaStandardDiscountPrice":"Now","shop.private.label.product.text":"zooplus choice","price.metaReducedPrice":"Was","product.details.stockreminder.notifyme":"Notify me when available","search.filter.cancel":"Cancel","leaveFeedback.publicViewable":"Display your name with this review","search.exorbyte.toolbar.sortBy.relevance":"Top sellers","shop.discover.filter.accordion.search.placeholder":"Search","variant.selection.discountPresenceIndicator":"% Voucher available","mzp.reorder.article.personalized.discount.inactive":"Click to unlock deal","product.morePictures":"More photos ({0})","shop.header.cart.button.label":"Shopping Basket","variant.selection.placeholder":"Please select an option","variant.customerpicture.allpictures":"See all photos","search.exorbyte.toolbar.sortBy.highestPrice":"Highest price","catalog.explore.pdp.review.number_one":"{count} review","shop.header.account.logout":"Logout","shop.header.accessible.logo.alternative":"zooplus logo","leaveFeedback.comments.title":"Type your review in the space below","stockreminder.termsofuse.text":"You agree that availability notifications will be sent to the email address provided. If the desired product is not available within a certain time frame, zooplus will inform you, and may send you suitable product recommendations or vouchers up to 30 days after your request for notification. For more information, please see our \u003ca href=\"/info/legal/privacy\" target=\"_blank\"\u003ePrivacy Policy\u003c/a\u003e.","general.email.error":"The email address you entered appears to be incorrect.","homepage.title.site":"Pet Supplies at zooplus Online Pet Shop, Pet Food \u0026 Pet Accessories.","shop.general.info":"\u003ca href=\\\" /info/about/free_delivery\\\"\u003e \u003cb\u003eFREE Delivery on ALL Orders* \u003e\u003e\u003c/b\u003e\u003c/a\u003e","shop.header.account.customerId":"Customer Number","search.filter.head":"Filter by","shop.header.minicart.flyout.button":"Go to Basket"},"optimizelyDecisions":{"idpo-1390_rebranding_foundation":{"flagKey":"idpo-1390_rebranding_foundation","flagRule":"targeted_delivery","ruleKey":"idpo-1390_rebranding_foundation_targeted_delivery","variationKey":"on"}},"pageWidth":"narrow"},"pageLevelProps":{"name":"@shop/pdp","feedbackConfirmation":null,"serverSideABD":{},"productDetails":{"sites":{"siteId":3,"countryCode":"GB","locale":"en-gb","logoLocation":"https://media.zooplus.com/bilder/0/zooplus_0.png"},"product":{"shopIdentifier":1934717,"groupId":653255,"mainCategoryId":653255,"groupPath":"/shop/cats/dry_cat_food/encore/1934717","title":"Encore Cat Chicken with Salmon","brands":["Encore"],"summary":"Balanced dry food for cats, with 100% natural ingredients and no grains or gluten, with chicken and salmon as the key ingredients, rich in protein and a source of taurine and omega-3 fatty acids.","description":"Encore Cat Chicken with Salmon is a delicious dry food for cats, made with\u0026nbsp;\u003cstrong\u003e100% natural ingredients\u003c/strong\u003e. The main ingredients are chicken and salmon, which form over 80% of the recipe and provide essential protein. This kibble contains no grains, gluten or other allergies, making it an ideal choice as a delectable\u0026nbsp;\u003cstrong\u003ehypoallergenic\u003c/strong\u003e\u0026nbsp;option for more sensitive cats. This food is easy to digest and contains potato as a digestible source of carbohydrate and fibre.\u003cbr\u003e\nThis\u0026nbsp;Encore Cat Chicken with Salmon provides\u0026nbsp;\u003cstrong\u003eomega-3 fatty acids\u003c/strong\u003e\u0026nbsp;from salmon oil, which helps to keep skin and coat healthy as well as supporting healthy brain function. It provides your cat with essential vitamins, minerals and taurine, a vital amino acid for supporting heart and vision.\u0026nbsp;Encore Cat Chicken with Salmon also contains yucca schidigera to help reduce unpleasant stool odour.\u003cbr\u003e\n\u003cbr\u003e\n\u003cstrong\u003eEncore Cat Chicken with Salmon at a glance:\u003c/strong\u003e\n\u003cul\u003e\n\t\u003cli\u003eDelicious dry food for cats\u003c/li\u003e\n\t\u003cli\u003e\u003cstrong\u003eProtein-rich:\u0026nbsp;\u003c/strong\u003ewith a high content of chicken and salmon\u003c/li\u003e\n\t\u003cli\u003e\u003cstrong\u003eHypoallergenic:\u0026nbsp;\u003c/strong\u003efree from allergens such as grains and gluten\u003c/li\u003e\n\t\u003cli\u003e\u003cstrong\u003eNatural ingredients:\u0026nbsp;\u003c/strong\u003efree from artificial flavour enhancers and preservatives\u003c/li\u003e\n\t\u003cli\u003e\u003cstrong\u003eContains omega-3 fatty acids:\u0026nbsp;\u003c/strong\u003eto support skin and coat, as well as maintain healthy brain function\u003c/li\u003e\n\t\u003cli\u003e\u003cb\u003eWith brown algae:\u0026nbsp;\u003c/b\u003enatural source of minerals\u003c/li\u003e\n\t\u003cli\u003e\u003cstrong\u003eSource of taurine:\u0026nbsp;\u003c/strong\u003eessential amino acid for healthy heart function and strong vision\u003c/li\u003e\n\t\u003cli\u003e\u003cb\u003eContains yucca schidigera:\u0026nbsp;\u003c/b\u003ecan help to reduce unpleasant stool odour\u003c/li\u003e\n\t\u003cli\u003e\u003cstrong\u003eBalanced recipe:\u0026nbsp;\u003c/strong\u003esuitable as a complete food for daily feeding\u003c/li\u003e\n\u003c/ul\u003e\n","ingredientsText":"\u003cstrong\u003eIngredients:\u003c/strong\u003e\u003cbr\u003e\nDried chicken meal (50%), dried salmon meal (13%), chicken mince (13%), potato, salmon (6%), beet pulp, brewer's yeast, salmon oil (1%, source of omega-3), chicken gravy (1%), fish gravy (0.5%), vitamins and minerals, dried egg, cellulose, plant fibres (0.03%), sodium chloride, calcium carbonate, brown algae, cranberry, DL-methionine, potassium chloride, yucca extract, citrus extract, rosemary extract.\u003cbr\u003e\n\u003cbr\u003e\n\u003cstrong\u003eAdditives per kg:\u003c/strong\u003e\u003cbr\u003e\n\u003ci\u003eNutritional additives:\u003c/i\u003e\u003cbr\u003e\nVitamin A (27,850 IU), vitamin D3 (1200 IU), taurine (2000mg), vitamin E (615mg), selenium [as sodium selenite] (0.13mg), iodine [as calcium iodate anhydrous] (1.5mg), iron [as ferrous sulphate monohydrate] (80mg), copper [as cupric sulphate pentahydrate] (48mg), manganese [as manganous sulphate monohydrate] (38mg), zinc [as zinc sulphate monohydrate] (135mg).\u003cbr\u003e\n\u003cem\u003eTechnological additives:\u003c/em\u003e\u003cbr\u003e\nE1705 Enterococcus Faecium Cernelle 68 [Sf68; Ncimb 10415] (1.000.000.000 Cfu).\u003cbr\u003e\nNatural antioxidants: mixed tocopherols, rosemary extract.","feedingRecommendationText":"\u003cstrong\u003eFeeding recommendation:\u003c/strong\u003e\u003cbr\u003e\nEncore Cat Chicken with Salmon\u0026nbsp;is a complete food for cats.\u003cbr\u003e\n\u0026nbsp;\n\u003ctable border=\"1\" cellpadding=\"1\" cellspacing=\"1\" style=\"width: 340px;\"\u003e\n\t\u003ctbody\u003e\n\t\t\u003ctr\u003e\n\t\t\t\u003ctd style=\"text-align: center;\"\u003e\u003cstrong\u003e\u003csmall\u003eCat's weight\u003c/small\u003e\u003c/strong\u003e\u003c/td\u003e\n\t\t\t\u003ctd style=\"text-align: center;\"\u003e\u003cstrong\u003e\u003csmall\u003eServing in g/day\u003c/small\u003e\u003c/strong\u003e\u003c/td\u003e\n\t\t\u003c/tr\u003e\n\t\t\u003ctr\u003e\n\t\t\t\u003ctd style=\"text-align: center;\"\u003e\u003csmall\u003e\u0026nbsp;0 - 3 kg\u003c/small\u003e\u003c/td\u003e\n\t\t\t\u003ctd style=\"text-align: center;\"\u003e\u003csmall\u003e20 - 40 g\u003c/small\u003e\u003c/td\u003e\n\t\t\u003c/tr\u003e\n\t\t\u003ctr\u003e\n\t\t\t\u003ctd style=\"text-align: center;\"\u003e\u003csmall\u003e3 - 5 kg\u003c/small\u003e\u003c/td\u003e\n\t\t\t\u003ctd style=\"text-align: center;\"\u003e\u003csmall\u003e40 - 60 g\u003c/small\u003e\u003c/td\u003e\n\t\t\u003c/tr\u003e\n\t\t\u003ctr\u003e\n\t\t\t\u003ctd style=\"text-align: center;\"\u003e\u003csmall\u003e\u0026nbsp;5kg+\u003c/small\u003e\u003c/td\u003e\n\t\t\t\u003ctd style=\"text-align: center;\"\u003e\u003csmall\u003e60 - 100 g\u0026nbsp;\u003c/small\u003e\u003c/td\u003e\n\t\t\u003c/tr\u003e\n\t\u003c/tbody\u003e\n\u003c/table\u003e\n\u003cbr\u003e\nEnsure fresh, clean drinking water is always available.","mediaDetails":{"newProduct":false,"medias":[{"video":false,"thumbnail":"https://media.zooplus.com/bilder/4/50/413997_pla_encore_cat_huhn_lachs_hs_01_4.jpg","title":"Encore Cat Chicken with Salmon","detail":"https://media.zooplus.com/bilder/4/400/413997_pla_encore_cat_huhn_lachs_hs_01_4.jpg","full":"https://media.zooplus.com/bilder/4/800/413997_pla_encore_cat_huhn_lachs_hs_01_4.jpg"},{"video":false,"thumbnail":"https://media.zooplus.com/bilder/2/50/413997_encore_cat_huhn_lachs_hs_02_2.jpg","title":"Encore Cat Chicken with Salmon","detail":"https://media.zooplus.com/bilder/2/400/413997_encore_cat_huhn_lachs_hs_02_2.jpg","full":"https://media.zooplus.com/bilder/2/800/413997_encore_cat_huhn_lachs_hs_02_2.jpg"},{"video":false,"thumbnail":"https://media.zooplus.com/bilder/9/50/413997_encore_cat_huhn_lachs_hs_03_9.jpg","title":"Encore Cat Chicken with Salmon","detail":"https://media.zooplus.com/bilder/9/400/413997_encore_cat_huhn_lachs_hs_03_9.jpg","full":"https://media.zooplus.com/bilder/9/800/413997_encore_cat_huhn_lachs_hs_03_9.jpg"},{"video":false,"thumbnail":"https://media.zooplus.com/bilder/5/50/413997_encore_cat_huhn_lachs_hs_04_5.jpg","title":"Encore Cat Chicken with Salmon","detail":"https://media.zooplus.com/bilder/5/400/413997_encore_cat_huhn_lachs_hs_04_5.jpg","full":"https://media.zooplus.com/bilder/5/800/413997_encore_cat_huhn_lachs_hs_04_5.jpg"}]},"priceAggregate":{"minArticlePrice":"£5.79","minArticlePriceRaw":5.79,"maxArticlePrice":"£10.39","maxArticlePriceRaw":10.39,"currency":"GBP","firstArticlePrice":"£5.79","hasMoreExpensiveArticles":true},"articleVariants":[{"id":5134158,"variantId":0,"whileStockLasts":false,"available":true,"description":"800g","ean":"5060122491686","bestPriced":false,"articleConstituents":[{"ingredientName":"protein","amount":37,"unit":"%"},{"ingredientName":"fat","amount":20,"unit":"%"},{"ingredientName":"fibre","amount":2.2,"unit":"%"},{"ingredientName":"ash","amount":10.8,"unit":"%"},{"ingredientName":"calcium","amount":2.8,"unit":"%"},{"ingredientName":"omega-3 fats","amount":1.4,"unit":"%"},{"ingredientName":"omega-6 fats","amount":3.5,"unit":"%"}],"offers":[{"offerId":"1P.5134158","seller":{"id":1,"type":"ZOOPLUS","name":"zooplus"},"available":true,"price":{"currency":"GBP","currentPrice":{"value":5.79,"label":"£5.79","labelFull":"£5.79","prefix":""}},"unit":{"unitPrice":"£7.24","unitQuantity":0.8,"unitPriceLabel":"£7.24 / kg","unitName":"kg"},"deliveryDays":{"min":1,"max":2}}],"omTitle":"800g Chicken with Salmon Encore Dry Cat Food","supplementArticle":false,"pictures":[{"video":false,"thumbnail":"https://media.zooplus.com/bilder/4/50/413997_pla_encore_cat_huhn_lachs_hs_01_4.jpg","title":"Encore Cat Chicken with Salmon","detail":"https://media.zooplus.com/bilder/4/400/413997_pla_encore_cat_huhn_lachs_hs_01_4.jpg","full":"https://media.zooplus.com/bilder/4/800/413997_pla_encore_cat_huhn_lachs_hs_01_4.jpg"}]},{"id":5134159,"variantId":1,"whileStockLasts":false,"available":true,"description":"Economy Pack: 2 x 800g","ean":"5060122491686","bestPriced":false,"articleConstituents":[{"ingredientName":"protein","amount":37,"unit":"%"},{"ingredientName":"fat","amount":20,"unit":"%"},{"ingredientName":"fibre","amount":2.2,"unit":"%"},{"ingredientName":"ash","amount":10.8,"unit":"%"},{"ingredientName":"calcium","amount":2.8,"unit":"%"},{"ingredientName":"omega-3 fats","amount":1.4,"unit":"%"},{"ingredientName":"omega-6 fats","amount":3.5,"unit":"%"}],"offers":[{"offerId":"1P.5134159","seller":{"id":1,"type":"ZOOPLUS","name":"zooplus"},"available":true,"price":{"currency":"GBP","beforePrice":{"value":11.58,"label":"£11.58","labelFull":"individually priced  £11.58","prefix":"individually priced"},"currentPrice":{"value":10.39,"label":"£10.39","labelFull":"Now £10.39","prefix":"Now"}},"unit":{"unitPrice":"£6.49","unitQuantity":1.6,"unitPriceLabel":"£6.49 / kg","unitName":"kg"},"deliveryDays":{"min":1,"max":2}}],"omTitle":"2x800g Chicken with Salmon Encore Dry Cat Food","supplementArticle":false,"pictures":[{"video":false,"thumbnail":"https://media.zooplus.com/bilder/4/50/413997_pla_encore_cat_huhn_lachs_hs_01_4.jpg","title":"Encore Cat Chicken with Salmon","detail":"https://media.zooplus.com/bilder/4/400/413997_pla_encore_cat_huhn_lachs_hs_01_4.jpg","full":"https://media.zooplus.com/bilder/4/800/413997_pla_encore_cat_huhn_lachs_hs_01_4.jpg"}]}],"documents":[],"zooplusChoice":false,"zooplusChoiceBadge":"zooplus choice","zooplusChoiceDescription":"Excellent price-quality ratio products recommended by our customer","autoshipmentAdditionalInfo":{}},"feedbackAggregate":{"title":"Crazy cat ","averageRating":4,"reviewCount":2,"perLanguageReviewCount":2,"numberOfReviews":{"total":2,"perLanguage":{"total":2,"byRating":{"1":0,"2":1,"3":0,"4":0,"5":1}}},"bestReview":{"id":13222529,"name":"VB","date":"2024-04-21","rating":5,"title":"Crazy cat ","text":"My cat loved this so much it was like I had opened a bag of treats - mixed the encore biscuits with the last of his previous brand and he would try and pick the encore ones out!","likes":0}},"metaInfo":{"pageTitle":"Encore Cat Chicken with Salmon | zooplus.co.uk","robots":"index, follow","canonical":"/shop/cats/dry_cat_food/encore/1934717","description":"Order Encore Cat Chicken with Salmon now at zooplus. Free delivery from £39. Check out customer reviews to see what others think!"},"categories":{"extId":653255,"breadcrumbs":[{"extId":3315,"level":1,"path":"/","title":"zooplus.co.uk"},{"extId":3316,"level":2,"path":"/shop/cats","title":"Cat"},{"extId":3325,"level":3,"path":"/shop/cats/dry_cat_food","title":"Dry Cat Food"},{"extId":653255,"level":4,"path":"/shop/cats/dry_cat_food/encore","title":"Encore"}],"petTypeProductGroupId":3316,"animalType":"CATS"},"localizations":{"zooplus.beforePrice.set_article":"individually priced  {0}","product.sort.by":"Sort by","autoshipment.first.order.discount":"Get −{firstOrderDiscountPercentage}% off (up to a maximum of £20.00) on your first order and −{futureOrdersDiscountPercentage}% off on every following one","productDetail.tabs.title.description":"Product description","catalog.explore.pdp.customerpicture.number_many":"{count} customer photos","leaveFeedback.agreeTerms.textWithLink":"I agree to \u003ca href=\"javaScript:content_box_open();\"\u003ethe terms of participation\u003c/a\u003e","stockreminder.error.invalidemail":"Invalid email address","viewFeedback.title":"Customer review","confirmedFeedback.title":"Thank you for your review","shop.header.minicart.flyout.total":"Total","catalog.explore.pdp.review.number_other":"{count} reviews","expectedDeliveryDate.text":"Delivery in {0}-{1} working days","shop.dynamic-bundle.add-to-cart-button":"Add all to basket","product.details.seller.drawer.privacyPolicy":"Privacy policy","shop.discover.filter.accordion.search.no_results_text":"Please double-check the spelling or try other search terms.","shop.header.app.download.text":"Use app","general.button.viewAll":"View All","product.category.newproduct":"New Products!","product.category.trialaction":"Trial Offers","autoshipment.variant.list.label":"zooplus Repeat","shop.photoOverlay.Discount":"{0}% off","shop.photoOverlay.upToDiscount":"Up to {0}% off","general.empty.field":"Please fill out the {0} field.","accessibility.add.to.cart":"Add to basket","search.exorbyte.facetSummary.removeAll":"Remove all","variant.customerpicture.label":"Customer Photos","zooplus.search.placeholder":"Search the store","stockreminder.subheader":"Stock reminder","catalog.explore.pdp.review.number_many":"","shop.header.main.navigation.title":"zooplus main menu","product.rating_other":"{0} stars","search.exorbyte.toolbar.sortBy.lowestPrice":"Lowest price","productDetail.tabs.title.feedingrecommendation":"Feeding guide","autoshipment.filter.caption":"Save 5% on current standard price of all zooplus Repeat items","pictureUpload.display.title_many":"{0} customer product photos for","logout.title":"Logout","shop.allcategories.text":"All categories","general.page.text":"Page {0}","search.exorbyte.types.category":"Category","shop.header.accessible.secure.payment.alternative":"Secure Payment SSL","product.rating.sort.bybestrating":"Highest rating","catalog.explore.pdp.customerpicture.number_one":"{count} customer photo","m.catalog.product.variants":"Varieties","shop.header.account.salutation":"Welcome back","shop.header.burger.navigation.category":"Shop by Category","expectedDeliveryDate.dso.text":"Delivery time according to product details","checkout.bpa.popover.title":"Info","search.exorbyte.results.resultsTitle":"Results for \u003ci\u003eyour search term\u003c/i\u003e","catalog.discover.plp.seller":"Sold and shipped by:","price.metaStandardPrice":"Was","general.whileStocksLast":"Only available while stocks last!","mzp.reorder.article.personalized.discount.expire.date":"You’ve unlocked a special discount that will be applied at checkout. This discount is valid until {date}","shop.dynamic-bundle.header":"Frequently bought together","shop.header.accessible.catalog.menu":"Menu","price.metaReducedDiscountPrice":"Now","product.details.seller.drawer.returnPolicy":"Return policy","product.article.badge.new":"new","checkout.bpa.popover.text":"No further coupons can be applied to this item.","expectedDeliveryDate.dialog":"Deliveries take place within 1-2 working days.\u003cbr\u003e\u003cbr\u003eThis may vary slightly depending on the payment method, availability, your location and public holidays. Orders fulfilled from our EU fulfillment centers are likely to take an additional 2-3 days. In ‘my zooplus’, you can track the status of your order at any time from receipt of order to delivery.","general.language.select":"Select language","general.button.previous":"Previous","shop.header.burger.navigation.shop.by":"Shop by","shop.header.accessible.account.menu":"my zooplus Menu","shop.dynamic-bundle.collapsible-toggle.label":"Buy all","shop.header.account.login":"Login","shop.public.soft-redirect.label.title":"You are currently on {0} Would you like to shop in your preferred language","mzp.reorder.article.personalized.discount.active":"{discount} Deal unlocked","bonuspoints.title":"zooplus Loyalty Programme","checkout.bpa.price.text":"Info","catalog.discover.plp.more-variants":"{0} further variants available","productDetail.tabs.title.reviews":"Reviews","shop.header.account.bonusprogram":"Rewards","leaveFeedback.productfeedback.experience":"Your experience with this product...","general.button.submit":"Submit","price.reduced":"Now","expectedDeliveryDate.dialog.title":"Delivery time information","shop.discover.top_categories.heading":"Popular categories","helpProductEvaluation.link.text":"Learn how we manage reviews","shop.stockreminder.termsofuse.warning":"When you use our Stock Reminder Service you automatically accept the","stockreminder.error.generic":"Oops, something went wrong","product.details.accessibility.rating":"Rating","product.details.seller.drawer.termsAndConditions":"Terms and conditions","product.rating.all":"All stars","productReview.noreviews":"No reviews found.","shop.header.accessible.search.menu":"Search Menu","shop.header.search.autocomplete.title.services":"Service","price.refPriceAriaLabel":"More information","general.active.customer.zooplus":"10","general.info.additional.shippingcosts":"Additional \u003ca href=\"javaScript:content_box_open(\u0026apos;shippingcosts\u0026apos;);\"\u003eshipping costs\u003c/a\u003e may apply.","shop.header.callcenter":"+44 1865 951301","search.exorbyte.toolbar.sortBy.rating":"Reviews","productReview.reviewcount.for":"{0} reviews for","productDetail.tabs.title.ingredients":"Ingredients","shop.header.multilanguage.accessible.text":"Change language to ${language}","shop.advantages-box.heading":"Your benefits","search.exorbyte.results.noResultsTitle":"We’re sorry, but we couldn’t find any matches for \u003ci\u003eyour search term\u003c/i\u003e","productReview.reviewcount.for.singular":"{0} review for","accessibility.decrease.cart.quantity":"Decrease quantity in basket","catalog.explore.pdp.review.fetchError.details":"The content could not be loaded. Please try again later.","stockreminder.thanks":"Thank you for your interest. \u003cbr/\u003e We'll let you know when this item is back in stock again. We hope you enjoy the rest of your shopping at zooplus!","mzp.reorder.article.personalized.discount.badge":"Flash Deal","shop.header.minicart.flyout.empty.header":"Your Shopping Basket is empty :(","search.exorbyte.results.numResultsPhrase":"{{res_from}} - {{res_to}} of {{res_total}} products","productDetail.back.title":"back","leaveFeedback.rating.title":"Your rating","general.error.title":"Error","price.abd.discount.label":"discount","shop.header.burger.navigation.all.products":"All categories","expectedDeliveryDate.link":"more","general.terms.termsofuse":"Terms of Use","product.rating.sort.bydate":"Newest first","shop.header.account.orderoverview":"My orders","shop.header.account.flyout.accessible.description":"Press ENTER to open \"my zooplus\" menu","viewFeedback.link.text":"Write your review","shop.header.app.banner.subline":"Available in App Store","product.actions":"On Sale Now","search.exorbyte.toolbar.sortBy.newest":"Newest","shop.product.article.discount.inactive":"Apply voucher - save {0}","shop.header.main.navigation.category.accessible.button.label":"Open category menu","general.more.information":"...further information","price.standard":"Was","accessibility.cart.item.count":"Number of items","shop.header.account.overview":"my zooplus","catalog.explore.pdp.review.disclaimer.translated":"Translated from {0} by zooplus","variant.list.article.label":"Choose item","search.filter.show-more":"Show all filters","shop.header.search.autocomplete.title.suggestion":"Search suggestions for","variant.list.article.count":"{count} options","autoshipment.socialproof":"{socialProof}+ subscriptions already created","variant.add.to.cart.autoshipment":"Item added as zooplus Repeat to basket","shop.discover.level3.link_cloud.heading":"Haven't found what you're looking for?","shop.header.top.reorder":"Re-order","variant.returnpolicy.url":"https://support.zooplus.co.uk/en/support/solutions/76000004043#Returns%E2%80%AF\u0026_Claims__UK__Returns","shop.advantages-box.usp1":"Activate zooplus Repeat and save 5% every time","shop.advantages-box.usp3":"Over 8000 products to choose from","shop.advantages-box.usp2":"Trusted by over 10 million customers","detailsDisplay.review.number":"{0,choice,0#{0} reviews|1#1 review|1\u003c{0} reviews}","backToPDP.link.text":"Back to product","shop.discover.total.products.number":"{0} products","autoshipment.icon.alt":"autoshipment-icon","search.filter.submit":"Submit","shop.header.burger.navigation.all.categories":"All categories","product.article.discount.inactive":"Apply voucher - Save","upvote.tooltip.title":"Helpful","catalog.explore.pdp.customerpicture.number":"{count} customer photos","leaveFeedback.required":"Required fields","general.button.next":"Next","general.emailaddress":"Email Address","shop.header.minicart.flyout.empty.text":"There are no products in your shopping basket","catalog.explore.pdp.customerpicture.number_other":"{count} customer photos","general.show-less":"less","leaveFeedback.pageText":"We would like to remind you that product reviews are for exchange of experiences between zooplus customers about a specific product. \u003cb\u003eFor any product-related enquiries we ask that you\\n\u003ca href=\"{1}\"\u003econtact us\u003c/a\u003e. \u003c/b\u003e","product.rating.sort.upvotes":"Most Helpful first","shop.public.soft-redirect.label.redirect.site":"Go to {0}","general.field":"The field {0} must be a minimum of {1} characters with a maximum length of {2} characters.","general.price.allPricesWithTax":"All prices include statutory VAT. ","shop.header.search.autocomplete.separator":"» in","search.exorbyte.show.products.text":"See {0} products","expectedDeliveryDate.dso.link":"More information","pictureUpload.display.showMorePictures":"Show more photos","shop.header.categories.all.products.link":"View all","shop.discover.all.products":"All products","general.button.close":"Close","product.leaveFeedback.rating.verygood":"very good","autoshipment.info.label":"Save up to \u003cb\u003e35%\u003c/b\u003e discount on your first order","general.error.generic":"Oops, something went wrong","shop.header.minicart.flyout.header":"Your Shopping Basket","catalog.discover.plp.view-product-details":"View product details","catalog.discover.plp.view-variants":"View {0} variants","search.filter.show-less":"Show fewer filters","general.sponsored.products":"Sponsored","leaveFeedback.agreeTerms.error":"Please agree to the terms of participation","general.show-more":"more","shop.product.article.discount.active":"Voucher applied - {0} deducted at checkout","productDetail.tabs.title.analyticalconstituents":"Analytical constituents","autoshipment.single.delivery":"One-time delivery","leaveFeedback.feedbackTitle.title":"Please enter a title for your review","detailDisplay.customerPictures.upload":"Upload your product photo","shop.header.account.reorder":"Re-order","review.total.number":"Overall Rating ({0})","shop.public.soft-redirect.label.current.site":"Stay at {0}","meta.default.description.site":"zooplus offers you the best Online Pet Shop experience. Save up to 50% on big brand pet supplies for cats, dogs and other pets. Get all you need at zooplus.","leaveFeedback.email.title":"Your email address","pictureUpload.display.breadcrumbTitle":"Customer pictures","product.leaveFeedback.rating.poor":"poor","product.details.seller.drawer.withdrawalPolicy":"Withdrawal","reset.filters.text":"Reset filters","search.exorbyte.facetSummary.displayName":"Your selection","header.service.reorder":"Re-Order","zooplus.tooltip.min30Days.text":"Lowest price in the 30 days prior to the discount","product.details.accessibility.notRated":"Not Rated","product.rating.sort.byworstrating":"Lowest rated","general.login":"Login","search.exorbyte.to":"to","price.supplierReduced":"Our Price","shop.product.article.discount.relative.label":"Save {0}","variant.add.to.cart":"Item already added to basket","zooplus.actualPrice.set_article_text":"Now","catalog.explore.pdp.review.fetchError.retryButton":"Retry","confirmedFeedback.successful":"Thank you for taking the time to review this product. Here at zooplus we check each review individually so your review will not appear immediately. We publish all reviews that are acceptable within our netiquette guidelines. Please see our \u003ca href=\"/content/help_product_evaluation\"\u003eReview Publication Policy\u003c/a\u003e for further information.","product.back.title":"back to product","general.search.productSearch":"Product search","leaveFeedback.productfeedback.title":"My Product Review","general.price.from":"from","search.exorbyte.results.noResultsMessage":"Please try your search again: check for any errors or try similar words. If you still can't find what you are looking for, please contact our \u003ca href=\"/contact_us/\"\u003ecustomer service team\u003c/a\u003e for assistance or to suggest that we add a specific product to our shop.","product.rating_one":"{0} star","shop.discover.filter.accordion.search.no_results":"No results found","price.megapackStandard":"Was","shop.header.search.label":"Search","leaveFeedback.pageIntroduction":"Did your pet enjoy this product? Share your feedback by posting a review. Product evaluations should provide relevant, helpful information - if you have any enquiries about the product please contact \u003ca href=\"{1}\"\u003ecustomer service\u003c/a\u003e.","pictureUpload.display.goToUpload":"Upload your photo now!","shop.header.search.placeholder":"Search the store","product.filter.by":"Filter by","productdetail.document.downloadLink":"Download {0}.{1}","productReview.inviteFirstReview":"Be the first to review this product.","stockreminder.error.conflict":"You've already registered with this email for this item","accessibility.increase.cart.quantity":"Increase quantity in basket","price.megapackReduced":"Now","product.details.seller":"Sold and shipped by our partner","leaveFeedback.name.title":"Your name","product.article.discount.active":"Voucher applied - Save","shop.dynamic-bundle.total-price":"Total price","homepage.cat.container.title":"Cat Shop","productDetail.tabs.title.documents":"Additional information","pictureUpload.display.sharePhotos":"Do you have a product photo of {0} that you want to share?","shop.header.app.banner.text":"The zooplus app","shop.private.label.product.text.localized":"zooplus choice","search.exorbyte.facet.category":"Select category","shop.header.top.account":"my zooplus","product.details.stockreminder.notavailable":"Sold out","catalog.explore.pdp.review.fetchError.header":"Something went wrong","general.form.send":"Send","price.supplierStandard":"RRP*","pictureUpload.display.title":"{0} customer product photos for","shop.product.expected.availability":"Due back in stock in {0} days - approx. {1}","shop.header.search.autocomplete.title.products":"Products","stockreminder.header":"Currently out of stock","productDetail.link.to.analyticalconstituents":"Go to analytical constituents","product.details.seller.drawer.title":"Seller information","variant.returnpolicy.label":"Return Policy","shop.header.top.help":"Contact us","catalog.explore.pdp.review.disclaimer.copied":"Originally published in {0}","homepage.dog.container.title":"Dog Shop","product.category.specialoffer":"Special Offers","general.deliveryDate":"Delivery Date","leaveFeedback.title2":"Your review of","productReview.latest.reviews":"Latest user reviews","price.metaStandardDiscountPrice":"Now","shop.private.label.product.text":"zooplus choice","price.metaReducedPrice":"Was","product.details.stockreminder.notifyme":"Notify me when available","search.filter.cancel":"Cancel","leaveFeedback.publicViewable":"Display your name with this review","search.exorbyte.toolbar.sortBy.relevance":"Top sellers","shop.discover.filter.accordion.search.placeholder":"Search","variant.selection.discountPresenceIndicator":"% Voucher available","mzp.reorder.article.personalized.discount.inactive":"Click to unlock deal","product.morePictures":"More photos ({0})","shop.header.cart.button.label":"Shopping Basket","variant.selection.placeholder":"Please select an option","variant.customerpicture.allpictures":"See all photos","search.exorbyte.toolbar.sortBy.highestPrice":"Highest price","catalog.explore.pdp.review.number_one":"{count} review","shop.header.account.logout":"Logout","shop.header.accessible.logo.alternative":"zooplus logo","leaveFeedback.comments.title":"Type your review in the space below","stockreminder.termsofuse.text":"You agree that availability notifications will be sent to the email address provided. If the desired product is not available within a certain time frame, zooplus will inform you, and may send you suitable product recommendations or vouchers up to 30 days after your request for notification. For more information, please see our \u003ca href=\"/info/legal/privacy\" target=\"_blank\"\u003ePrivacy Policy\u003c/a\u003e.","general.email.error":"The email address you entered appears to be incorrect.","homepage.title.site":"Pet Supplies at zooplus Online Pet Shop, Pet Food \u0026 Pet Accessories.","shop.general.info":"\u003ca href=\\\" /info/about/free_delivery\\\"\u003e \u003cb\u003eFREE Delivery on ALL Orders* \u003e\u003e\u003c/b\u003e\u003c/a\u003e","shop.header.account.customerId":"Customer Number","search.filter.head":"Filter by","shop.header.minicart.flyout.button":"Go to Basket"},"settings":{"ANDROID_APP_ID":"de.zooplus","ANDROID_APP_RATING":"4.9","CHECKOUT_MIN_ORDER_PRICE":"10","IOS_APP_ID":"582639260","IS_APP_BANNER_ACTIVE":"30","IS_COOKIES_BANNER_ACTIVE":"0","NEWSLETTER_COUPON_VALUE":"Claim","adobe.analytics.scripttag.prod":"\u003cscript src=\"//shop-adtm-assets.shpp.ext.zooplus.io/launch-EN699a853db84042d9acc90b47f7ead848.min.js\" async\u003e\u003c/script\u003e","adobe.analytics.scripttag.test":"\u003cscript src=\"//shop-adtm-assets.shpd.ext.zooplus.io/launch-EN4adaf519a55a439382f52aa96a596f62-development.min.js\" async\u003e\u003c/script\u003e","analytical.codes":"\u003c!-- analytical code --\u003e\n","catalog.discover.pricing-tooltip.enabled":"false","shop.codesnippet.certona_tracking":"\u003cscript type=\"text/javascript\" src=\"//edge1.certona.net/cd/5523d09f/zooplus.co.uk/scripts/resonance.js\" async defer\u003e\u003c/script\u003e","shop.codesnippet.exorbyte_facetted_search":"\u003cscript type=\"text/javascript\"\u003evar exoCompressed = true;\n\u003c/script\u003e\n\u003cscript src=\"https://d25a50wq0hgskv.cloudfront.net/2634_zooplus_co_uk/exoBundle.js.gz\" type=\"text/javascript\"\u003e\u003c/script\u003e","shop.codesnippet.maxymiser":"\u003cstyle\u003e .v3-h3 { font-size: var(--z-font-size-xl); line-height: 1.222222;} \u003c/style\u003e","shop.codesnippet.zootopia_tracking":"\u003cmeta name = \"test-zt\" content = \"When you're going to change the world, don't ask for permission.\" /\u003e","shop.component.free.delivery":"£39","shop.contact_us.url":"https://www.zooplus.co.uk/contact_us","shop.expected_delivery_date.max":"2","shop.expected_delivery_date.min":"1","shop.newsletter.topics":"DOG,CAT,BIRD,SMALL_ANIMALS","shop.pdp.gshopping.merchant-return-days":"14","shop.picture.template":"3317,3316,3319,3746,3318,198613,9872,316754","shop.public.seo.accordion.enabled.pages":"homepage,l2,l3,l4","shop.public.soft-redirect.expiration-days":"60","shop.public.soft-redirect.max-displays":"0","shop.public.zootopia.recommendation.enabled.pages":"homepage,l2,l3,l4,search","shop.win.back.promotion.enabled":"0","variant.returnpolicy.url":"https://support.zooplus.co.uk/en/support/solutions/76000004043#Returns%E2%80%AF\u0026_Claims__UK__Returns"},"toggles":{"IS_CALL_CENTER_AVAILABLE":false,"IS_TOPSELLER_LINK_AVAILABLE":false,"activation.om.pixel-executor.product-detail-page":true,"shop.account_dropdown_private_items_hidden.toggle":true,"shop.best_priced_product.toggle":true,"shop.certona.productreco.display.enabled":true,"shop.compose.feedback_view.enabled":true,"shop.consentmanagement.onetrust.enabled":true,"shop.contentful.fullscreen-carousel.enabled":false,"shop.contentful.magazine.toggle":true,"shop.delivery_estimation.enabled":true,"shop.feedback.api-mode":true,"shop.general.info-box.enabled":false,"shop.lazyload.homepage":true,"shop.mobile.burger_menu_navigation.toggle":true,"shop.pdp.add-to-wishlist.enabled":true,"shop.pdp.api-mode":true,"shop.pdp.cta-above-the-fold.enabled":true,"shop.pdp.foodadvisor.enabled":true,"shop.pdp.gshopping.offermetadata.enabled":true,"shop.pdp.review-section.enabled":true,"shop.public.article-based-discount.enabled":true,"shop.public.bonus-points.enabled":true,"shop.public.categories-api.enabled":true,"shop.public.categories-api.phase2.level3.enabled":true,"shop.public.homepage.localized-meta-description.enabled":true,"shop.public.hopps-search.enabled":true,"shop.public.pdp.fallback.enabled":false,"shop.public.review-upvote.enabled":true,"shop.public.zootopia.recommendation.pdp.enabled":true,"shop.showBonusPoints.enabled":true,"shop.show_om_title.enabled":false},"bannerEndpoints":{"left":"https://content-bff.cmsp.ext.aws.zooplus.io/side-banner/v1/zooplus.co.uk/en-GB/PDP/653255/L","discount":"https://content-bff.cmsp.ext.aws.zooplus.io/discount-banner/v1/zooplus.co.uk/en-GB/main"},"recommendationBundle":{"bundles":[{"as_id":5134158,"bonuspoints":0,"currency":"GBP","current_price":5.79,"current_price_label":"£5.79","image":"https://media.zooplus.com/bilder/4/300/413997_pla_encore_cat_huhn_lachs_hs_01_4.jpg","language":"en","link":"/shop/cats/dry_cat_food/encore/1934717?zootopia_rec=true\u0026si=3\u0026pn=web_pdp\u0026pr=bundles_container_v2\u0026strategy=apriori\u0026pi=1934717\u0026rri=8b47959f-00fe-4f47-a332-4e87916b3277","locale":"en_GB","product_id":1934717,"product_name":"Encore Cat Chicken with Salmon","raw_current_price_label":"{0}","rating":4,"site_id":3,"sponsored":false,"unit":"kg","unit_price":7.24,"unit_price_label":"£7.24 / kg","variant_id":0,"variant_name":"- 800g","review_count":2,"zooplus_choice":{"active":false,"label":"zooplus choice","description":"Excellent price-quality ratio products recommended by our customer"},"autoshipment":false,"tooltip":{},"reference_price":{}},{"as_id":5170378,"bonuspoints":0,"currency":"GBP","current_price":7.49,"current_price_label":"£7.49","image":"https://media.zooplus.com/bilder/1/300/413996_pla_encore_cat_huhn_hs_01_1.jpg","language":"en","link":"/shop/cats/dry_cat_food/encore/1949931?zootopia_rec=true\u0026si=3\u0026pn=web_pdp\u0026pr=bundles_container_v2\u0026strategy=apriori\u0026pi=1949931\u0026rri=8b47959f-00fe-4f47-a332-4e87916b3277","locale":"en_GB","product_id":1949931,"product_name":"Encore Cat Chicken","raw_current_price_label":"{0}","rating":5,"site_id":3,"sponsored":false,"unit":"kg","unit_price":9.36,"unit_price_label":"£9.36 / kg","variant_id":0,"variant_name":"- 800g","review_count":1,"zooplus_choice":{"active":false,"label":"zooplus choice","description":"Excellent price-quality ratio products recommended by our customer"},"autoshipment":false,"tooltip":{},"reference_price":{}}]},"alternativeBundle":{"bundles":[{"weight":1,"as_id":5134158,"bonuspoints":0,"currency":"GBP","current_price":5.79,"current_price_label":"£5.79","image":"https://media.zooplus.com/bilder/4/300/413997_pla_encore_cat_huhn_lachs_hs_01_4.jpg","language":"en","link":"/shop/cats/dry_cat_food/encore/1934717?zootopia_rec=true\u0026si=3\u0026pn=PDP\u0026pr=bundles_container_v3\u0026strategy=apriori\u0026pi=1934717\u0026rri=508a2044-2586-4b50-a471-c34a39288a47","locale":"en_GB","product_id":1934717,"product_name":"Encore Cat Chicken with Salmon","raw_current_price_label":"{0}","rating":4,"site_id":3,"sponsored":false,"unit":"kg","unit_price":7.24,"unit_price_label":"£7.24 / kg","variant_id":0,"variant_name":"- 800g","review_count":2,"zooplus_choice":{"active":false,"label":"zooplus choice","description":"Excellent price-quality ratio products recommended by our customer"},"autoshipment":false,"tooltip":{},"reference_price":{}},{"weight":1,"as_id":5170378,"bonuspoints":0,"currency":"GBP","current_price":7.49,"current_price_label":"£7.49","image":"https://media.zooplus.com/bilder/1/300/413996_pla_encore_cat_huhn_hs_01_1.jpg","language":"en","link":"/shop/cats/dry_cat_food/encore/1949931?zootopia_rec=true\u0026si=3\u0026pn=PDP\u0026pr=bundles_container_v3\u0026strategy=apriori\u0026pi=1949931\u0026rri=508a2044-2586-4b50-a471-c34a39288a47","locale":"en_GB","product_id":1949931,"product_name":"Encore Cat Chicken","raw_current_price_label":"{0}","rating":5,"site_id":3,"sponsored":false,"unit":"kg","unit_price":9.36,"unit_price_label":"£9.36 / kg","variant_id":0,"variant_name":"- 800g","review_count":1,"zooplus_choice":{"active":false,"label":"zooplus choice","description":"Excellent price-quality ratio products recommended by our customer"},"autoshipment":false,"tooltip":{},"reference_price":{}}]},"customerPictures":{"customerPictureCount":0,"thumbnails":[]},"autoShipmentComponent":{"title":"zooplus Repeat","ctaMessage":"Learn More","autoShipmentItems":["Save 5% on all zooplus Repeat items","Flexible adjustment of delivery intervals","Amend, pause or cancel at any time"],"popUpDescription":"Run out of pet food again? Regular scheduled deliveries save your time and money.","autoShipmentPopUpItems":[{"text":"You'll receive notification 5 days before your next zooplus Repeat delivery","icon":"Percent symbol in circle"},{"text":"Add one-time delivery items to your regular zooplus Repeat order","icon":"Auto Shipment logo"},{"text":"Cancel at any time, with no prior notice or additional costs","icon":"Pencil"}],"termsAndConditions":"Move further items from basket to zooplus Repeat order to reach £10.00 minimum order value.","landingPageButtonText":"Learn More","landingPageTargetLink":"https://www.zooplus.co.uk/info/about/subscription","closeButtonText":"Close"},"reviews":[{"id":13222529,"rating":5,"date":"2024-04-21","title":"Crazy cat ","text":"My cat loved this so much it was like I had opened a bag of treats - mixed the encore biscuits with the last of his previous brand and he would try and pick the encore ones out!","votes":0,"locDate":"21/04/2024"},{"id":12758161,"rating":2,"date":"2024-01-23","name":"Jolanta ","title":"Ragdoll and Turkish angora","text":"The composition of the food seems to be good, but my cats don\u0026#39;t really want to eat it, unfortunately","votes":0,"locDate":"23/01/2024"}]},"contentfulComponents":{},"isGoogleShoppingCustomer":false,"variantIdFromUrl":null,"variantIdStoredInCookie":null,"activeVariantFromUrl":"1934717.0"}},"__N_SSP":true},"page":"/","query":{"domain":"zooplus.co.uk","shopIdentifier":"1934717","path":"/shop/cats/dry_cat_food/encore","language":"","activeVariant":"1934717.0"},"buildId":"_zajBA6KOOI1Qii1Yh9u6","runtimeConfig":{"STAGE":"prod","publicSearchApi":"/hopps-search/api","recommendationApiBaseUrl":"/zootopia-recommender/api/","apiBaseUrl":"/","APPLICATION_PROFILE":"production"},"isFallback":false,"gssp":true,"customServer":true,"scriptLoader":[]}</script><div id="portal-header-flyout"><div data-zta="shop-header-dark-overlay" data-show="false" class="DarkOverlay-module_darkOverlay__OF542"></div></div><script src="https://mkt-tech.omt-services.com/script-loader/main.js" data-nscript="afterInteractive"></script><script type="text/javascript" id="zootopiaMeta" data-nscript="afterInteractive">
    var zootopia = {
        pageType: "PRODUCT",
        siteId: "3"
    };
    var zootopiaRecoParams = {
        enabled: "true",
        pageType: "web_pdp",
        endpoint: "/zootopia-recommender/api/v2/sites/3/en/pages/web_pdp/recommendations",
        queryParams: {product_id:"1934717", "pg4_ids":null, "pg5_ids":653255}
    };
</script><next-route-announcer><p aria-live="assertive" id="__next-route-announcer__" role="alert" style="border: 0px; clip: rect(0px, 0px, 0px, 0px); height: 1px; margin: -1px; overflow: hidden; padding: 0px; position: absolute; width: 1px; white-space: nowrap; overflow-wrap: normal;"></p></next-route-announcer><script src="https://adtm-assets.public.zooplus.net/f26cfb49ba51/f5630916434d/launch-828d37a9a330.min.js" id="__adobe_launch_tracking" defer="" data-loaded="true"></script><script>_satellite["_runScript1"](function(event, target, Promise) {
    function getCookie(name) {
        return document.cookie.split('; ').find((row) => row.startsWith(`${name}=`));
    }

    (function scriptLoader() {
        try {
            if (getCookie('OneTrust_PerformanceCookies').endsWith('YES')) {
                var sessAdb = typeof localStorage === 'object' && JSON.parse(localStorage.getItem('sess_adb')) || false;

                if (typeof sessAdb === 'object' && sessAdb.page_count === 1) {
                    _satellite.track('OneTrust_Performance', { init: true });
                    _satellite.track('OneTrust_Performance_Init');
                } else {
                    _satellite.track('OneTrust_Performance', { init: false });
                }

                adobe.optIn.approve(['aa', 'ecid', 'target'], true);
                adobe.optIn.complete();
            } else {
                adobe.optIn.deny(['aa', 'ecid', 'target'], true);
                adobe.optIn.complete();
            }

            if (getCookie('OneTrust_FunctionalCookies').endsWith('YES')) {
                _satellite.track('OneTrust_Functional');
            }

            if (getCookie('OneTrust_TargetingCookies').endsWith('YES')) {
                var sessAdbTarg = typeof localStorage === 'object' && JSON.parse(localStorage.getItem('sess_adb')) || false;

                if (typeof sessAdbTarg === 'object' && sessAdb.page_count === 1) {
                    _satellite.track('OneTrust_Targeting', { init: true });
                    _satellite.track('OneTrust_Targeting');
                } else {
                    _satellite.track('OneTrust_Targeting', { init: false });
                }
            }

        } catch (e) {
            console.log('Error retrieving consent cookies' + e)
        }
    })();
});</script><script>_satellite["_runScript2"](function(event, target, Promise) {
    window.addEventListener('onWriteReview', function () {
        SendAdobeData('write_review');
    });

    window.addEventListener('onViewReviews', function () {
        SendAdobeData('see_reviews');
    });

    window.addEventListener('onStockReminderClick', function (data) {
        const prodId = data.detail.shopIdentifier + '.' + data.detail.variantId;
        SendAdobeData('oos_click', prodId);
    });

    window.addEventListener('stockReminder', function (data) {
        const prodId = data.detail.product_id + '.' + data.detail.variant_id;
        SendAdobeData('stockReminder', prodId);
    });

    window.addEventListener('newAddBasket', function (data) {
        const productId = data.detail.shopIdentifier + '.' + data.detail.variantId;
        const price = data.detail.price ? parseFloat(data.detail.price.replace(',', '.').replace(/[^\d.]/g, '')) : '';
        const quantity = data.detail.quantity ? data.detail.quantity : '';
        let isPABD = data.detail.isPersonalizedArticleBasedDiscount && data.detail.voucherApplied ? 'isPABD' : '';
        const isABD = !data.detail.isPersonalizedArticleBasedDiscount && data.detail.voucherApplied ? 'ABD=true' : '';
        const isBundle = data.detail.isDynamicBundle ? 'true' : '';
        const aboEnabled = typeof data.detail.deliveryMethod === 'string' && data.detail.deliveryMethod !== 'single' ? 'true' : '';

        if (data.detail.isDynamicBundle) {
            const dynamicBundleItem = document.querySelector('div[data-zta="dynamic-bundle-item"][data-article-id="' + data.detail.articleId + '"]');
            if (dynamicBundleItem) {
                var link = dynamicBundleItem.getAttribute('data-product-link');
                isPABD += 'addedFromReco|' + _satellite.getVar('zootopia_urlparams', { url: link });
            }
        }

        SendAdobeData('newAddBasket', productId, price, quantity, isABD, '', isPABD, '', isBundle, aboEnabled);
    });

    window.addEventListener('newRemoveBasket', function (data) {
        const productId = data.detail.shopIdentifier + '.' + data.detail.variantId;
        const price = data.detail.price ? Math.abs(parseFloat(data.detail.price.replace(',', '.').replace(/[^\d.]/g, ''))) : '';
        const quantity = data.detail.quantity ? Math.abs(data.detail.quantity) : '';
        const aboEnabled = typeof data.detail.deliveryMethod === 'string' && data.detail.deliveryMethod !== 'single' ? 'true' : '';

        SendAdobeData('newRemoveBasket', productId, price, quantity, '', '', aboEnabled);
    });

    window.addEventListener('onArticleDiscountChecked', function (data) {
        const variant = data.detail.shopIdentifier + '.' + data.detail.variantId;

        s.linkTrackVars = 'events,products,prop1,prop2,prop18,prop47,prop48,eVar20,eVar22,eVar42,eVar53,eVar58,eVar59';
        s.linkTrackEvents = 'event283,event284';

        if (data.detail.voucherApplied) {
            s.events = 'event283';
            s.products = ';' + variant + ';;;' + 'event283=1;';
        } else {
            s.events = 'event284';
            s.products = ';' + variant + ';;;' + 'event284=1;';
        }

        s.tl(this, 'o', 'article_based_discount_checkbox');
        s.clearVars();
    });

    window.addEventListener('onPersonalizedArticleBasedDiscountChecked', function (data) {
        const variant = data.detail.shopIdentifier + '.' + data.detail.variantId;

        s.linkTrackVars = 'events,products,prop1,prop2,prop18,prop47,prop48,eVar20,eVar22,eVar42,eVar53,eVar58,eVar59';
        s.linkTrackEvents = 'event289,event290';

        if (data.detail.personalized) {
            s.events = 'event289';
            s.products = ';' + variant + ';;;' + 'event289=1;';
        } else {
            s.events = 'event290';
            s.products = ';' + variant + ';;;' + 'event290=1;';
        }

        s.tl(this, 'o', 'personalized_article_based_discount_checkbox');
        s.clearVars();
    });

    window.addEventListener('onDeliveryMethodChange', function (data) {
        s.linkTrackVars = 'events,products,prop1,prop2,prop18,prop47,prop48,eVar20,eVar22,eVar42,eVar53,eVar58,eVar59';
        s.linkTrackEvents = 'event297,event298';
        s.events = data.detail.deliveryMethod === 'autoshipment' ? 'event297' : 'event298';
        s.products = ';' + data.detail.articleId + '.' + data.detail.variantId;
        s.tl(this, 'o', 'abo_change_delivery_method');
        s.clearVars();
    });
});</script><style type="text/css">
    @media only screen and (max-width: 543px) {
        div[data-contentful-channel="mobile"] .uxt-discount-banner.wide-version.uxt-component.zooplus{
            margin-top: 15px;
        }
    }
</style><script>_satellite["_runScript3"](function(event, target, Promise) {
    (function () {
        var hopps = document.createElement('script');

        hopps.type = 'text/javascript';
        hopps.async = true;

        var isProd = _satellite.environment.stage === 'production';
        if (isProd) {
            hopps.src = 'https://cdn.public.zooplus.net/media/hopps-assets/events/js/hopps-search-engine.min.js';
        } else {
            hopps.src = 'https://cdn-dev.public.zooplus.net/media/hopps-assets/events/js/hopps-search-engine.min.js';
        }

        document.head.appendChild(hopps);
    })();
});</script><script>_satellite["_runScript4"](function(event, target, Promise) {
    window.ApplePayTracking = function(trackType, errorCode){

        switch(trackType){

            case 'PaymentSheetOpen':
                SendAdobeData('customClickTrack', 'Payment', 'ApplePay', trackType)
                break;

            case 'PaymentSheetCloseOK':
                SendAdobeData('customClickTrack', 'Payment', 'ApplePay', trackType)
                break;

            case 'PaymentSheetCloseKO':
                SendAdobeData('customClickTrack', 'Payment', 'ApplePay', trackType)
                break;

            default:
                console.log('Apple Pay AA - Wrong Action');
                break;
        }
        return true;
    }
});</script><script>_satellite["_runScript5"](function(event, target, Promise) {
    (function () {
        var leto = document.createElement('script');

        leto.type = 'text/javascript';
        leto.async = true;

        var isProd = _satellite.environment.stage === 'production'
        if (isProd) {
            leto.src = 'https://cdn.public.zooplus.net/media/leto-assets/js/leto-min.js';
        } else {
            leto.src = 'https://cdn-dev.public.zooplus.net/media/leto-assets/js/leto-min.js';
        }

        document.head.appendChild(leto);
    })();

});</script><script>_satellite["_runScript6"](function(event, target, Promise) {
    window.BraintreeTracking = function(trackType, statusCode){

        switch(trackType){

            case '3DSsubmitOK':
                s.events = s.apl(s.events, 'event440', ',', 1);
                s.linkTrackEvents = s.apl(s.linkTrackEvents, 'event440', ',', 1);
                s.tl(this,'o','BrainTree 3DS submit OK');
                s.clearVars();
                break;

            case '3DSdisplay':
                s.events = s.apl(s.events, 'event439', ',', 1);
                s.linkTrackEvents = s.apl(s.linkTrackEvents, 'event439', ',', 1);
                s.tl(this,'o','BrainTree 3DS display');
                s.clearVars();
                break;

            case '3DScancel':
                s.events = s.apl(s.events, 'event438', ',', 1);
                s.linkTrackEvents = s.apl(s.linkTrackEvents, 'event438', ',', 1);
                s.tl(this,'o','BrainTree 3DS cancel');
                s.clearVars();
                break;

            case '3DSsubmitKO':
                s.events = s.apl(s.events, 'event441', ',', 1);
                s.linkTrackEvents = s.apl(s.linkTrackEvents, 'event441', ',', 1);
                s.tl(this,'o','BrainTree 3DS submit KO - ' + statusCode);
                s.clearVars();
                break;

            case '3DSsubmitKObackend':
                s.events = s.apl(s.events, 'event442', ',', 1);
                s.linkTrackEvents = s.apl(s.linkTrackEvents, 'event442', ',', 1);
                s.tl(this,'o','BrainTree 3DS submit KO backend - ' + statusCode);
                s.clearVars();
                break;

            case 'BTformOK':
                s.events = s.apl(s.events, 'event443', ',', 1);
                s.linkTrackEvents = s.apl(s.linkTrackEvents, 'event443', ',', 1);
                s.tl(this,'o','BrainTree form OK');
                s.clearVars();
                break;

            case 'BTretryPopupErrorClose':
                s.events = s.apl(s.events, 'event446', ',', 1);
                s.linkTrackEvents = s.apl(s.linkTrackEvents, 'event446', ',', 1);
                s.tl(this,'o','BrainTree Popup Error Close');
                s.clearVars();
                break;

            case '3DSfrictionless':
                s.events = s.apl(s.events, 'event447', ',', 1);
                s.linkTrackEvents = s.apl(s.linkTrackEvents, 'event447', ',', 1);
                s.tl(this,'o','BrainTree 3DS Frictionless');
                s.clearVars();
                break;

            case 'force3DSchallenge':
                s.events = s.apl(s.events, 'event471', ',', 1);
                s.linkTrackEvents = s.apl(s.linkTrackEvents, 'event471', ',', 1);
                s.tl(this,'o','BrainTree force 3DSchallenge');
                s.clearVars();
                break;

            case '3DSskipOK':
                s.events = s.apl(s.events, 'event472', ',', 1);
                s.linkTrackEvents = s.apl(s.linkTrackEvents, 'event472', ',', 1);
                s.tl(this,'o','BrainTree 3DSskipOK');
                s.clearVars();
                break;

            case 'subscriptionFirst':
                if (statusCode||statusCode=='true'){
                    s.events = s.apl(s.events, 'event473', ',', 1);
                    s.linkTrackEvents = s.apl(s.linkTrackEvents, 'event473', ',', 1);
                }
                s.tl(this,'o','BrainTree subscriptionFirst:'+statusCode);
                s.clearVars();
                break;

            case 'cardType':
                s.events = s.apl(s.events, 'event474', ',', 1);
                s.linkTrackEvents = s.apl(s.linkTrackEvents, 'event474', ',', 1);
                s.eVar97=statusCode
                s.linkTrackVars=s.apl(s.linkTrackVars, 'eVar97', ',', 1);
                s.tl(this,'o','BrainTree cardType:'+statusCode);
                s.clearVars();
                break;
            default:
                console.log('BrainTree AA - Wrong Action');
                break;
        }
        return true;
    }
});</script><script>_satellite["_runScript7"](function(event, target, Promise) {
    const{referrer:referrer}=document,{pathname:pathname,search:search}=document.location;let sessAdb=!1;if(location.hostname.includes("login"))if(void 0!==_satellite.cookie.get("t_ctid")){var ctidExpire=new Date(parseInt(_satellite.cookie.get("t_ctid").split("|")[0]));ctidExpire.setMonth(ctidExpire.getMonth()-1),ctidExpire.setMinutes(ctidExpire.getMinutes()+30),new Date(ctidExpire)>+new Date?_satellite.track("noCtCall"):_satellite.track("CtLogic")}else _satellite.track("CtLogic");else"object"==typeof localStorage&&(sessAdb=JSON.parse(localStorage.getItem("sess_adb"))),location.hostname.includes("zoochic-eu.ru")&&"object"==typeof sessAdb&&1===sessAdb.page_count?localStorage.setItem("ctidCall",+new Date):(null===localStorage.getItem("ctidCall")||parseInt(localStorage.getItem("ctidCall"))+18e5<+new Date||referrer.includes("google")||referrer.includes("bing")||referrer.includes("seznam")||referrer.includes("yandex")||search.includes("gclid")||search.includes("gbraid")||search.includes("wbraid")||search.includes("variantid"))&&void 0===_satellite.cookie.get("MOBILE_APP")&&!1===search.includes("mkt_source")||"invitations"===_satellite.getVar("content_group")&&"/invitations/overview"!==pathname?_satellite.track("CtLogic"):(localStorage.setItem("ctidCall",+new Date),_satellite.track("noCtCall"));
});</script><script>_satellite["_runScript8"](function(event, target, Promise) {
    void 0===window.fireSeq&&(window.fireSeq={pageView:{done:!1}}),_satellite.getVar("sid_resolver").then((e=>{_satellite.setVar("SID",e)})).catch((()=>{}));
});</script><script>_satellite["_runScript9"](function(event, target, Promise) {
    "use strict";function _toConsumableArray(e){return _arrayWithoutHoles(e)||_iterableToArray(e)||_unsupportedIterableToArray(e)||_nonIterableSpread()}function _nonIterableSpread(){throw new TypeError("Invalid attempt to spread non-iterable instance.\nIn order to be iterable, non-array objects must have a [Symbol.iterator]() method.")}function _unsupportedIterableToArray(e,r){var t;if(e)return"string"==typeof e?_arrayLikeToArray(e,r):"Map"===(t="Object"===(t=Object.prototype.toString.call(e).slice(8,-1))&&e.constructor?e.constructor.name:t)||"Set"===t?Array.from(e):"Arguments"===t||/^(?:Ui|I)nt(?:8|16|32)(?:Clamped)?Array$/.test(t)?_arrayLikeToArray(e,r):void 0}function _iterableToArray(e){if("undefined"!=typeof Symbol&&null!=e[Symbol.iterator]||null!=e["@@iterator"])return Array.from(e)}function _arrayWithoutHoles(e){if(Array.isArray(e))return _arrayLikeToArray(e)}function _arrayLikeToArray(e,r){(null==r||r>e.length)&&(r=e.length);for(var t=0,n=new Array(r);t<r;t++)n[t]=e[t];return n}window.addAdbListeners=function(e){function r(){var e=function(e){return 2!==(e="; ".concat(document.cookie).split("; ".concat(e,"="))).length?"":e.pop().split(";").shift()}("om_debug_domlistener");if("true"===e){for(var r=arguments.length,t=new Array(r),n=0;n<r;n++)t[n]=arguments[n];(e=[].slice.call(t)).unshift("%c attachEvent ".concat((new Date).toLocaleString()),"color: #e5e5e5; background: #66BB6A"),console.log.apply(this,e)}}for(var t=e.pages.length,n=0;n<t;n+=1)if(e.pages[n].identifier())for(var o=e.pages[n].selectors.length,a=function(){var t=e.pages[n].selectors[c],o=t.eventToListen||"click",a=function(e,t){if(!e)throw new Error("no element passed.");for(var n=[],o=t.length,a=0;a<o;a+=1){var c=e.querySelectorAll(t[a])||[];n=[].concat(_toConsumableArray(n),_toConsumableArray(c))}return r("returning merged nodelist",n),n}(document,t.domSelectors);if(!a.length)return r("".concat(t.name," - no elements found.")),1;r("".concat(t.name," - found elements: ").concat(a.length));for(var i=a.length,l=0;l<i;l+=1)!function(e){if("true"===a[e].dataset.omEventListener)return r("has already event:",a[e]);a[e].addEventListener(o,(function(n){r("".concat(o," ").concat(t.name),n),t.functionToExecute(n,e)}),{once:t.once||!1}),a[e].dataset.omEventListener="true",r("".concat(o," attached for ").concat(t.name),t,a[e])}(l)},c=0;c<o;c+=1)a();else r("page identifer does not match for: ".concat(e.pages[n].name))};
});</script><script>_satellite["_runScript10"](function(event, target, Promise) {
    const zooplusDomListenerConfig={pages:[{name:"Account Rewards",identifier:()=>"Account/RewardShop"===_satellite.getVar("page_type_extended"),selectors:[{name:"P50_ALL_ZOO_ALL_ACC-Rewards-Shop-Impression-Tracking_PLR",domSelectors:['div[data-grid-v3] > ul > li[class*="loy-bp-rws-articles-highlighted__item"]'],eventToListen:"click",functionToExecute:function(e){s.linkTrackVars="events,products,eVar20,eVar22,eVar59,prop1,prop2,prop48",s.events=s.apl(s.events,"event548",",",1);const t=e.currentTarget.id&&e.currentTarget.id.split("-")[1];t&&(s.products=";"+t+";;;event548=1;"),s.linkTrackEvents=s.apl(s.linkTrackEvents,"event548",",",1),s.tl(e.currentTarget,"o","Bonus Points - Reco element variant click")}}]},{name:"Rewards Shop PT/SI/IE",identifier:()=>"Account/RewardShop"===_satellite.getVar("page_type_extended")&&["zooplus.pt","zoohit.si","zooplus.ie"].some((e=>location.hostname.includes(e))),selectors:[{name:"Bonus points shutdown banner click",once:!0,domSelectors:["div.loy-bp-shutdown-banner__more"],eventToListen:"click",functionToExecute:function(){s.linkTrackVars="events,products,eVar20,eVar22,eVar59,prop1,prop2,prop48",s.events=s.apl(s.events,"event547",",",1),s.linkTrackEvents=s.apl(s.linkTrackEvents,"event547",",",1),s.tl(event.currentTarget,"o","Bonus Points - Shutdown Banner click")}}]},{name:"Search Bar DE",identifier:()=>location.hostname.includes("zooplus.de"),selectors:[{name:"P50_ALL_ZOO_ALL_Search-Bar-Additional-Tracking_PLR",once:!0,domSelectors:['div form[name*="miniSearchBox"]'],eventToListen:"click",functionToExecute:function(){SendAdobeData("search_bar_first_click")}}]},{name:"Account Overview",identifier:()=>"Account"===_satellite.getVar("page_type"),selectors:[{name:"P50_ALL_ZOO_ALL_ACC_Pet-Services-Click-Tracking",domSelectors:['div[class*="PetServicesWidget-module_buttons"] a[data-zta="ButtonAnchorUIC"]'],eventToListen:"click",functionToExecute:function(e){const t=e.currentTarget.innerText,o=e.currentTarget.getAttribute("data-my-account-component");t&&SendAdobeData("customClickTrack","Account","Pet Service click",t+"^val2:"+o)}}]},{name:"Account Coupons App Exclusive Discount",identifier:()=>!_satellite.cookie.get("MOBILE_APP")&&"account_coupons"===_satellite.getVar("content_group")&&["zooplus.fr","zoohit.cz"].some((e=>location.hostname.includes(e))),selectors:[{name:"Go to App button",domSelectors:['a[id="coupons-go-to-app-button"]'],eventToListen:"click",functionToExecute:function(){SendAdobeData("customClickTrack","Account","Coupons","go_to_app_exclusive_discount")}}]}]},zooplusDomCheck=setInterval((function(){void 0!==window.addAdbListeners&&(window.addAdbListeners(zooplusDomListenerConfig),clearInterval(zooplusDomCheck))}),1e3);
});</script><script>_satellite["_runScript11"](function(event, target, Promise) {
    function observeNode(e,o,r){new IntersectionObserver(((e,t)=>{e.forEach((e=>{e.isIntersecting&&(o(e.target),r||t.unobserve(e.target))}))}),OPTIONS).observe(e)}const OPTIONS={threshold:1};window.componentImpressionTracker=function(e){Array.isArray(e)&&e.forEach((e=>{const{selectors:o,functionToExecute:r,watch:t}=e;document.querySelectorAll(o).forEach((e=>observeNode(e,r,t)))}))};
});</script><script>_satellite["_runScript12"](function(event, target, Promise) {
    let environment;environment="production"===_satellite.environment.stage?{config:["zooplus","main","prod","8os5ri"],endPoint:"https://mkt-tech.omt-services.com/cdp/main.js"}:{config:["zooplus","main-dev","prod","xm3zeg"],endPoint:"https://mkt-tech-dev.omt-services.com/cdp/main.js"};const tealiumCollectAvailable=new Promise(((e,t)=>{window.tealium=window.tealium||{q:[]};let o=document.createElement("script");o.type="text/javascript",o.defer=!0,o.src=environment.endPoint,o.id="tealiumTag",document.body.appendChild(o),o.addEventListener("load",(()=>{if("function"==typeof window.Tealium){let t=[];t.push(["config","init",environment.config]),t.push(["config","addTag",{name:"tealium_collect",server:"https://aud."+_satellite.getVar("shop_info").domain+"/event"}]),window.tealium=window.Tealium(t.concat(window.tealium.q)),e()}else t("Tealium load timeout")}))}));Promise.all([_satellite.getVar("sid_resolver"),tealiumCollectAvailable]).then((([e])=>{if(!e)return;const t=_satellite.getVar("shop_info");let o={site_id:t.id,site_brand:t.businessLine,country:t.country,page_type:_satellite.getVar("content_group"),language:t.language,locale:t.locale,currency:t.currencyCode,tealium_visitor_id:e};const i=e=>(e.consent_performance="YES"===_satellite.cookie.get("OneTrust_PerformanceCookies"),e.consent_personalization="YES"===_satellite.cookie.get("OneTrust_FunctionalCookies"),e.consent_targeting="YES"===_satellite.cookie.get("OneTrust_TargetingCookies"),e),n=localStorage.getItem("sess_adb")&&JSON.parse(localStorage.getItem("sess_adb"))&&JSON.parse(localStorage.getItem("sess_adb")).page_count;if(n&&1===n&&window.tealium.track("consent_update",i(o)),window.addEventListener("consent.onetrust",(()=>{window.tealium.track("consent_update",i(o))})),"YES"===_satellite.cookie.get("OneTrust_TargetingCookies")){const e=_satellite.cookie.get("cid");e&&(o.customer_id=e),window.tealium.track("page_view",o),_satellite.track("tealium_loaded",o)}})).catch((()=>{}));
});</script><script type="text/javascript" defer="" src="https://mkt-tech.omt-services.com/cdp/main.js" id="tealiumTag"></script><script>_satellite["_runScript13"](function(event, target, Promise) {
    function getDynamicElement(e,t,o){return new Promise(((n,r)=>{const c=e||document.body,a=c.querySelector(t);if(a)return void n(a);const d=new MutationObserver((()=>{const e=c.querySelector(t);e&&(d.disconnect(),n(e))}));d.observe(c,{childList:!0,subtree:!0}),o&&setTimeout((()=>{d.disconnect(),r()}),o)}))}function searchSponsoredProducts(e,t){const o=e.querySelectorAll(t);if(o.length){const e=Array.from(o).map((e=>e.getAttribute("data-product-link")||e.getAttribute("href")));SendAdobeData("Zootopia - SPImpression",e)}}const documentRegion=document.querySelector('[data-zta="page-content"]');if(getDynamicElement(documentRegion,'div[data-name="container_1"][data-zta="recoSlider"]',3e3).then((e=>{searchSponsoredProducts(e,'a[href*="zootopia_rec=true"][href*="spn=1"]')})),"product-detail"===_satellite.getVar("content_group")){const e=documentRegion.querySelector('div[data-zta="dynamic-bundle"]');e&&searchSponsoredProducts(e,'div[data-zta=dynamic-bundle-item][data-product-link*="spn=1"]')}
});</script><script>_satellite["_runScript14"](function(event, target, Promise) {
    const commonDomListenerConfig={pages:[{name:"Homepage",identifier:()=>"homepage"===_satellite.getVar("content_group"),selectors:[{name:"Contentful Twin Teaser Banner Tracking",domSelectors:['div[data-zta="twin-teaser"] a[href*="analytics-id"]'],eventToListen:"click",functionToExecute:function(e,t){s.linkTrackVars="events,eVar20,eVar22,eVar59,eVar128,eVar129,prop1,prop2,prop48";const n=s.Util.getQueryParam("analytics-id",e.currentTarget.href)||"analyticsId not found";0===t?(s.linkTrackEvents=s.apl(s.linkTrackEvents,"event186",",",1),s.events=s.apl(s.events,"event186",",",1),s.eVar128=n):1===t&&(s.linkTrackEvents=s.apl(s.linkTrackEvents,"event188",",",1),s.events=s.apl(s.events,"event188",",",1),s.eVar129=n),s.tl(e.currentTarget,"o","Twin Teaser Banner - Click"),s.clearVars()}},{name:"Contentful Supplier Financed Banner Tracking",domSelectors:['div[data-testid="sf-middle-banner"] a[href*="analytics-id"]'],eventToListen:"click",functionToExecute:function(e){s.linkTrackVars="events,eVar20,eVar22,eVar59,eVar135,prop1,prop2,prop48";const t=s.Util.getQueryParam("analytics-id",e.currentTarget.href)||"analyticsId not found";s.linkTrackEvents=s.apl(s.linkTrackEvents,"event193",",",1),s.events=s.apl(s.events,"event193",",",1),s.eVar135=t,s.tl(e.currentTarget,"o","Supplier Financed Banner (Homepage) - Click"),s.clearVars()}}]},{name:"Category Level 2",identifier:()=>"category_level2"===_satellite.getVar("content_group"),selectors:[{name:"P50_ALL_ALL_CAT-LVL2-Click-Tracking_PLR",domSelectors:['a[data-zta="pg-category"], a[data-zta="pg-special-offer"]'],eventToListen:"click",functionToExecute:function(e){const{zta:t,pgTitle:n}=e.currentTarget.dataset;t&&n&&SendAdobeData("customClickTrack","Catalog","Grid Click",t+">"+n)}},{name:"P50_ALL_ALL_CAT-LVL2-Click-Tracking_PLR",domSelectors:["a[data-zta-analyticsID]"],eventToListen:"click",functionToExecute:function(e){const t=e.currentTarget.dataset.ztaAnalyticsid;t&&sessionStorage.setItem("grid-id",t)}},{name:"Contentful Supplier Financed Banner Tracking",domSelectors:['div[data-zta="contentful-supplier-financed-banner"] a[href*="analytics-id"]','div[class*="uxt-supplier-financed-middle-banner"] a[href*="analytics-id"]'],eventToListen:"click",functionToExecute:function(e){s.linkTrackVars="events,eVar20,eVar22,eVar59,eVar135,prop1,prop2,prop48";const t=s.Util.getQueryParam("analytics-id",e.currentTarget.href)||"analyticsId not found";s.linkTrackEvents=s.apl(s.linkTrackEvents,"event193",",",1),s.events=s.apl(s.events,"event193",",",1),s.eVar135=t,s.tl(e.currentTarget,"o","Supplier Financed Banner (Category Level 2) - Click"),s.clearVars()}}]},{name:"Category Level 3 Zooplus HU/ES/IT/SE and Bitiba DE/ES/IT",identifier:()=>["zooplus.hu","zooplus.es","zooplus.it","zooplus.se","bitiba.de","bitiba.es","bitiba.it"].some((e=>location.hostname.includes(e)))&&"category_level3"===_satellite.getVar("content_group"),selectors:[{name:"Category3-Buttons-Tracking",domSelectors:['a[data-zta="button-anchor"]'],eventToListen:"click",functionToExecute:function(e){var t=e.currentTarget.innerText;t&&SendAdobeData("customClickTrack","Category Level 3","Category click",t)}}]},{name:"Category Level 3/4",identifier:()=>["category_level3","category_level4"].some((e=>_satellite.getVar("content_group").includes(e))),selectors:[{name:"Contentful Supplier Financed Banner Tracking",domSelectors:['div[class*="uxt-middle-banner"] a[href*="analytics-id"]'],eventToListen:"click",functionToExecute:function(e,t){s.linkTrackVars="events,eVar20,eVar22,eVar59,eVar132,eVar135,prop1,prop2,prop48";const n=s.Util.getQueryParam("analytics-id",e.currentTarget.href)||"analyticsId not found";0===t&&(s.linkTrackEvents=s.apl(s.linkTrackEvents,"event203",",",1),s.events=s.apl(s.events,"event203",",",1),s.eVar132=n),1===t&&(s.linkTrackEvents=s.apl(s.linkTrackEvents,"event193",",",1),s.events=s.apl(s.events,"event193",",",1),s.eVar135=n),s.tl(e.currentTarget,"o","Supplier Financed Middle Banner (Category Level 3/4) - Click"),s.clearVars()}}]},{name:"Contentful Middle Banners",identifier:()=>["category_level2","category_level3","category_level4","special-offers"].some((e=>_satellite.getVar("content_group").includes(e))),selectors:[{name:"Contentful Middle Banner (M2)",domSelectors:['div[data-zta="uxt-middle-banner-m2"] a[href*="analytics-id"]'],eventToListen:"click",functionToExecute:function(e){s.linkTrackVars="events,eVar20,eVar22,eVar59,eVar132,prop1,prop2,prop48",s.linkTrackEvents="event203",s.events="event203",s.eVar132=s.Util.getQueryParam("analytics-id",e.currentTarget.href)||"analyticsId not found",s.tl(e.currentTarget,"o","Contentful Middle Banner (M2) - Click"),s.clearVars()}},{name:"Contentful Middle Banner (M3)",domSelectors:['div[data-zta="uxt-middle-banner-m3"] a[href*="analytics-id"]'],eventToListen:"click",functionToExecute:function(e){s.linkTrackVars="events,eVar20,eVar22,eVar59,eVar142,prop1,prop2,prop48",s.linkTrackEvents="event178",s.events="event178",s.eVar142=s.Util.getQueryParam("analytics-id",e.currentTarget.href)||"analyticsId not found",s.tl(e.currentTarget,"o","Contentful Middle Banner (M3) - Click"),s.clearVars()}},{name:"Contentful Middle Banner (M4)",domSelectors:['div[data-zta="uxt-middle-banner-m4"] a[href*="analytics-id"]'],eventToListen:"click",functionToExecute:function(e){s.linkTrackVars="events,eVar20,eVar22,eVar59,eVar143,prop1,prop2,prop48",s.linkTrackEvents="event180",s.events="event180",s.eVar143=s.Util.getQueryParam("analytics-id",e.currentTarget.href)||"analyticsId not found",s.tl(e.currentTarget,"o","Contentful Middle Banner (M4) - Click"),s.clearVars()}}]},{name:"Search",identifier:()=>"search"===_satellite.getVar("content_group"),selectors:[{name:"Contentful Supplier Financed Banner Tracking",domSelectors:['div[class*="uxt-supplier-finance-side-banner"] a[href*="analytics-id"]'],eventToListen:"click",functionToExecute:function(e){s.linkTrackVars="events,eVar20,eVar22,eVar59,eVar135,prop1,prop2,prop48";const t=s.Util.getQueryParam("analytics-id",e.currentTarget.href)||"analyticsId not found";s.linkTrackEvents=s.apl(s.linkTrackEvents,"event193",",",1),s.events=s.apl(s.events,"event193",",",1),s.eVar135=t,s.tl(e.currentTarget,"o","Supplier Financed Banner (Search) - Click"),s.clearVars()}}]},{name:"Checkout Preview",identifier:()=>location.pathname.includes("/checkout/preview"),selectors:[{name:"P50_ALL_ALL_CHK-Preview_Analytics-Tracking_PLR",domSelectors:['[data-zta="enterCouponBtn"]'],eventToListen:"click",functionToExecute:function(){SendAdobeData("Checkout: Click in Add Coupon")}},{name:"P50_ALL_ALL_CHK-Preview_Analytics-Tracking_PLR",domSelectors:["form#newCouponCode"],eventToListen:"submit",functionToExecute:function(){SendAdobeData("Checkout: Coupon Redeem - Click")}},{name:"P50_ALL_ALL_CHK-Preview_Analytics-Tracking_PLR",domSelectors:[".info__message.js-overweight-modal-link > a"],eventToListen:"click",functionToExecute:function(){SendAdobeData("clickTrack","overweight:detail")}}]},{name:"Checkout preview CH",identifier:()=>location.pathname.includes("/checkout/preview")&&location.hostname.includes(".ch"),selectors:[{name:"P50_ALL_ALL_CHK-Preview_Analytics-Tracking_PLR",domSelectors:['[data-zta="placeOrderBtn"]'],eventToListen:"click",functionToExecute:function(){null!==document.querySelector("img[alt=TWINT]")&&SendAdobeData("customClickTrack","Payment","TWINT","Click in pay button")}}]},{name:"Checkout finish",identifier:()=>"Checkout/finish"===_satellite.getVar("Analytics_Page_type_ext"),selectors:[{name:"P50_ALL_ALL_CHK-Finish_Analytics-Tracking_PLR",domSelectors:['button[data-zta="savepassword"]'],eventToListen:"click",functionToExecute:function(){SendAdobeData("customClickTrack","Checkout","Finish Page","Guest registration box submit")}}]},{name:"Checkout Login/Register",identifier:()=>location.pathname.includes("/checkout/register")||location.pathname.includes("/checkout/login"),selectors:[{name:"P50_ALL_ALL_CHK-LoginNew_Analytics-Tracking_PLR",domSelectors:['button[data-zta="btnSubmitAccountSection"]'],eventToListen:"click",functionToExecute:function(){document.querySelector('[name="register.accountForm"] > .checkbox__wrapper.checked')&&SendAdobeData("nl_page_address")}}]},{name:"Account Button Go to Top",identifier:()=>!_satellite.cookie.get("MOBILE_APP")&&"Account"===_satellite.getVar("page_type")&&["login","/checkout/cart","/account/customer/editpayment"].every((e=>!location.pathname.includes(e))),selectors:[{name:"P90_ALL_ALL_ALL_Analytics-Click-Tracking_PLR",domSelectors:['div[id="btn-goTop"] > a'],eventToListen:"click",functionToExecute:function(){SendAdobeData("goBackToTop")}}]},{name:"Mini Cart Button & Newsletter Footer",identifier:()=>!_satellite.cookie.get("MOBILE_APP")&&!["Blog","Magazine","Veterinary","Invitations"].includes(_satellite.getVar("page_type"))&&["/checkout/cart","/account/customer/editpayment"].every((e=>!location.pathname.includes(e))),selectors:[{name:"P90_ALL_ALL_ALL_Analytics-Click-Tracking_PLR",domSelectors:['a[data-testid="cartFlyoutLink"]','a[data-testid="MiniCartLink"]'],eventToListen:"click",functionToExecute:function(){SendAdobeData("CartButton")}},{name:"P90_ALL_ALL_ALL_Analytics-Click-Tracking_PLR",domSelectors:['button[data-zta="newsletter_save"]','button[data-zta="subscription-button"]'],eventToListen:"click",functionToExecute:function(){SendAdobeData("nl_footer")}}]}]},commonDomCheck=setInterval((function(){void 0!==window.addAdbListeners&&(window.addAdbListeners(commonDomListenerConfig),clearInterval(commonDomCheck))}),1e3);
});</script><script>_satellite["_runScript15"](function(event, target, Promise) {
    try{window._mfq=window._mfq||[],_mfq.push(["setVariable",event.detail.abTool+"_"+event.detail.actName,event.detail.expName]),window.mouseflowPath=window.location.pathname+"/"+event.detail.actName+":"+event.detail.expName}catch(e){_satellite.logger.log("error sending test AB data to Mouseflow:"+e.message)}
});</script><script>_satellite["_runScript16"](function(event, target, Promise) {
    try{window._mfq=window._mfq||[],_mfq.push(["setVariable",event.detail.abTool+"_"+event.detail.actName,event.detail.expName]),window.mouseflowPath=window.location.pathname+"/"+event.detail.actName+":"+event.detail.expName}catch(e){_satellite.logger.log("error sending test AB data to Mouseflow:"+e.message)}
});</script><script>_satellite["_runScript17"](function(event, target, Promise) {
    const{product:product}=ObjectBuilding("productDataLayer");if(product&&event.detail){let t=event.detail;t.products=[{product_shop_id:product.product_id.toString()}],window.tealium.track("product_view",t)}
});</script><iframe src="https://login.zooplus.co.uk/auth/realms/zooplus/protocol/openid-connect/login-status-iframe.html" title="keycloak-session-iframe" style="display: none;"></iframe><script>_satellite["_runScript18"](function(event, target, Promise) {
    function gtag(){window.dataLayer.push(arguments)}const GA4_CONFIG=_satellite.getVar("ga4_configuration");if(!GA4_CONFIG)return;window.dataLayer=window.dataLayer||[],gtag("consent","default",{ad_storage:"denied",ad_user_data:"denied",ad_personalization:"denied",analytics_storage:"denied",wait_for_update:500});const CONSENT_MODE_CONFIG=_satellite.getVar("consent_mode_resolver");CONSENT_MODE_CONFIG&&(gtag("consent","update",CONSENT_MODE_CONFIG.consent),CONSENT_MODE_CONFIG.url_passthrough&&gtag("set","url_passthrough",!0));const script=document.createElement("script");script.type="text/javascript",script.src="https://www.googletagmanager.com/gtag/js?id="+GA4_CONFIG.ga4PropertyId,script.id=GA4_CONFIG.ga4PropertyId,script.addEventListener("load",(()=>{const t=new CustomEvent("gtagLoaded");window.dispatchEvent(t)})),document.body.appendChild(script),gtag("js",new Date),gtag("config",GA4_CONFIG.ga4PropertyId,{server_container_url:GA4_CONFIG.server});
});</script><script type="text/javascript" src="https://www.googletagmanager.com/gtag/js?id=G-DX312XCZTV" id="G-DX312XCZTV"></script><script>_satellite["_runScript19"](function(event, target, Promise) {
    window._tvq=window._tvq||[];const u="https://collector-45417.tvsquared.com/";_tvq.push(["setSiteId","TV-5445548127-1"]),_tvq.push(["setTrackerUrl",u+"tv2track.php"]),_tvq.push([function(){this.deleteCustomVariable(5,"page")}]),_tvq.push(["trackPageView"]);let script=document.createElement("script");script.type="text/javascript",script.defer=!0,script.async=!0,script.src=u+"tv2track.js",script.id="tvSquareTag",script.addEventListener("load",(()=>{const t=new CustomEvent("tvSquareTagLoaded");window.dispatchEvent(t)})),document.body.appendChild(script);
});</script><script type="text/javascript" defer="" async="" src="https://collector-45417.tvsquared.com/tv2track.js" id="tvSquareTag"></script><script>_satellite["_runScript20"](function(event, target, Promise) {
    function gtag(){window.dataLayer.push(arguments)}function buildViewItemData(a){return{visitor_id:a,send_to:[GA4_CONFIG.ga4PropertyId],server_container_url:GA4_CONFIG.server,currency:productDataLayer.currency,value:productDataLayer.defaultVariant.variant_price,items:[{item_id:productDataLayer.defaultVariant.sku,quantity:1}]}}const GA4_CONFIG=_satellite.getVar("ga4_configuration"),SOURCE_LOADED=new Promise((a=>{GA4_CONFIG&&document.getElementById(GA4_CONFIG.ga4PropertyId)?a():window.addEventListener("gtagLoaded",(()=>a()))})),productDataLayer=ObjectBuilding("productDataLayer");if(!productDataLayer||!productDataLayer.defaultVariant)return;window.dataLayer=window.dataLayer||[],Promise.all([_satellite.getVar("sid_resolver"),SOURCE_LOADED]).then((([a])=>{gtag("event","view_item",buildViewItemData(a))})).catch((()=>{}));
});</script><script>_satellite["_runScript21"](function(event, target, Promise) {
    const scriptRavelin=document.createElement("script");let environment;scriptRavelin.type="text/javascript",scriptRavelin.defer=!0,"production"===_satellite.environment.stage?(scriptRavelin.src="https://cdn.public.zooplus.net/tracking-script/ravelin.js",environment={api:"https://fraud-gateway-proxy.public.zooplus.net/",key:"publishable_key_live_Vr7SqPmBe57ud5fxfMCocMG2eiGQtN2PSU6d2q"}):(scriptRavelin.src="https://cdn-dev.public.zooplus.net/tracking-script/ravelin.js",environment={api:"https://fraud-gateway-proxy-dev.private.zooplus.net",key:"publishable_key_test_Vr7SqPFtZIRqqkzvLDRSACRQHuK76f0zSO7cJ5"}),scriptRavelin.addEventListener("load",(()=>{new Ravelin({api:environment.api,key:environment.key,cookieDomain:_satellite.getVar("shop_info").domain})})),document.body.appendChild(scriptRavelin);
});</script><script type="text/javascript" defer="" src="https://cdn.public.zooplus.net/tracking-script/ravelin.js"></script><script>_satellite["_runScript22"](function(event, target, Promise) {
    function getDynamicElement(e,t,o){return new Promise(((n,r)=>{const c=e||document.body,s=c.querySelector(t);if(s)return void n(s);const a=new MutationObserver((()=>{const e=c.querySelector(t);e&&(a.disconnect(),n(e))}));a.observe(c,{childList:!0,subtree:!0}),o&&setTimeout((()=>{a.disconnect(),r()}),o)}))}if(null===sessionStorage.getItem("controlBPBI")){getDynamicElement(document.querySelector('[data-zta="page-content"]'),'a[data-zta="mzp_overview_bonusprogram"]',3e3).then((()=>{SendAdobeData("BPBox_Impression"),sessionStorage.setItem("controlBPBI","true")})).catch((()=>{}))}
});</script><script>_satellite["_runScript23"](function(event, target, Promise) {
    function createQSIDatalayer(e){"undefined"==typeof QSI&&(QSI={}),QSI.config||(QSI.config={}),QSI.config.VisitorID=e;const t=retrieveHashedCustomerId();t&&(QSI.config.externalReference=t);const o=_satellite.getVar("customer_profile").orderCount;o&&(QSI.config.customerOrderCount=o)}function retrieveHashedCustomerId(){const e=_satellite.cookie.get("cid");let t;return e&&(t=_satellite.getVar("encode_value",{valueToEncode:e})),t}const QUALTRICS_ID="ZN_cZvnVmP81f4iHQ2",LOW_RATE=["zooplus.de","zooplus.it","zooplus.pl","zooplus.co.uk","zooplus.fr","zooplus.nl"],qualtricsRate=LOW_RATE.includes(_satellite.getVar("shop_info").domain)?"low":"high";let endPoint;endPoint="production"===_satellite.environment.stage?"https://mkt-tech.omt-services.com/qualtrics/"+qualtricsRate+"_rate/main.js":"https://mkt-tech-dev.omt-services.com/qualtrics/"+qualtricsRate+"_rate/main.js",_satellite.getVar("sid_resolver").then((e=>{if(!e)return;createQSIDatalayer(e);const t=document.createElement("div");let o;if(t.id=QUALTRICS_ID,"checkout_finish"===_satellite.getVar("content_group")?o=document.querySelector('[data-zta="orderNumber"]'):"product-detail"===_satellite.getVar("content_group")&&(o=document.getElementById("app-main-container")),!o)return;o.appendChild(t);const n=document.createElement("script");n.type="text/javascript",n.src=endPoint,document.body.appendChild(n)})).catch((()=>{}));
});</script><script type="text/javascript" src="https://mkt-tech.omt-services.com/qualtrics/low_rate/main.js"></script><script>_satellite["_runScript24"](function(event, target, Promise) {
    !function(){if(!window.zootopia){var e=_satellite.getVar("shop_info").id;window.zootopia={siteId:e}}if(!!Array.from(document.querySelectorAll("script")).filter((function(e){return e.src.match(/(reco-engine).*((?:tracking|zootopia)-min)/)})).length)console.debug("ZT already loaded by Setting.");else{console.debug("Inserting ZT via Adb.");var t=document.createElement("script");t.type="text/javascript",t.async=!0,t.dataset.source="adb","production"===_satellite.environment.stage?t.src="https://cdn.public.zooplus.net/media/zootopia-assets/zootopia-min.js":t.src="https://cdn-dev.public.zooplus.net/media/zootopia-assets/zootopia-min.js",document.head.appendChild(t)}}();
});</script><div id="onetrust-consent-sdk" data-nosnippet="true"><div class="onetrust-pc-dark-filter ot-hide ot-fade-in"></div><div id="onetrust-pc-sdk" class="otPcCenter ot-hide ot-fade-in" lang="en-GB" aria-label="Preference center" role="region"><div role="dialog" aria-modal="true" style="height: 100%;" aria-label="Privacy Preference Centre"><!-- Close Button --><div class="ot-pc-header"><!-- Logo Tag --><div class="ot-pc-logo" role="img" aria-label="Company Logo"><img alt="Company Logo" src="https://cdn.cookielaw.org/logos/9320c072-eeb3-47d1-9caf-bda12a4818f6/0191a3c3-2b45-7ed3-8c82-a3445b6ae4b3/b8940eaa-4354-4575-a934-3475defe9030/zooplus-logo-2024.png"></div><button id="close-pc-btn-handler" class="ot-close-icon" aria-label="Close" style="background-image: url(&quot;https://cdn.cookielaw.org/logos/static/ot_close.svg&quot;);"></button></div><!-- Close Button --><div id="ot-pc-content" class="ot-pc-scrollbar"><div class="ot-optout-signal ot-hide"><div class="ot-optout-icon"><svg xmlns="http://www.w3.org/2000/svg"><path class="ot-floating-button__svg-fill" d="M14.588 0l.445.328c1.807 1.303 3.961 2.533 6.461 3.688 2.015.93 4.576 1.746 7.682 2.446 0 14.178-4.73 24.133-14.19 29.864l-.398.236C4.863 30.87 0 20.837 0 6.462c3.107-.7 5.668-1.516 7.682-2.446 2.709-1.251 5.01-2.59 6.906-4.016zm5.87 13.88a.75.75 0 00-.974.159l-5.475 6.625-3.005-2.997-.077-.067a.75.75 0 00-.983 1.13l4.172 4.16 6.525-7.895.06-.083a.75.75 0 00-.16-.973z" fill="#FFF" fill-rule="evenodd"></path></svg></div><span></span></div><h2 id="ot-pc-title">Privacy Preference Centre</h2><div id="ot-pc-desc">When you visit a website, it may retrieve or store data about your browser. This usually takes the form of cookies. This can be data about you, your settings or your device. In most cases, the data is used to ensure that the website is functioning as expected. This data cannot normally identify you personally. However, it can provide you with a more personalised web experience. As we respect your right to privacy, you can choose not to allow certain types of cookies. Click on the different category headings to find out more and change our default settings. However, blocking certain types of cookies may result in a compromised experience with the website and services we provide.
    <br><a href="https://www.zooplus.co.uk/info/legal/privacy" class="privacy-notice-link" rel="noopener" target="_blank" aria-label="More information about your privacy, opens in a new tab">Further information</a></div><button id="accept-recommended-btn-handler">Agree and continue</button><section class="ot-sdk-row ot-cat-grp"><h3 id="ot-category-title">Manage Consent Preferences</h3><div class="ot-accordion-layout ot-cat-item ot-vs-config" data-optanongroupid="1"><button aria-expanded="false" ot-accordion="true" aria-controls="ot-desc-id-1" aria-labelledby="ot-header-id-1 ot-status-id-1"></button><!-- Accordion header --><div class="ot-acc-hdr ot-always-active-group"><div class="ot-plus-minus"><span></span><span></span></div><h4 class="ot-cat-header" id="ot-header-id-1">Strictly Necessary Cookies</h4><div id="ot-status-id-1" class="ot-always-active">Always Active</div></div><!-- accordion detail --><div class="ot-acc-grpcntr ot-acc-txt"><p class="ot-acc-grpdesc ot-category-desc" id="ot-desc-id-1">These cookies are necessary for the website to function and cannot be switched off in our systems. They are usually only set in response to actions made by you which amount to a request for services, such as setting your privacy preferences, logging in or filling in forms. You can set your browser to block or alert you about these cookies, but some parts of the site will not then work. These cookies do not store any personally identifiable information.</p><div class="ot-hlst-cntr"><button class="ot-link-btn category-host-list-handler" aria-label="Cookie Details button opens Cookie List menu" data-parent-id="1">Cookies Details‎</button></div></div></div><div class="ot-accordion-layout ot-cat-item ot-vs-config" data-optanongroupid="2"><button aria-expanded="false" ot-accordion="true" aria-controls="ot-desc-id-2" aria-labelledby="ot-header-id-2"></button><!-- Accordion header --><div class="ot-acc-hdr"><div class="ot-plus-minus"><span></span><span></span></div><h4 class="ot-cat-header" id="ot-header-id-2">Performance Cookies</h4><div class="ot-tgl"><input type="checkbox" name="ot-group-id-2" id="ot-group-id-2" role="switch" class="category-switch-handler" data-optanongroupid="2" checked="" aria-labelledby="ot-header-id-2"> <label class="ot-switch" for="ot-group-id-2"><span class="ot-switch-nob"></span> <span class="ot-label-txt">Performance Cookies</span></label> </div></div><!-- accordion detail --><div class="ot-acc-grpcntr ot-acc-txt"><p class="ot-acc-grpdesc ot-category-desc" id="ot-desc-id-2">These cookies allow us to count visits and traffic sources, so we can measure and improve the performance of our site. They help us know which pages are the most and least popular and see how visitors move around the site. All information these cookies collect is aggregated and therefore anonymous. If you do not allow these cookies, we will not know when you have visited our site.</p><div class="ot-hlst-cntr"><button class="ot-link-btn category-host-list-handler" aria-label="Cookie Details button opens Cookie List menu" data-parent-id="2">Cookies Details‎</button></div></div></div><div class="ot-accordion-layout ot-cat-item ot-vs-config" data-optanongroupid="3"><button aria-expanded="false" ot-accordion="true" aria-controls="ot-desc-id-3" aria-labelledby="ot-header-id-3"></button><!-- Accordion header --><div class="ot-acc-hdr"><div class="ot-plus-minus"><span></span><span></span></div><h4 class="ot-cat-header" id="ot-header-id-3">Functional Cookies</h4><div class="ot-tgl"><input type="checkbox" name="ot-group-id-3" id="ot-group-id-3" role="switch" class="category-switch-handler" data-optanongroupid="3" checked="" aria-labelledby="ot-header-id-3"> <label class="ot-switch" for="ot-group-id-3"><span class="ot-switch-nob"></span> <span class="ot-label-txt">Functional Cookies</span></label> </div></div><!-- accordion detail --><div class="ot-acc-grpcntr ot-acc-txt"><p class="ot-acc-grpdesc ot-category-desc" id="ot-desc-id-3">These cookies enable the website to provide enhanced functionality and personalisation. They may be set by us or by third-party providers whose services we have added to our pages. If you do not allow these cookies then some or all of these services may not function properly.</p><div class="ot-hlst-cntr"><button class="ot-link-btn category-host-list-handler" aria-label="Cookie Details button opens Cookie List menu" data-parent-id="3">Cookies Details‎</button></div></div></div><div class="ot-accordion-layout ot-cat-item ot-vs-config" data-optanongroupid="4"><button aria-expanded="false" ot-accordion="true" aria-controls="ot-desc-id-4" aria-labelledby="ot-header-id-4"></button><!-- Accordion header --><div class="ot-acc-hdr"><div class="ot-plus-minus"><span></span><span></span></div><h4 class="ot-cat-header" id="ot-header-id-4">Targeting Cookies</h4><div class="ot-tgl"><input type="checkbox" name="ot-group-id-4" id="ot-group-id-4" role="switch" class="category-switch-handler" data-optanongroupid="4" checked="" aria-labelledby="ot-header-id-4"> <label class="ot-switch" for="ot-group-id-4"><span class="ot-switch-nob"></span> <span class="ot-label-txt">Targeting Cookies</span></label> </div></div><!-- accordion detail --><div class="ot-acc-grpcntr ot-acc-txt"><p class="ot-acc-grpdesc ot-category-desc" id="ot-desc-id-4">These cookies may be set through our site by our advertising partners. They may be used by those companies to build a profile of your interests and show you relevant adverts on other sites. They do not store directly personal information, but are based on uniquely identifying your browser and internet device. If you do not allow these cookies, you will experience less targeted advertising.</p><div class="ot-hlst-cntr"><button class="ot-link-btn category-host-list-handler" aria-label="Cookie Details button opens Cookie List menu" data-parent-id="4">Cookies Details‎</button></div></div></div><div class="ot-accordion-layout ot-cat-item ot-vs-config" data-optanongroupid="6"><button aria-expanded="false" ot-accordion="true" aria-controls="ot-desc-id-6" aria-labelledby="ot-header-id-6"></button><!-- Accordion header --><div class="ot-acc-hdr"><div class="ot-plus-minus"><span></span><span></span></div><h4 class="ot-cat-header" id="ot-header-id-6">External advertising partners - Customer list</h4><div class="ot-tgl"><input type="checkbox" name="ot-group-id-6" id="ot-group-id-6" role="switch" class="category-switch-handler" data-optanongroupid="6" checked="" aria-labelledby="ot-header-id-6"> <label class="ot-switch" for="ot-group-id-6"><span class="ot-switch-nob"></span> <span class="ot-label-txt">External advertising partners - Customer list</span></label> </div></div><!-- accordion detail --><div class="ot-acc-grpcntr ot-acc-txt"><p class="ot-acc-grpdesc ot-category-desc" id="ot-desc-id-6">We use special mechanisms to address our users and customers with advertising. Existing profiles of our advertising partners are matched using (hashed) email addresses (so-called customer lists), which enables a targeted approach using interest-based adverts. </p><div class="ot-hlst-cntr"><button class="ot-link-btn category-host-list-handler" aria-label="Cookie Details button opens Cookie List menu" data-parent-id="6">Cookies Details‎</button></div></div></div><!-- Groups sections starts --><!-- Group section ends --><!-- Accordion Group section starts --><!-- Accordion Group section ends --></section></div><section id="ot-pc-lst" class="ot-hide ot-hosts-ui ot-pc-scrollbar"><div id="ot-pc-hdr"><div id="ot-lst-title"><button class="ot-link-btn back-btn-handler" aria-label="Back"><svg id="ot-back-arw" xmlns="http://www.w3.org/2000/svg" xmlns:xlink="http://www.w3.org/1999/xlink" x="0px" y="0px" viewBox="0 0 444.531 444.531" xml:space="preserve"><title>Back Button</title><g><path fill="#656565" d="M213.13,222.409L351.88,83.653c7.05-7.043,10.567-15.657,10.567-25.841c0-10.183-3.518-18.793-10.567-25.835
                    l-21.409-21.416C323.432,3.521,314.817,0,304.637,0s-18.791,3.521-25.841,10.561L92.649,196.425
                    c-7.044,7.043-10.566,15.656-10.566,25.841s3.521,18.791,10.566,25.837l186.146,185.864c7.05,7.043,15.66,10.564,25.841,10.564
                    s18.795-3.521,25.834-10.564l21.409-21.412c7.05-7.039,10.567-15.604,10.567-25.697c0-10.085-3.518-18.746-10.567-25.978
                    L213.13,222.409z"></path></g></svg></button><h3>Cookie List</h3></div><div class="ot-lst-subhdr"><div class="ot-search-cntr"><p role="status" class="ot-scrn-rdr"></p><input id="vendor-search-handler" type="text" name="vendor-search-handler" placeholder="Search…" aria-label="Cookie list search"> <svg xmlns="http://www.w3.org/2000/svg" xmlns:xlink="http://www.w3.org/1999/xlink" x="0px" y="0px" viewBox="0 -30 110 110" aria-hidden="true"><title>Search Icon</title><path fill="#2e3644" d="M55.146,51.887L41.588,37.786c3.486-4.144,5.396-9.358,5.396-14.786c0-12.682-10.318-23-23-23s-23,10.318-23,23
            s10.318,23,23,23c4.761,0,9.298-1.436,13.177-4.162l13.661,14.208c0.571,0.593,1.339,0.92,2.162,0.92
            c0.779,0,1.518-0.297,2.079-0.837C56.255,54.982,56.293,53.08,55.146,51.887z M23.984,6c9.374,0,17,7.626,17,17s-7.626,17-17,17
            s-17-7.626-17-17S14.61,6,23.984,6z"></path></svg></div><div class="ot-fltr-cntr"><button id="filter-btn-handler" aria-label="Filter" aria-haspopup="true"><svg role="presentation" aria-hidden="true" xmlns="http://www.w3.org/2000/svg" xmlns:xlink="http://www.w3.org/1999/xlink" x="0px" y="0px" viewBox="0 0 402.577 402.577" xml:space="preserve"><title>Filter Icon</title><g><path fill="#fff" d="M400.858,11.427c-3.241-7.421-8.85-11.132-16.854-11.136H18.564c-7.993,0-13.61,3.715-16.846,11.136
      c-3.234,7.801-1.903,14.467,3.999,19.985l140.757,140.753v138.755c0,4.955,1.809,9.232,5.424,12.854l73.085,73.083
      c3.429,3.614,7.71,5.428,12.851,5.428c2.282,0,4.66-0.479,7.135-1.43c7.426-3.238,11.14-8.851,11.14-16.845V172.166L396.861,31.413
      C402.765,25.895,404.093,19.231,400.858,11.427z"></path></g></svg></button></div><div id="ot-anchor"></div><section id="ot-fltr-modal"><div id="ot-fltr-cnt"><button id="clear-filters-handler">Clear</button><div class="ot-fltr-scrlcnt ot-pc-scrollbar"><div class="ot-fltr-opts"><div class="ot-fltr-opt"><div class="ot-chkbox"><input id="chkbox-id" type="checkbox" class="category-filter-handler"> <label for="chkbox-id"><span class="ot-label-txt">checkbox label</span></label> <span class="ot-label-status">label</span></div></div></div><div class="ot-fltr-btns"><button id="filter-apply-handler">Apply</button> <button id="filter-cancel-handler">Cancel</button></div></div></div></section></div></div><section id="ot-lst-cnt" class="ot-host-cnt ot-pc-scrollbar"><div id="ot-sel-blk"><div class="ot-sel-all"><div class="ot-sel-all-hdr"><span class="ot-consent-hdr">Consent</span> <span class="ot-li-hdr">Leg.Interest</span></div><div class="ot-sel-all-chkbox"><div class="ot-chkbox" id="ot-selall-hostcntr"><input id="select-all-hosts-groups-handler" type="checkbox"> <label for="select-all-hosts-groups-handler"><span class="ot-label-txt">checkbox label</span></label> <span class="ot-label-status">label</span></div><div class="ot-chkbox" id="ot-selall-vencntr"><input id="select-all-vendor-groups-handler" type="checkbox"> <label for="select-all-vendor-groups-handler"><span class="ot-label-txt">checkbox label</span></label> <span class="ot-label-status">label</span></div><div class="ot-chkbox" id="ot-selall-licntr"><input id="select-all-vendor-leg-handler" type="checkbox"> <label for="select-all-vendor-leg-handler"><span class="ot-label-txt">checkbox label</span></label> <span class="ot-label-status">label</span></div></div></div></div><div class="ot-sdk-row"><div class="ot-sdk-column"><ul id="ot-host-lst"></ul></div></div></section></section><div class="ot-pc-footer ot-pc-scrollbar"><div class="ot-btn-container"><button class="ot-pc-refuse-all-handler">Only necessary cookies</button> <button class="save-preference-btn-handler onetrust-close-btn-handler">Confirm my selection</button></div><!-- Footer logo --><div class="ot-pc-footer-logo"><a href="https://www.onetrust.com/products/cookie-consent/" target="_blank" rel="noopener noreferrer" aria-label="Powered by OneTrust Opens in a new Tab"><img alt="Powered by Onetrust" src="https://cdn.cookielaw.org/logos/static/powered_by_logo.svg" title="Powered by OneTrust Opens in a new Tab"></a></div></div><!-- Cookie subgroup container --><!-- Vendor list link --><!-- Cookie lost link --><!-- Toggle HTML element --><!-- Checkbox HTML --><!-- plus minus--><!-- Arrow SVG element --><!-- Accordion basic element --><span class="ot-scrn-rdr" aria-atomic="true" aria-live="polite"></span><!-- Vendor Service container and item template --></div><iframe class="ot-text-resize" sandbox="allow-same-origin" title="onetrust-text-resize" style="position: absolute; top: -50000px; width: 100em;" aria-hidden="true"></iframe></div></div><script>_satellite["_runScript25"](function(event, target, Promise) {
    "main"===event.dl_type?(_satellite.setVar("dl_main",!0),_satellite.track("DL_ready",{name:"Main datalayer Ready"})):"onetrust"===event.dl_type?_satellite.setVar("dl_onetrust",!0):_satellite.track("DL_ready",{name:"Direct call trigger"});
});</script><script>_satellite["_runScript26"](function(event, target, Promise) {
    const FACEBOOK_CONFIG=[{domain:"zooplus.hr",id:"2187782414625115"},{domain:"zooplus.ro",id:"2283545231690599"},{domain:"zooplus.bg",id:"479694385874284"},{domain:"zooplus.de",id:"435545730522598"},{domain:"zooplus.fr",id:"245554285930371"},{domain:"zooplus.pl",id:"430595530654347"},{domain:"zooplus.it",id:"309951816388547"},{domain:"zooplus.es",id:"1674361445921196"},{domain:"zooplus.pt",id:"280886339425403"},{domain:"zooplus.nl",id:"2058896664396022"},{domain:"zooplus.ch",id:"184864995761611"},{domain:"zooplus.co.uk",id:"2419524231615405"},{domain:"zooplus.fi",id:"798633777162701"},{domain:"zooplus.se",id:"557134191381773"},{domain:"zooplus.hu",id:"273779683487949"},{domain:"zooplus.gr",id:"231642867881206"},{domain:"zoohit.sk",id:"1875065602803681"},{domain:"zoohit.si",id:"112877379519495"},{domain:"zoohit.cz",id:"1129968047162632"},{domain:"zoochic-eu.ru",id:"179903332605609"},{domain:"zooplus.at",id:"193198862797312"},{domain:"zooplus.dk",id:"361948785407370"},{domain:"zooplus.no",id:"2014326465397858"},{domain:"zooplus.be",id:"220189763383448"}],{domain:domain,currencyCode:currencyCode}=_satellite.getVar("shop_info"),pageType=_satellite.getVar("content_group"),config=FACEBOOK_CONFIG.find((o=>domain.includes(o.domain)));if(config){!function(o,e,t,i,d,n){o.fbq||(d=o.fbq=function(){d.callMethod?d.callMethod.apply(d,arguments):d.queue.push(arguments)},o._fbq||(o._fbq=d),d.push=d,d.loaded=!0,d.version="2.0",d.queue=[],(n=e.createElement(t)).async=!0,n.src=i,n.onload=function(){sessionStorage.getItem("ad_b_s")||sessionStorage.setItem("ad_b_s",1)},n.onerror=function(){sessionStorage.getItem("ad_b_s")||sessionStorage.setItem("ad_b_s",2)},document.body.appendChild(n))}(window,document,"script","//connect.facebook.net/en_US/fbevents.js"),fbq("init",config.id),fbq("trackCustom","PageType",{page_type:_satellite.getVar("page_type_extended")});const o=_satellite.getVar("customer_profile");if(o){let{isRegistered:e,orderCount:t,stage:i,churnFactorPercentile:d}=o;fbq("trackCustom","CohortRegisteredUser",{customer_UserRegistered:e?e.toString():"empty"}),fbq("trackCustom","CohortOrderNo",{customer_orderNo:void 0!==t?t:"empty"}),t>0&&(fbq("trackCustom","CohortStage",{customer_stage:i||"empty"}),fbq("trackCustom","ChurnFactor",{customer_churnfactor:d||"empty"}))}let e,t=[];if("product-detail"===pageType){e="product";const{variants:o}=ObjectBuilding("productDataLayer");Array.isArray(o)&&(t=o.map((o=>o.sku)))}else if(pageType.includes("category_level")){e="product_group";const o=window.productListDataLayer;Array.isArray(o)&&(t=o.map((o=>o.shopIdentifier)))}t.length&&fbq("track","ViewContent",{content_ids:JSON.stringify(t),content_type:e,value:0,currency:currencyCode})}
});</script><script src="https://connect.facebook.net/signals/config/2419524231615405?v=2.9.166&amp;r=stable&amp;domain=www.zooplus.co.uk&amp;hme=da9a399065fb1c492026018b9e54864148adfb49d800f41752428fb7b59190f8&amp;ex_m=69%2C118%2C104%2C108%2C60%2C4%2C97%2C68%2C16%2C94%2C86%2C50%2C53%2C168%2C171%2C183%2C179%2C180%2C182%2C29%2C98%2C52%2C75%2C181%2C163%2C166%2C176%2C177%2C184%2C127%2C40%2C34%2C139%2C15%2C49%2C190%2C189%2C129%2C18%2C39%2C1%2C42%2C64%2C65%2C66%2C70%2C90%2C17%2C14%2C93%2C89%2C88%2C105%2C51%2C107%2C38%2C106%2C30%2C91%2C26%2C164%2C167%2C136%2C28%2C11%2C12%2C13%2C6%2C7%2C25%2C22%2C23%2C56%2C61%2C63%2C73%2C99%2C27%2C74%2C9%2C8%2C78%2C47%2C21%2C101%2C100%2C102%2C95%2C10%2C20%2C3%2C19%2C83%2C55%2C81%2C33%2C72%2C0%2C92%2C32%2C80%2C85%2C46%2C45%2C84%2C37%2C5%2C87%2C79%2C43%2C35%2C82%2C2%2C36%2C62%2C41%2C103%2C44%2C77%2C67%2C109%2C59%2C58%2C31%2C96%2C57%2C54%2C48%2C76%2C71%2C24%2C110" async=""></script><script async="" src="//connect.facebook.net/en_US/fbevents.js"></script><!-- FR_ES_DE_DK_FI_HU_NL_CZ_SK_IT_PL_DET_BT_Criteo_COHORT -->





<script type="text/javascript">
    var ev_type = (window.innerWidth < 992 ? "viewItemMobile" : "viewItem")
    if ((localStorage.getItem('sesscrit') != '') && (localStorage.getItem('sesscrit') != null) && (localStorage.getItem('sesscrit') != undefined)) {
        var sesscrit = localStorage.getItem('sesscrit');
    } else {
        var sesscrit = genRetVisID();
        localStorage.setItem('sesscrit', sesscrit);
    }

    var seg;
    if ((localStorage.getItem('adb_pvi') !== '') && (localStorage.getItem('adb_pvi') != null) && (localStorage.getItem('adb_pvi') !== undefined)) {
        var adbPvi = JSON.parse(localStorage.getItem('adb_pvi'));
        seg = adbPvi.stageOMRet.toLowerCase()
    }

    var scriptcrit = document.createElement('script'); scriptcrit.type = 'text/javascript'; scriptcrit.src = "//dynamic.criteo.com/js/ld/ld.js?a=1598";
    document.getElementsByTagName('head')[0].appendChild(scriptcrit);

    var critid = location.pathname.split('/').pop();

    window.criteo_q = window.criteo_q || [];
    window.criteo_q.push(
        { event: "setAccount", account: 1598 },
        { event: "setRetailerVisitorId", id: sesscrit },
        { event: "setEmail", email: "" },
        { event: "viewItem", segment: seg, page_id: ev_type, item: critid }
    );

    function genRetVisID(a) { return a ? (a ^ Math.random() * 16 >> a / 4).toString(16) : ([1e10] + 1e10 + 1e9).replace(/[01]/g, genRetVisID).toUpperCase() };

</script><script>
    (function(w,d,t,r,u){var f,n,i;w[u]=w[u]||[],f=function(){var o=
        {ti:"4033276"}
    ;o.q=w[u],w[u]=new UET(o),w[u].push("pageLoad")},n=d.createElement(t),n.src=r,n.async=1,n.onload=n.onreadystatechange=function(){var s=this.readyState;s&&s!=="loaded"&&s!=="complete"||(f(),n.onload=n.onreadystatechange=null)},i=d.getElementsByTagName(t)[0],i.parentNode.insertBefore(n,i)})(window,document,"script","//bat.bing.com/bat.js","uetq");
    window.uetq = window.uetq || [];
    window.uetq.push('consent', 'default', { 'ad_storage': 'denied' });
    window.uetq.push('consent', 'update', { 'ad_storage': 'granted' });
    window.uetq.push('event', '',{'ecomm_prodid': '1934717', 'ecomm_pagetype': 'product'}
    );
</script><div id="criteo-tags-div" style="display: none;"></div><div id="batBeacon503178781670" style="width: 0px; height: 0px; display: none; visibility: hidden;"><img id="batBeacon260840267379" width="0" height="0" alt="" src="https://bat.bing.com/action/0?ti=4033276&amp;Ver=2&amp;mid=cb3ff993-ca7c-4081-8224-d883ecb7146c&amp;sid=f01d32c069dd11ef9ff67f3f5ae2da5b&amp;vid=07b904305c2811ef83c6655fef8ac7c0&amp;vids=0&amp;msclkid=N&amp;cdl=label_only_1&amp;pi=918639831&amp;lg=en-US&amp;sw=3840&amp;sh=2160&amp;sc=24&amp;tl=Encore%20Cat%20Chicken%20with%20Salmon%20%7C%20zooplus.co.uk&amp;p=https%3A%2F%2Fwww.zooplus.co.uk%2Fshop%2Fcats%2Fdry_cat_food%2Fencore%2F1934717%3FactiveVariant%3D1934717.0&amp;r=&amp;lt=2300&amp;evt=pageLoad&amp;sv=1&amp;asc=G&amp;cdb=AQET&amp;rn=704018" style="width: 0px; height: 0px; display: none; visibility: hidden;"><img id="batBeacon847393891807" width="0" height="0" alt="" src="https://bat.bing.com/action/0?ti=4033276&amp;Ver=2&amp;mid=cb3ff993-ca7c-4081-8224-d883ecb7146c&amp;sid=f01d32c069dd11ef9ff67f3f5ae2da5b&amp;vid=07b904305c2811ef83c6655fef8ac7c0&amp;vids=0&amp;msclkid=N&amp;prodid=1934717&amp;pagetype=product&amp;cdl=label_only_1&amp;en=Y&amp;p=https%3A%2F%2Fwww.zooplus.co.uk%2Fshop%2Fcats%2Fdry_cat_food%2Fencore%2F1934717&amp;sw=3840&amp;sh=2160&amp;sc=24&amp;evt=custom&amp;asc=G&amp;cdb=AQET&amp;rn=964443" style="width: 0px; height: 0px; display: none; visibility: hidden;"></div></body></html>