<html lang="en"><head><style type="text/css">:root {
    --counter: #ed1c24;
    --cartButton: linear-gradient(to right, #ff6200, #ff8800);
    --cartButtonHover: #ff6200;
    --primaryMid: #3c9700;
    --greyUltraLight: #f2f3f4;
    --greyLight: #e6e6e6;
    --greyDark: #555555;
}

[data-realm='bitiba'] {
    --cartButton: linear-gradient(to right, #ff0000, #ff3636);
    --cartButtonHover: #ff0000;
    --primaryMid: #000099;
}

[class*='z-brand-theme-2024-'] {
    --counter: var(--pp-color-surface-static-neutral);
}

[class*='z-brand-theme-bitiba'] {
    --counter: #000099;
}
</style><style type="text/css">.cartButton-module_cartButton__lIc-O {
    display: flex;
    position: relative;
    justify-content: center;
    align-items: center;
    height: 36px;
    padding: 0;
    font-size: 14px;
    min-width: 36px;
    border-radius: 5px;
    border: none;
    font-weight: 700;
    background: var(--cartButton);
    color: #fff;
    cursor: pointer;
    text-decoration: none;
}
.cartButton-module_cartButton__lIc-O svg {
    fill: #fff;
}
.cartButton-module_cartButton__lIc-O:hover, .cartButton-module_cartButton__lIc-O:focus {
    background: var(--cartButtonHover);
    color: #fff;
}
@media screen and (min-width: 544px) {
    .cartButton-module_cartButton__lIc-O {
        height: 46px;
        min-width: 46px;
    }
}
@media screen and (min-width: 768px) {
    .cartButton-module_cartButton__lIc-O {
        min-width: 222px;
    }
    .cartButton-module_cartButton__lIc-O svg {
        vertical-align: middle;
        margin-right: 5px;
    }
}

.cartButton-module_linkButton__6Ed9- {
    display: block;
    position: relative;
    text-decoration: none;
    width: 100%;
}
.cartButton-module_linkButton__6Ed9-:focus {
    color: #fff;
}
@media screen and (min-width: 1399px) {
    .cartButton-module_linkButton__6Ed9- {
        width: auto;
    }
}

.cartButton-module_buttonCounter__ljXv1 {
    position: absolute;
    text-align: center;
    border-radius: 100%;
    top: 0;
    right: 0;
    line-height: 20px;
    height: 20px;
    width: 20px;
    display: block;
    color: #fff;
    background: var(--counter);
    padding: 0.3 rem;
    transform: translate(5px, -5px);
    font-weight: 400;
}
@media screen and (min-width: 1399px) {
    .cartButton-module_buttonCounter__ljXv1 {
        height: 24px;
        width: 24px;
        line-height: 24px;
    }
}

.cartButton-module_cartButtonWrapper__OhtWq {
    overflow: visible;
    position: relative;
}

.cartButton-module_uiCartButton__oLswK > * {
    display: flex !important;
    align-items: center;
}

.cartButton-module_uiLinkButton__SDsAq {
    overflow: visible !important;
    width: 100% !important;
}
.cartButton-module_uiLinkButton__SDsAq svg {
    margin-right: var(--pp-spacing-xs);
}

[class*=z-brand-theme-2024-] .cartButton-module_uiCartButton__oLswK svg {
    height: 20px;
    width: 20px;
}
[class*=z-brand-theme-2024-] .cartButton-module_buttonCounter__ljXv1 {
    border-radius: var(--pp-radius-l);
    right: -5px;
    top: -6px;
    width: auto;
    min-width: 26px;
    color: var(--pp-color-text-default);
    padding: 0 6px;
    transform: translate(0, 0);
    font: var(--pp-font-copy-small-heavy);
    line-height: 20px;
}
@media screen and (max-width: 543px) {
    [class*=z-brand-theme-2024-] .cartButton-module_buttonCounter__ljXv1 {
        right: -11px;
        top: -8px;
    }
}
@media screen and (min-width: 1399px) {
    [class*=z-brand-theme-2024-] .cartButton-module_buttonCounter__ljXv1 {
        height: 20px;
        line-height: 20px;
    }
}</style><style type="text/css">.FooterComponent-module_shopFooter__Matj4 {
    width: 100%;
    display: flex;
    z-index: 1;
    position: relative;
    flex-direction: column;
    justify-content: center;
    border-bottom: 3px solid var(--z-color-primary);
}</style><style type="text/css">.SocialAndApps-module_socialAndApps__OLYLe {
    display: flex;
    justify-content: center;
    background-color: var(--z-color-white);
}

.SocialAndApps-module_socialAndAppsWrapper__IEkOy {
    width: 100%;
    max-width: 1024px;
    padding: var(--z-size-20px) var(--z-size-15px);
}
@media (min-width: 768px) {
    .SocialAndApps-module_socialAndAppsWrapper__IEkOy {
        padding: var(--z-size-30px) var(--z-size-15px);
        display: flex;
        justify-content: space-between;
    }
}

.SocialAndApps-module_socialColumn__c-cNg h4 {
    font-size: 0.875rem;
    line-height: 1.25rem;
    margin-top: 0;
}

.SocialAndApps-module_socialList__SIeIo {
    display: flex;
    flex-wrap: wrap;
    padding: 0;
    list-style-type: none;
}
.SocialAndApps-module_socialList__SIeIo li {
    margin-right: var(--z-size-15px);
}
.SocialAndApps-module_socialList__SIeIo a {
    padding: 0;
}

.SocialAndApps-module_appColumn__e7ka5 {
    margin: var(--z-size-20px) 0 0;
}
.SocialAndApps-module_appColumn__e7ka5 ul {
    margin: 0;
}
@media (min-width: 768px) {
    .SocialAndApps-module_appColumn__e7ka5 {
        margin: 0;
    }
    .SocialAndApps-module_appColumn__e7ka5 li:last-child {
        margin: 0;
    }
}

.SocialAndApps-module_imageContainer__T8XpY {
    display: flex;
    padding: 0;
    list-style-type: none;
}
.SocialAndApps-module_imageContainer__T8XpY li {
    height: 42px;
    margin-right: var(--z-size-15px);
}
.SocialAndApps-module_imageContainer__T8XpY img {
    height: 100%;
}</style><style type="text/css">.PurchaseDetails-module_paymentShippingAndTrust__0p7i3 {
    display: flex;
    justify-content: center;
    background-color: var(--z-color-neutral-ultralight);
}

.PurchaseDetails-module_paymentShippingAndTrustWrapper__ivpLy {
    width: 1024px;
    max-width: 1024px;
    padding: var(--z-size-20px) var(--z-size-15px);
}
.PurchaseDetails-module_paymentShippingAndTrustWrapper__ivpLy h4 {
    font-size: 0.875rem;
    line-height: 1.25rem;
    margin: 0 0 var(--z-size-15px) 0;
}
@media (min-width: 768px) {
    .PurchaseDetails-module_paymentShippingAndTrustWrapper__ivpLy {
        display: flex;
        flex-wrap: wrap;
        padding: var(--z-size-30px) var(--z-size-15px);
    }
}

.PurchaseDetails-module_logosContainer__DYXyD {
    display: flex;
    flex-wrap: wrap;
    gap: 10px;
    margin: 4px -5px 20px;
    padding: 0;
    list-style-type: none;
}
.PurchaseDetails-module_logosContainer__DYXyD a {
    padding: 0;
}
@media (min-width: 768px) {
    .PurchaseDetails-module_logosContainer__DYXyD {
        margin: 4px -5px 0;
    }
}

.PurchaseDetails-module_logo__Wh43c {
    height: 32px;
    width: auto;
    border-radius: var(--z-radius);
}
.PurchaseDetails-module_logo__Wh43c:hover {
    filter: drop-shadow(0 6px 15px rgba(0, 0, 0, 0.1));
}

.PurchaseDetails-module_logoCustom__u5q68 {
    padding: 5px;
    height: auto;
    border: 1px solid var(--z-color-neutral-light);
    background-color: var(--z-color-white);
    border-radius: var(--z-radius);
}
.PurchaseDetails-module_logoCustom__u5q68 a {
    text-decoration: none;
    color: var(--z-color-neutral);
}
.PurchaseDetails-module_logoCustom__u5q68 span {
    font-size: 0.75rem;
}

.PurchaseDetails-module_logoCustom__u5q68:hover {
    filter: drop-shadow(0 6px 15px rgba(0, 0, 0, 0.1));
}
.PurchaseDetails-module_logoCustom__u5q68:hover a {
    color: var(--z-color-neutral);
}

.PurchaseDetails-module_secureColumn__0T6Qa img {
    width: 100%;
}
.PurchaseDetails-module_secureColumn__0T6Qa .PurchaseDetails-module_logo__Wh43c {
    height: 100%;
    width: 90px;
}

@media (min-width: 768px) {
    .PurchaseDetails-module_paymentColumn__FfQIU,
    .PurchaseDetails-module_shippingColumn__6Zl0V,
    .PurchaseDetails-module_emptyColumn__d3UuM {
        width: 25%;
    }
    .PurchaseDetails-module_secureColumn__0T6Qa {
        width: 50%;
    }
}</style><style type="text/css">.NewsletterConfirmModal-module_newsletterModalText__p6jWc {
    padding: var(--z-size-20px) var(--z-size-15px) var(--spacingSmall) var(--z-size-15px);
    background-color: var(--z-color-neutral-ultralight);
}</style><style type="text/css">.Newsletter-module_shopFooterNewsletterWrapper__eEV55 {
    background-color: var(--z-color-primary-dark);
    background-size: cover;
    display: flex;
    justify-content: center;
}

.Newsletter-module_newsletterBackground__2bq52 {
    max-width: 1024px;
    width: 100%;
    padding: var(--z-size-20px) var(--z-size-15px);
}
@media (min-width: 1024px) {
    .Newsletter-module_newsletterBackground__2bq52 {
        padding: var(--z-size-15px) var(--z-size-15px) 10px var(--z-size-15px);
        display: flex;
    }
}

.Newsletter-module_discountWrapper__xe-6C {
    display: grid;
    grid-template-columns: 120px 1fr;
    grid-gap: var(--z-size-20px);
    height: 100px;
    position: relative;
}
@media (min-width: 1024px) {
    .Newsletter-module_discountWrapper__xe-6C {
        display: flex;
        width: 160px;
        height: 120px;
    }
}
.Newsletter-module_discountWrapper__xe-6C .Newsletter-module_circleWrapper__yHDGl {
    grid-column: 1;
    height: 120px;
    width: 120px;
    border-radius: 50%;
    position: absolute;
    top: -32px;
    color: var(--z-color-primary-dark);
    background: linear-gradient(90deg, #ffd647 0%, #ffe178 100%);
    display: flex;
    align-items: center;
    justify-content: center;
    text-align: center;
}
@media (min-width: 1024px) {
    .Newsletter-module_discountWrapper__xe-6C .Newsletter-module_circleWrapper__yHDGl {
        height: 140px;
        width: 140px;
    }
}
.Newsletter-module_discountWrapper__xe-6C .Newsletter-module_circleWrapper__yHDGl .Newsletter-module_amountAndText__qCVHu {
    padding: 0 14px;
}
.Newsletter-module_discountWrapper__xe-6C .Newsletter-module_circleWrapper__yHDGl .Newsletter-module_amountAndText__qCVHu span {
    display: block;
}
.Newsletter-module_discountWrapper__xe-6C .Newsletter-module_circleWrapper__yHDGl .Newsletter-module_amountAndText__qCVHu span:nth-child(1) {
    font-size: 2rem;
    line-height: 2.375rem;
    font-weight: 700;
}
.Newsletter-module_discountWrapper__xe-6C .Newsletter-module_circleWrapper__yHDGl .Newsletter-module_amountAndText__qCVHu span:nth-child(2) {
    font-size: var(--z-font-size-sm);
    line-height: var(--z-font-size-lg);
    font-weight: 700;
}
.Newsletter-module_discountWrapper__xe-6C .Newsletter-module_paw__gUJI3 {
    border: solid 3px var(--z-color-white);
    position: absolute;
    left: 100px;
    top: 18px;
    height: 30px;
    width: 30px;
    background-color: var(--z-color-primary-dark);
    border-radius: 50%;
}
.Newsletter-module_discountWrapper__xe-6C .Newsletter-module_paw__gUJI3 svg {
    fill: var(--z-color-bonus);
    transform: scaleX(0.8) scaleY(0.9);
}
@media (min-width: 1024px) {
    .Newsletter-module_discountWrapper__xe-6C .Newsletter-module_paw__gUJI3 {
        display: flex;
        align-items: center;
        justify-content: center;
        top: 110px;
        height: 42px;
        width: 42px;
    }
    .Newsletter-module_discountWrapper__xe-6C .Newsletter-module_paw__gUJI3 svg {
        transform: scaleX(1.3) scaleY(1.4);
    }
}

.Newsletter-module_newsletterHeadline__qzuHq {
    grid-column: 2;
    color: var(--z-color-white);
    font-size: 0.875rem;
    font-weight: 600;
}
@media (min-width: 1024px) {
    .Newsletter-module_newsletterHeadline__qzuHq {
        margin: var(--z-size-15px) 0;
    }
}

@media (min-width: 1024px) {
    .Newsletter-module_formSection__bU3YG {
        width: 626px;
    }
}
@media (min-width: 1024px) {
    .Newsletter-module_formSection__bU3YG .Newsletter-module_formSectionBottom__p9M3- {
        display: flex;
        gap: var(--z-size-15px);
    }
}

.Newsletter-module_petSelection__gC1Fy {
    min-width: 226px;
}
.Newsletter-module_petSelection__gC1Fy .z-dropdown-menu__body {
    background-color: var(--z-color-white);
}

.Newsletter-module_emailInputWrapper__IZYg4 {
    margin-top: var(--z-size-10px);
}
@media (min-width: 1024px) {
    .Newsletter-module_emailInputWrapper__IZYg4 {
        margin-top: 0;
        flex-grow: 2;
        position: relative;
    }
}

.Newsletter-module_emailInput__-Gr-I {
    margin-bottom: 10px;
    width: 100%;
}
@media (min-width: 1024px) {
    .Newsletter-module_emailInput__-Gr-I {
        margin-bottom: 0;
    }
}

.Newsletter-module_emailValidation__DUEeL.z-form-message {
    color: var(--z-color-white);
}

.Newsletter-module_gpdrMessageWrapper__GEQhi {
    background-color: var(--z-color-info-ultralight);
    display: flex;
    justify-content: center;
}
.Newsletter-module_gpdrMessageWrapper__GEQhi .Newsletter-module_gpdrMessage__iLuYS {
    padding: var(--z-size-15px);
    width: 100%;
    max-width: 1024px;
    display: flex;
    align-items: center;
}
.Newsletter-module_gpdrMessageWrapper__GEQhi svg {
    fill: var(--z-color-info);
    margin-right: var(--z-size-15px);
}

.Newsletter-module_generalErrorWrapper__UR-9- {
    background-color: var(--z-color-warning-ultralight);
    display: flex;
    justify-content: center;
}
.Newsletter-module_generalErrorWrapper__UR-9- .Newsletter-module_generalErrorMessage__5ug0V {
    display: flex;
    width: 1024px;
    max-width: 1024px;
    align-items: center;
    padding: var(--z-size-15px);
}
.Newsletter-module_generalErrorWrapper__UR-9- svg {
    fill: var(--z-color-warning);
    margin-right: var(--z-size-15px);
}

@media (min-width: 1024px) {
    .Newsletter-module_subscribeButton__EghGV {
        position: relative;
        top: 50px;
        left: var(--z-size-15px);
    }
    .Newsletter-module_subscribeButton__EghGV button {
        width: 180px;
    }
}

@media (min-width: 1024px) {
    .Newsletter-module_onlyMobile__AZU7W {
        display: none;
    }
}

.Newsletter-module_onlyDesktop__87g-k {
    display: none;
}
@media (min-width: 1024px) {
    .Newsletter-module_onlyDesktop__87g-k {
        display: block;
    }
}</style><style type="text/css">.LegalLinks-module_legalLinks__5Jdza {
    display: flex;
    justify-content: center;
    background-color: var(--z-color-neutral-ultralight);
}

.LegalLinks-module_legalLinksWrapper__VU1B7 {
    width: 100%;
    max-width: 1024px;
    padding: var(--z-size-20px) var(--z-size-15px);
}
@media (min-width: 768px) {
    .LegalLinks-module_legalLinksWrapper__VU1B7 {
        display: flex;
        flex-direction: column;
        flex-wrap: wrap;
        padding: var(--z-size-20px) var(--z-size-15px);
    }
}
@media (min-width: 1024px) {
    .LegalLinks-module_legalLinksWrapper__VU1B7 {
        padding: var(--z-size-30px) var(--z-size-15px);
    }
}

.LegalLinks-module_linkList__aPz8u {
    display: flex;
    flex-wrap: wrap;
    padding: 0;
    list-style-type: none;
}
.LegalLinks-module_linkList__aPz8u a {
    color: var(--z-color-neutral);
    margin-right: 10px;
    padding: 0;
    font-size: 0.75rem;
    line-height: 1.125rem;
}
.LegalLinks-module_linkList__aPz8u a:hover {
    color: var(--z-color-primary-dark);
}
.LegalLinks-module_linkList__aPz8u li:last-child a {
    margin-right: 0;
}
@media (min-width: 768px) {
    .LegalLinks-module_linkList__aPz8u a {
        line-height: 1rem;
    }
}

.LegalLinks-module_copyright__72xVl {
    display: block;
    margin-top: 10px;
    color: var(--z-color-neutral);
    opacity: 70%;
    font-size: 0.75rem;
    line-height: 1rem;
}</style><style type="text/css">.LegalDisclaimer-module_disclaimerWrapper__1Ukzy {
    display: flex;
    width: 100%;
    justify-content: center;
    background: var(--z-color-white);
    z-index: 3;
}

.LegalDisclaimer-module_disclaimer__vlp0B {
    padding: 40px var(--z-size-15px) var(--z-size-10px);
    font-size: var(--z-font-size-sm);
    line-height: var(--z-size-16px);
    position: relative;
    border-bottom: var(--z-size-1px) solid var(--z-color-neutral-light);
    width: 100%;
    max-width: 1024px;
}

.LegalDisclaimer-module_disclaimerText__YStN8 a {
    font-size: var(--z-font-size-sm);
    color: var(--z-color-primary);
    text-decoration: none;
}
.LegalDisclaimer-module_disclaimerText__YStN8 a:hover {
    color: var(--z-color-primary-dark);
}</style><style type="text/css">.InfoListAndCountrySelector-module_infoListAndCountrySelector__IQ0AM {
    background-color: var(--z-color-white);
}
.InfoListAndCountrySelector-module_infoListAndCountrySelector__IQ0AM h4 {
    margin: 0;
}
@media (min-width: 768px) {
    .InfoListAndCountrySelector-module_infoListAndCountrySelector__IQ0AM {
        display: flex;
        justify-content: center;
    }
    .InfoListAndCountrySelector-module_infoListAndCountrySelector__IQ0AM h4 {
        margin: 0 0 var(--z-size-15px) 0;
    }
}

.InfoListAndCountrySelector-module_infoListAndCountrySelectorWrapper__6-BJ3 {
    width: 100%;
    max-width: 1024px;
}
@media (min-width: 768px) {
    .InfoListAndCountrySelector-module_infoListAndCountrySelectorWrapper__6-BJ3 {
        display: flex;
    }
}

.InfoListAndCountrySelector-module_listContainer__7Tbv- {
    cursor: pointer;
    border-bottom: 1px solid var(--z-color-neutral-light);
}
@media (min-width: 768px) {
    .InfoListAndCountrySelector-module_listContainer__7Tbv- {
        width: 33%;
        border-bottom: 0;
    }
}

.InfoListAndCountrySelector-module_infoList__DTNyj ul {
    list-style-type: none;
}
@media (min-width: 768px) {
    .InfoListAndCountrySelector-module_infoList__DTNyj {
        display: flex;
        width: 75%;
        padding: var(--z-size-30px) 0 var(--z-size-30px) var(--z-size-15px);
    }
}

.InfoListAndCountrySelector-module_headlineContainer__snr6a {
    display: flex;
    align-items: center;
    justify-content: space-between;
    padding: var(--z-size-20px) var(--z-size-15px);
    color: var(--z-color-primary);
}
.InfoListAndCountrySelector-module_headlineContainer__snr6a svg {
    transition: transform 0.3s ease-in-out;
}
@media (min-width: 768px) {
    .InfoListAndCountrySelector-module_headlineContainer__snr6a {
        padding: 0;
        color: var(--z-color-neutral-dark);
    }
    .InfoListAndCountrySelector-module_headlineContainer__snr6a svg {
        display: none;
    }
    .InfoListAndCountrySelector-module_headlineContainer__snr6a h4 {
        font-size: var(--z-font-size-md);
        line-height: 20px;
    }
}

.InfoListAndCountrySelector-module_rotate__cmrIL {
    transform: rotateZ(-180deg);
}

.InfoListAndCountrySelector-module_insideContent__82Sva {
    margin: 0;
    padding: 0 var(--z-size-15px);
    display: none;
}
@media (min-width: 768px) {
    .InfoListAndCountrySelector-module_insideContent__82Sva {
        padding: 0 var(--z-size-30px) 0 0;
    }
}
@media (min-width: 768px) {
    .InfoListAndCountrySelector-module_insideContent__82Sva {
        display: block;
    }
}

.InfoListAndCountrySelector-module_insideContentExpanded__Mz2ac {
    display: block;
}

.InfoListAndCountrySelector-module_linkContainer__wNBK5 {
    padding: var(--z-size-20px) 0;
}
.InfoListAndCountrySelector-module_linkContainer__wNBK5 a {
    padding: 0;
}
@media (min-width: 768px) {
    .InfoListAndCountrySelector-module_linkContainer__wNBK5 {
        padding: 10px 0 0 0;
    }
    .InfoListAndCountrySelector-module_linkContainer__wNBK5:first-child {
        padding: 0;
    }
    .InfoListAndCountrySelector-module_linkContainer__wNBK5 a {
        font-size: var(--z-font-size-sm);
        line-height: 16px;
    }
}

.InfoListAndCountrySelector-module_countrySelector__1RN31 {
    padding: var(--z-size-20px) var(--z-size-15px);
}
.InfoListAndCountrySelector-module_countrySelector__1RN31 h4 {
    margin-bottom: var(--z-size-15px);
}
@media (min-width: 768px) {
    .InfoListAndCountrySelector-module_countrySelector__1RN31 {
        width: 25%;
        padding: var(--z-size-30px) var(--z-size-15px) 0 0;
        position: relative;
    }
}</style><style type="text/css">.Popover-module_Popover__f9L07 {
    border-radius: 6px;
    position: absolute;
    right: 0;
    top: 0;
    width: 400px;
    z-index: 30000;
}
.Popover-module_Popover__f9L07 > div {
    padding: 0;
}
@media (max-width: 767px) {
    .Popover-module_Popover__f9L07 {
        position: fixed;
        top: 50% !important;
        left: 50% !important;
        right: auto !important;
        bottom: auto !important;
        width: 400px;
        transform: translate(-50%, -50%);
        max-width: calc(100% - 30px);
    }
    .Popover-module_Popover__f9L07:before {
        display: none;
    }
}

.Popover-module_InnerWrapper__E--3v {
    position: relative;
}
@media (min-width: 768px) {
    .Popover-module_InnerWrapper__E--3v:before {
        position: absolute;
        display: block;
        content: "";
        width: 15px;
        height: 15px;
        background: var(--z-color-white);
        transform: rotate(45deg);
        right: 20px;
        z-index: 0;
    }
    .Popover-module_InnerWrapper__E--3v.above:before {
        top: calc(100% - 10px);
    }
    .Popover-module_InnerWrapper__E--3v.below:before {
        bottom: calc(100% - 10px);
        background: var(--z-color-primary);
    }
    .Popover-module_InnerWrapper__E--3v.below.has-error:before {
        background: var(--z-color-warning);
    }
}

.Popover-module_Header__PxFw- {
    background: var(--z-color-primary);
    color: var(--z-color-white);
    font-weight: bold;
    text-align: left;
    display: flex;
    align-items: center;
    padding: 8px 8px 8px 40px;
    border-radius: 6px 6px 0 0;
    position: relative;
}
.Popover-module_Header__PxFw- svg {
    fill: var(--z-color-white);
}
.Popover-module_Header__PxFw- > svg {
    position: absolute;
    left: 7px;
    top: 50%;
    transform: translateY(-50%);
}
.Popover-module_Header__PxFw-.has-error {
    background: var(--z-color-warning);
}

.Popover-module_Close__K4Kxn {
    fill: var(--z-color-white);
    background: transparent;
    border: 0;
    height: 24px;
    margin-left: auto;
}
.Popover-module_Close__K4Kxn:hover {
    cursor: pointer;
}

.Popover-module_Body__31cqb {
    padding: 10px 15px;
    background: var(--z-color-white);
    z-index: 1;
}
.Popover-module_Body__31cqb p {
    margin: 0;
    padding: 0;
}

.Popover-module_MessageWrapper__t-Dxg {
    margin-bottom: 10px;
}

.Popover-module_SubscriptionMessageWrapper__wWi-Y {
    background-color: var(--z-color-primary-ultralight) !important;
    border: none !important;
    border-radius: 8px !important;
    padding: 7px 14px !important;
    margin-bottom: 12px;
}

.Popover-module_BodyInfo__0rDnU {
    align-items: center;
    display: flex;
    justify-content: space-between;
}

.Popover-module_Footer__D69uw {
    background: var(--z-color-white);
    border-radius: 0 0 6px 6px;
    padding: 0 15px 10px;
    z-index: 1;
}
.Popover-module_Footer__D69uw > a {
    width: 100%;
    max-width: 100%;
}
.Popover-module_Footer__D69uw > a svg {
    fill: var(--z-color-white);
    margin-right: 5px;
}
.Popover-module_Footer__D69uw > a:first-of-type {
    margin-bottom: 10px;
}

.Popover-module_TotalPrice__PBg9W {
    margin-left: auto;
    font-weight: bold;
}

.Popover-module_DoublePricingWrapper__N-uwl {
    display: flex;
    flex-wrap: wrap;
    align-self: flex-end;
    justify-content: flex-end;
    align-items: baseline;
}
.Popover-module_DoublePricingWrapper__N-uwl .Popover-module_Secondary__eQFzF {
    margin-left: 5px;
}

.Popover-module_AccessibleText__zs0zr {
    position: absolute;
    width: 1px;
    height: 1px;
    padding: 0;
    margin: -1px;
    overflow: hidden;
    clip: rect(0, 0, 0, 0);
    border: 0;
}

.Popover-module_Shadow__olgiw {
    width: 100%;
    height: 15px;
    overflow: hidden;
    position: relative;
    margin-bottom: 10px;
    margin-top: -10px;
}
.Popover-module_Shadow__olgiw:before {
    content: "";
    position: absolute;
    box-shadow: 0 0 15px rgba(0, 0, 0, 0.15);
    top: 100%;
    bottom: -100%;
    z-index: 5;
    left: 30px;
    right: 30px;
    border-radius: 100px/10px;
}

.Popover-module_CheckoutPreviewButton__pJM25 {
    text-decoration: none;
}
.Popover-module_CheckoutPreviewButton__pJM25 > button {
    width: 100%;
    max-width: 100%;
}

.Popover-module_SupplementaryButton__TY95I {
    border-color: var(--z-color-primary);
    color: --z-color-primary;
}
.Popover-module_SupplementaryButton__TY95I:hover {
    background: var(--z-color-primary);
    color: var(--z-color-white);
}</style><meta charset="utf-8"><title>Encore Cans in Broth Saver Pack 24 x 70g | Top deals at zooplus!</title><meta property="og:title" content="Encore Cans in Broth Saver Pack 24 x 70g | Top deals at zooplus!"><link rel="canonical" href="https://www.zooplus.com/shop/cats/canned_cat_food_pouches/encore/cans/1946560"><link rel="SHORTCUT ICON" href="https://www.zooplus.com/favicon.ico"><meta name="viewport" content="width=device-width, initial-scale=1.0, maximum-scale=2"><meta http-equiv="X-UA-Compatible" content="IE=edge"><meta http-equiv="Content-Type" content="text/html; charset=UTF-8"><meta http-equiv="Expires" content="0"><meta http-equiv="cache-control" content="no-cache"><meta http-equiv="pragma" content="no-cache"><meta name="Author" content="zooplus SE"><meta name="Publisher" content="zooplus SE"><meta name="Copyright" content="zooplus SE"><meta name="Description" property="og:description" content="Encore Cans in Broth Saver Pack 24 x 70g is a delicious supplementary wet food for cats, made with plenty of meat or fish in a tasty gluten-free recipe."><meta name="Robots" content="index, follow"><meta name="application-name" content="shop" data-pg-id="320606" data-pet-type-pg-id="21171"><meta property="og:image" content="https://media.zooplus.com/bilder/4/400/413498_encore_dose_bruhe_huhn_hs_01_3_4.jpg"><script async="" src="https://websdk.appsflyer.com?st=banners&amp;"></script><script type="application/ld+json">{"@context":"https://schema.org/","@type":"Product","name":"Encore Cans in Broth Saver Pack 24 x 70g","image":["https://media.zooplus.com/bilder/4/400/413498_encore_dose_bruhe_huhn_hs_01_3_4.jpg","https://media.zooplus.com/bilder/3/400/413498_pla_encore_dose_bruhe_huhn_hs_01_3.jpg","https://media.zooplus.com/bilder/2/400/413498_encore_dose_bruhe_huhn_hs_02_2.jpg","https://media.zooplus.com/bilder/4/400/413498_encore_dose_bruhe_huhn_hs_03_4.jpg","https://media.zooplus.com/bilder/9/400/413499_pla_encore_dose_bruhe_fisch_hs_01_9.jpg","https://media.zooplus.com/bilder/2/400/413499_encore_dose_bruhe_fisch_hs_02_2.jpg","https://media.zooplus.com/bilder/7/400/413499_encore_dose_bruhe_fisch_hs_03_7.jpg","https://media.zooplus.com/bilder/9/400/413500_pla_encore_dose_bruhe_feinste_hs_01_9.jpg","https://media.zooplus.com/bilder/5/400/413500_encore_dose_bruhe_feinste_hs_02_5.jpg","https://media.zooplus.com/bilder/9/400/413500_encore_dose_bruhe_feinste_hs_03_9.jpg","https://media.zooplus.com/bilder/1/400/413500_encore_dose_bruhe_feinste_hs_04_1.jpg"],"description":"Encore Cans in Broth Saver Pack 24 x 70g is a high-quality wet food for cats, made with&nbsp;<strong>natural ingredients</strong>&nbsp;and a high meat- or fish content. It is <strong>gluten-free</strong>&nbsp;and contains no preservatives, which can make this food appealing to nutritionally-conscious cat owners. The&nbsp;<strong>protein-rich&nbsp;</strong>food can help to support your cat's lean muscle mass, acting as the ideal supplement to dry food.<br>\nNot only is this&nbsp;Encore Cans in Broth Saver Pack 24 x 70g wet food particularly tasty, it is also a source of beneficial omega-3 fatty acids, which can help to promote healthy skin and a glossy coat. The high moisture content of this dish can help to support sufficient fluid intake. As this food is gluten-free, it is easy to digest and the perfect choice for cats with more sensitive stomachs.<br>\n<br>\n<strong>Encore Cans in Broth Saver Pack 24 x 70g at a glance:</strong>\n<ul>\n\t<li>High-quality wet food for cats</li>\n\t<li><strong>Recipe with 100% natural ingredient:&nbsp;</strong>no preservatives</li>\n\t<li><strong>High meat- or fish content:&nbsp;</strong>provides plenty of protein</li>\n\t<li><strong>Gluten-free:&nbsp;</strong>also suitable for cats with a sensitive stomach</li>\n\t<li><strong>Omega-3 fatty acids:&nbsp;</strong>can keep skin healthy and coat glossy</li>\n\t<li><strong>High moisture content:&nbsp;</strong>to support sufficient fluid intake in cats that struggle to drink enough water</li>\n\t<li><strong>Designed as a supplementary food:&nbsp;</strong>can be served with dry food</li>\n\t<li><strong>Saver Pack:&nbsp;</strong>for stocking up and saving</li>\n</ul>\n<strong>The Chicken Selection contains the following flavour varieties:</strong>\n\n<ul>\n\t<li>5 x 70g&nbsp;Chicken Breast</li>\n\t<li>4 x 70g&nbsp;Chicken Breast &amp; Cheese</li>\n\t<li>3 x 70g&nbsp;Chicken Breast with Ham</li>\n</ul>\n<strong>The Fish Selection contains the following flavour varieties:</strong>\n\n<ul>\n\t<li>5 x 70g&nbsp;Tuna with Shrimp</li>\n\t<li>4 x 70g&nbsp;Ocean Fish</li>\n\t<li>3 x 70g&nbsp;Sardine with Tuna Fillet</li>\n</ul>\n<strong>The Finest Selection contains the following flavour varieties:</strong>\n\n<ul>\n\t<li>2 x 70g&nbsp;Tuna with Shrimp</li>\n\t<li>2 x 70g&nbsp;Ocean Fish</li>\n\t<li>2 x 70g&nbsp;Sardine with Tuna Fillet</li>\n\t<li>2 x 70g&nbsp;Chicken Breast</li>\n\t<li>2 x 70g Chicken Breast &amp; Cheese</li>\n\t<li>2 x 70g&nbsp;Chicken Breast with Ham</li>\n</ul>\n","brand":{"@type":"Brand","name":"Encore"},"offers":[{"@type":"Offer","gtin13":"5060122496933","itemCondition":"http://schema.org/NewCondition","seller":{"@type":"Organization","name":"zooplus.com","logo":"https://media.zooplus.com/bilder/0/zooplus_0.png"},"sku":"1946560.0","price":28.49,"priceSpecification":{"@type":"UnitPriceSpecification","price":28.49,"priceCurrency":"EUR","referenceQuantity":{"@type":"QuantitativeValue","value":1.68,"unitCode":"kg"}},"hasMerchantReturnPolicy":{"@type":"MerchantReturnPolicy","applicableCountry":"GB","returnPolicyCategory":"https://schema.org/MerchantReturnFiniteReturnWindow","merchantReturnDays":"14","returnMethod":"https://schema.org/ReturnByMail","returnFees":"https://schema.org/FreeReturn"},"priceCurrency":"EUR","availability":"http://schema.org/InStock","shippingDetails":{"@type":"OfferShippingDetails","shippingDestination":{"@type":"DefinedRegion","addressCountry":"GB"}}},{"@type":"Offer","gtin13":"5060122496957","itemCondition":"http://schema.org/NewCondition","seller":{"@type":"Organization","name":"zooplus.com","logo":"https://media.zooplus.com/bilder/0/zooplus_0.png"},"sku":"1946560.2","price":28.49,"priceSpecification":{"@type":"UnitPriceSpecification","price":28.49,"priceCurrency":"EUR","referenceQuantity":{"@type":"QuantitativeValue","value":1.68,"unitCode":"kg"}},"hasMerchantReturnPolicy":{"@type":"MerchantReturnPolicy","applicableCountry":"GB","returnPolicyCategory":"https://schema.org/MerchantReturnFiniteReturnWindow","merchantReturnDays":"14","returnMethod":"https://schema.org/ReturnByMail","returnFees":"https://schema.org/FreeReturn"},"priceCurrency":"EUR","availability":"http://schema.org/InStock","shippingDetails":{"@type":"OfferShippingDetails","shippingDestination":{"@type":"DefinedRegion","addressCountry":"GB"}}},{"@type":"Offer","gtin13":"5060333436889","itemCondition":"http://schema.org/NewCondition","seller":{"@type":"Organization","name":"zooplus.com","logo":"https://media.zooplus.com/bilder/0/zooplus_0.png"},"sku":"1946560.1","price":28.49,"priceSpecification":{"@type":"UnitPriceSpecification","price":28.49,"priceCurrency":"EUR","referenceQuantity":{"@type":"QuantitativeValue","value":1.68,"unitCode":"kg"}},"hasMerchantReturnPolicy":{"@type":"MerchantReturnPolicy","applicableCountry":"GB","returnPolicyCategory":"https://schema.org/MerchantReturnFiniteReturnWindow","merchantReturnDays":"14","returnMethod":"https://schema.org/ReturnByMail","returnFees":"https://schema.org/FreeReturn"},"priceCurrency":"EUR","availability":"http://schema.org/InStock","shippingDetails":{"@type":"OfferShippingDetails","shippingDestination":{"@type":"DefinedRegion","addressCountry":"GB"}}}]}</script><script type="application/ld+json">{"@context":"https://schema.org","@type":"BreadcrumbList","itemListElement":[{"@type":"ListItem","position":1,"name":"zooplus","item":"https://www.zooplus.com/"},{"@type":"ListItem","position":2,"name":"Cat","item":"https://www.zooplus.com/shop/cats"},{"@type":"ListItem","position":3,"name":"Wet Cat Food","item":"https://www.zooplus.com/shop/cats/canned_cat_food_pouches"},{"@type":"ListItem","position":4,"name":"Encore","item":"https://www.zooplus.com/shop/cats/canned_cat_food_pouches/encore"}]}</script><link rel="preload" as="image" href="https://media.zooplus.com/bilder/4/50/413498_pla_encore_dose_bruhe_huhn_hs_01_4.jpg"><link rel="preload" as="image" href="https://media.zooplus.com/bilder/4/50/413498_encore_dose_bruhe_huhn_hs_01_3_4.jpg"><link rel="preload" as="image" href="https://media.zooplus.com/bilder/4/400/413498_pla_encore_dose_bruhe_huhn_hs_01_4.jpg"><link rel="preload" as="image" href="https://media.zooplus.com/bilder/4/400/413498_encore_dose_bruhe_huhn_hs_01_3_4.jpg"><style>
    @font-face {
        font-family: 'Nunito';
        font-style: normal;
        font-weight: 400;
        src: url('https://cdn.public.zooplus.net/media/ui-components/v6-latest/fonts/nunito-cyrillic_latin-regular.woff2') format('woff2');
    }

    @font-face {
        font-family: 'Nunito';
        font-style: italic;
        font-weight: 400;
        src: url('https://cdn.public.zooplus.net/media/ui-components/v6-latest/fonts/nunito-cyrillic_latin-italic.woff2') format('woff2');
    }

    @font-face {
        font-family: 'Nunito';
        font-style: normal;
        font-weight: 500;
        src: url('https://cdn.public.zooplus.net/media/ui-components/v6-latest/fonts/nunito-cyrillic_latin-500.woff2') format('woff2');
    }

    @font-face {
        font-family: 'Nunito';
        font-style: normal;
        font-weight: 700;
        src: url('https://cdn.public.zooplus.net/media/ui-components/v6-latest/fonts/nunito-cyrillic_latin-700.woff2') format('woff2');
    }
</style><meta name="next-head-count" content="25"><link rel="stylesheet" href="https://cdn.public.zooplus.net/media/ui-components/v6-latest/css/library-legacy-v5.min.css"><link rel="stylesheet" href="https://cdn.public.zooplus.net/media/ui-components/v6-latest/css/library-base.min.css"><link rel="stylesheet" href="https://cdn.public.zooplus.net/media/ui-components/v6-latest/css/library-components.min.css"><link rel="preload" href="/_next/static/css/cae36b3e305d46db.css" as="style"><link rel="stylesheet" href="/_next/static/css/cae36b3e305d46db.css" data-n-g=""><link rel="preload" href="/_next/static/css/6a08727738590245.css" as="style"><link rel="stylesheet" href="/_next/static/css/6a08727738590245.css" data-n-p=""><link rel="preload" href="/_next/static/css/f475361fc8d42693.css" as="style"><link rel="stylesheet" href="/_next/static/css/f475361fc8d42693.css" data-n-p=""><link rel="preload" href="/_next/static/css/a25d0341790b2480.css" as="style"><link rel="stylesheet" href="/_next/static/css/a25d0341790b2480.css" data-n-p=""><link rel="preload" href="/_next/static/css/7118da99f502e35c.css" as="style"><link rel="stylesheet" href="/_next/static/css/7118da99f502e35c.css" data-n-p=""><link rel="preload" href="/_next/static/css/22cdb644eabb3755.css" as="style"><link rel="stylesheet" href="/_next/static/css/22cdb644eabb3755.css" data-n-p=""><noscript data-n-css=""></noscript><script defer="" nomodule="" src="/_next/static/chunks/polyfills-c67a75d1b6f99dc8.js"></script><script src="https://code.jquery.com/jquery-3.6.0.min.js" defer="" data-nscript="beforeInteractive"></script><script src="https://cdn.public.zooplus.net/media/vendor-assets-manager/js/shop/events-bus.js" defer="" data-nscript="beforeInteractive"></script><script src="/_next/static/chunks/webpack-a105b188323132e8.js" defer=""></script><script src="/_next/static/chunks/framework-f4eb77e530f70951.js" defer=""></script><script src="/_next/static/chunks/main-3ee98485de0a8642.js" defer=""></script><script src="/_next/static/chunks/pages/_app-a06b8ff192f7a7ce.js" defer=""></script><script src="/_next/static/chunks/f69bbb46-79b47bdc103d797a.js" defer=""></script><script src="/_next/static/chunks/972-9e1815e3ef571db7.js" defer=""></script><script src="/_next/static/chunks/515-29e3f99dfc0fb3c2.js" defer=""></script><script src="/_next/static/chunks/302-bf42d621d69e1326.js" defer=""></script><script src="/_next/static/chunks/430-540d5775fd0429da.js" defer=""></script><script src="/_next/static/chunks/281-30e9ca976dc04c23.js" defer=""></script><script src="/_next/static/chunks/295-e11fe07bd9f9ab83.js" defer=""></script><script src="/_next/static/chunks/776-975bf9769c4e8cce.js" defer=""></script><script src="/_next/static/chunks/858-58d44d794d35a774.js" defer=""></script><script src="/_next/static/chunks/917-b5f3cef54545d9c1.js" defer=""></script><script src="/_next/static/chunks/561-ba92ef33a8940ea0.js" defer=""></script><script src="/_next/static/chunks/682-69bb7b7115bfa98b.js" defer=""></script><script src="/_next/static/chunks/pages/index-095196422b963982.js" defer=""></script><script src="/_next/static/gRV7b6C-OmxfwfAY_p4KS/_buildManifest.js" defer=""></script><script src="/_next/static/gRV7b6C-OmxfwfAY_p4KS/_ssgManifest.js" defer=""></script><style type="text/css">@font-face {
    font-family: 'OpenSans';
    font-style: normal;
    font-weight: 300 400;
    src: url(data:font/ttf;base64,AAEAAAARAQAABAAQR0RFRgt8DNQAAXd0AAAALkdQT1MAGQAMAAF3pAAAABBHU1VC47MpuAABd7QAAALuT1MvMqE2nskAAUdAAAAAYGNtYXCuu/X7AAFHoAAAA4hjdnQgD00YpAABU+gAAACiZnBnbX5hthEAAUsoAAAHtGdhc3AAFQAjAAF3ZAAAABBnbHlmdDiZSwAAARwAAS+0aGVhZAK6Y3AAAThIAAAANmhoZWENzAlzAAFHHAAAACRobXR46DU83QABOIAAAA6abG9jYSkU3PEAATDwAAAHVm1heHAFQwIKAAEw0AAAACBuYW1lW5KAHwABVIwAAAPScG9zdH+4CW8AAVhgAAAfA3ByZXBDt5akAAFS3AAAAQkAAgDBAAAECgW2AAMABwAVtwQDBQIEAwcAAC8yLzMBLzMvMzEwEyERITchESHBA0n8t2gCef2HBbb6SmgE5gACAJj/4wGJBbYAAwAOACtAFAMJCQIEBA8QAQEMAgwGT1kMFgIDAD8/KxESADkYLxESATkRMzMRMzEwASMDMwM0MzIWFRQGIyImAUZpM8/heDo/QDk0RAGTBCP6tIhGQkBHPwAAAgCFA6YCsAW2AAMABwAfQA0AAwcEAwQICQYCBwMDAD8zzTIREgE5OREzETMxMAEDIwMhAyMDAT8oaSkCKyloKQW2/fACEP3wAhAAAAIAMwAABPYFtgAbAB8AmUBVCB8cFQQUCREMDAkSDw4LBAoTExQWHR4HBAYXBAEAGQQYBQUGFAYKIQMaFwMYChggIQgEDA0MTlkcAQ0fABAREE5ZGRURTw0BTxEBDRENEQUXEwMKBQAvMz8zEjk5Ly9dXREzMysRADMzETMzKxEAMzMREgE5OREXMxESOTkRMxESFzkREhc5ETMREhc5MjIRMxESFzkxMAEDIRUhAyMTIQMjEyE1IRMhNSETMwMhEzMDIRUBIRMhA9VCARv+zVSJVP7RUohQ/voBH0T+6wErUotSATFUhlQBCPzlAS9C/tEDg/6sgf5SAa7+UgGugQFUfwG0/kwBtP5Mf/6sAVQAAwCD/4kEDAYSACAAJgAtAGZANScRJR0XBAQqFA0FIQAAGQURCQUuLyUNBg1NWQMGJA4qDkxZHSorHBQcTVkXKhQGFAYUBRYFAC8vEjk5Ly8SOTIrEQAzETMrEQAzETMrEQAzERIBFzkRMxEzMzMzETMzMxEzMTABFAYHFSM1IiYnNRYWMxEmJjU0Njc1MxUWFwcmJxEeAgc0JicRNgEUFhcRBgYEDMy3gXDSQ1PZWc2ly6eBuKs0lZqdnEqqWYDZ/d1ab2NmAcGIsRfo3yMfnCUvAbhBrIiDqBK2tAVFgzsL/k4yX3tlSFks/nseAwdMXCkBgxBdAAAFAGj/7AYtBcsACQAVACEALQAxAEVAJAAQBQoWKBwiIi4oCjAQBjIzAw0fKw0rDSswMQYwGBklGQcTBwA/Mz8zPz8SOTkvLxEzETMREgEXOREzETMRMxEzMTATFBYzMhEQIyIGBRQGIyImNTQ2MzIWARQWMzI2NTQmIyIGBRQGIyImNTQ2MzIWAQEjAfJKU6SkU0oBypmUjJuVkpGcAaZKVFRQUFRUSgHLmZSOmZWSjp/+/vzVkwMrBAKqqgFUAVKoquTp7t/j5u7826upp62rpaWr4+nu3uPm6wMg+koFtgAAAwBx/+wF0wXNAAsAFQA1AFFAMBMWAB0GIyorListIw4mGR0WCTY3MwxJWTMTDyctDjAFLwMZJgMqKiAvEiAJSlkgBAA/KwAYPxI5Lxc5Ehc5PysREgEXOREzETMRMxEzMTABFBYXNjY1NCYjIgYTMjcBDgIVFBYlNDY3LgI1NDYzMhYVFAYHATY2NzMCBwEjJwYGIyImAZ5IV4FlZ1ZZb5vxn/5Lb1wsm/65i7RVPSTEr6K6iJ0BlzhDF6hEiQEr5bl29JbX7QSTRX1YS39TTWFg+52aAahEWWZBdYn6gshmX2JqOZaop5VrtV3+eT6nY/7ilP7dsmpc1AAAAQCFA6YBPwW2AAMAFLcAAwMEBQIDAwA/zRESATkRMzEwAQMjAwE/KGkpBbb98AIQAAABAFL+vAIhBbYADQAcQAwHAAoEAAQODwsnAwMAPz8REgE5OREzETMxMBMQEjczBgIVFBIXIyYCUpuSopCRlIugk5oCMQEJAc6uwf4y9PD+Nr2qAcYAAAEAPf68AgwFtgANABxADAQKBwAKAA4PCgMEJwA/PxESATk5ETMRMzEwARACByM2EjU0AiczFhICDJuSoIuUkZCik5oCMf75/jqovAHL8PQBzsGv/jEAAQBWAn8EDgYUAA4AMEAbAwUEAQcNCgkLCQ8QBAoBDQIMDA0KBwQGCA4AAD/EMhc5ETMRMxEzERIBFzkxMAEDJRcFEwcDAycTJTcFAwKRKwGOGv6D+KywoLDy/ocdAYcrBhT+dW+2H/66XgFq/pZeAUYftm8BiwAAAQBoAOMEKQTDAAsAKEATAAQECQUFDA0DBwgHUFkADwgBCAAvXTMrEQAzERIBOREzMxEzMTABIRUhESMRITUhETMCjQGc/mSL/mYBmosDF4r+VgGqigGsAAEAP/74AW0A7gAIABG1BQAJCgUAAC/NERIBOTkxMCUXBgIHIzYSNwFeDxpiNX0bQQ3uF2T+93JoATJcAAEAVAHZAj8CcQADABG1AgAFBAABAC8zERIBOTkxMBM1IRVUAesB2ZiYAAEAmP/jAYkA8gALABhACwYAAAwNCQNPWQkWAD8rERIBOREzMTA3NDYzMhYVFAYjIiaYPTk6QUI5M0NqQ0VFQ0FGPwAAAQAUAAAC2wW2AAMAE7cCAAQFAwMCEgA/PxESATk5MTABASMBAtv936YCIQW2+koFtgACAGb/7AQtBc0ACwAXAChAFBIADAYABhkYCRVLWQkHAw9LWQMZAD8rABg/KxESATk5ETMRMzEwARACIyICERASMzISARASMzISERACIyICBC3v9uz27vTu9/zhlqSmlZWmpJYC3f6F/ooBfwFyAX4Bcv5+/pL+wf7dAScBOwE7ASX+3wABALwAAALLBbYACgAkQBAJAAEIAQsMBAkHBwEJBgEYAD8/EjkvEjkREgE5OREzMzEwISMRNDcGBgcnATMCy6IIFTTUWAGDjAQSgnQVLqxyASsAAQBkAAAEJQXLABkAK0AXGAEHEwATDgEEGhsQCktZEAcBGExZARgAPysAGD8rERIBFzkRMxEzMTAhITUBPgI1NCYjIgYHJzYzMhYVFAIHARUhBCX8PwGBsHA4jn5bo2RYyu7O6pzW/sAC8I8Bg7KYkFN1iTxPcajTsov+8ND+xwgAAAEAXv/sBBsFywAnAENAJBsAEwcHAAMWIg0GKCkDFxYXFktZFxcKJSUeS1klBwoRS1kKGQA/KwAYPysREgA5GC8rERIAORESARc5ETMRMzEwARQGBxUWFhUUBCEiJic1FhYzIBEQISM1MzI2NTQmIyIGByc2NjMyFgPunZCwqv7e/vV0wVtf12ABe/5ekJKryJN+YKptVFrrgtXsBF6Msh4IFrSS0eEjLJ4vMQEpAQqPl4ZrejRGcEdRwwAAAgArAAAEagW+AAoAEgA8QB4SBQkCAgsHAwADBQMTFAEFEgVMWQkPBxISAwcGAxgAPz8SOS8SOTMrEQAzERIBFzkRMzMzETMRMzEwASMRIxEhNQEzETMhETQ3IwYHAQRq2Z/9OQK2sNn+iAoIMCr+NwFQ/rABUJED3fwpAeaPtGA//XYAAQCF/+wEHQW2ABoAOkAfDwMZFAgUFwMEHBsAEUtZAAAGFRUYTFkVBgYMS1kGGQA/KwAYPysREgA5GC8rERIBFzkRMxEzMTABMgQVFAAjIic1FhYzMjY1ECEiBycTIRUhAzYCLecBCf7f/veCRtBlsMP+iV+fVjcC1/23JXMDfeXH4/7+T6AtM6adATIdNwKsmf5JFwAAAgB1/+wELwXLABYAJABEQCMaEQshIQAABhEDJiUMCw4dTVkLDg4UAxQXS1kUGQMITVkDBwA/KwAYPysREgA5GC85KxEAMxESARc5ETMRMxEzMTATEAAhMhcVJiMiAgMzNjMyFhUUAiMiAAUyNjU0JiMiBgYVFBYWdQFPAUhxQU1j6/gMDG7uxeP51OP+9gHrjp2SkVqWWVCTAnEBrwGrE48Z/tv+xqzuzOT++wFVyLOpkaZKgkZnsmgAAQBeAAAEKwW2AAYAH0AQAQUFAAIDBwgDAkxZAwYAGAA/PysREgEXOREzMTAhASE1IRUBAR0CXvzjA839qgUdmYX6zwADAGj/7AQpBcsAFgAiAC4ATUApFw8mFCwDHQkJAwYRFA8GLzAGESkgKSBLWSkpDAAMGk1ZDBkAI01ZAAcAPysAGD8rERIAORgvKxESADk5ERIBFzkRMxEzETMRMzEwATIWFRQGBxYWFRQGIyImNTQlJiY1NDYDFBYzMjY1NCYnBgYBIgYVFBYXNjY1NCYCSMjqhpOylv7d6vwBMop463enl5WmnMKVhgE6fY52n493kQXLuqRssklVu3u22c28+4xOtXCfvfumeIaMemGXR0CbA2d4ZFyEQjyKXGV3AAACAGr/7AQlBcsAFwAlAEFAIhsRIgoKAAAEEQMmJw4eTVkLFA4OAhQUGEtZFAcCB01ZAhkAPysAGD8rERIAORgvEjkrERIBFzkRMxEzETMxMAEQISInNRYzMhITIwYGIyImNTQSMzIWEgEiBhUUFjMyNjY1NCYmBCX9aHREUGbw9QsMN7ZywuT/0JXfeP4Uj5yQk1uZWFKTA0b8phSPGgEpATNTV+jQ5AEImf7bATC4pJClSoBGabJmAAACAJj/4wGJBGQACwAVAChAFBAGBgwAABYXDhNPWQ4QCQNPWQkWAD8rABg/KxESATkRMzMRMzEwNzQ2MzIWFRQGIyImETQzMhUUBiMiJpg9OTpBQjkzQ3Z7QjkzQ2pDRUVDQUY/A7uHh0FGPwACAD/++AGFBGQACAASACJAEAENDQUJCRQTCxBPWQsQBQAAL80/KxESATkRMzMRMzEwJRcGAgcjNhI3AzQzMhUUBiMiJgFeDxpiNX0bQQ0Vd3tCOTo97hdk/vdyaAEyXALvh4dBRkYAAAEAaADyBCkE2QAGABVACQQABQEEBwgDAAAvLxESARc5MTAlATUBFQEBBCn8PwPB/PIDDvIBpmIB35X+jf64AAACAHcBwQQZA+MAAwAHACpAFQcCBAACAAkIBAVQWQQBAFBZDwEBAQAvXSsAGC8rERIBOTkRMxEzMTATNSEVATUhFXcDovxeA6IDWomJ/meJiQAAAQBoAPIEKQTZAAYAFUAJBQECAAQHCAYDAC8vERIBFzkxMBMBATUBFQFoAw/88QPB/D8BiQFGAXWV/iFi/loAAAIAG//jAzkFywAbACYAOUAdIRwbAAcTEwAcDgQnKAAAJBAkHk9ZJBYQCklZEAQAPysAGD8rERIAORgvERIBFzkRMxEzETMxMAE1NDY3NjY1NCYjIgYHJzYzMhYVFAYGBwYGFRUDNDMyFhUUBiMiJgEhSGKIR4N7T5ZhO73Ov9QnTH5lQbJ4Oj9AOTREAZM2dZdUc3RSZm8lMYdjvKtJb2NuVnJfIf7XiEZCQEc/AAIAef9GBrgFtAA1AD8ARUAiIy42DjsHFBsAACkUDi4FQEEYODgEPQgRCxELESsfMgMmKwAvMz8zEjk5Ly8SOTIzMxEzERIBFzkRMxEzMxEzETMxMAEUBgYjIiYnIwYGIyImNTQ2MzIWFwMVFDMyNjU0AiQjIgQCFRAAITI3FQYjIAAREBIkITIEEgEUMzITEyYjIgYGuFigaFZ2CwgolWaWqezARKxFGYVbcpT+77Hf/rauAUIBL9LiwPT+lf5v1gGMAQDXAU+3+/bDzxIOSFWCkwLZjuyCaFFXYs2wzP8ZFv4qFrLXrLUBEJO5/qnh/s/+uFaFVAGPAWYBBAGW37X+s/6k/gE5AQUUtAACAAAAAAUQBbwABwAOADlAHgIOCwgBBQADAAcDBAcEEA8OAklZCwUODgQFAwAEEgA/Mz8SOS8SOSsREgE5OREzETMREhc5MTAhAyEDIwEzAQEDJicGBwMEYLb9trSsAkKPAj/+ZaohIxYprAHR/i8FvPpEAmoBxVZ9YHP+OwADAMkAAAS+BbYADgAXACAASUAmEwQdCg8ZGQ4KBAcOBCEiCA8YDxhKWQ8PDgAOGUpZDhIAF0pZAAMAPysAGD8rERIAORgvKxESADkREgEXOREzETMRMxEzMTATISAEFRQGBxUEERQEIyETITI2NTQmIyMRESEyNjU0JiPJAZ0BIwEEkYsBTf737v4CqgEYtJ6wwPoBMbGzt7sFtq68gqkZCjn+28TcA0Rxhntt/ZH93YmSiIAAAAEAff/sBM8FywAWACZAFAMOFAkOAxcYEgBJWRIECwZJWQsTAD8rABg/KxESARc5ETMxMAEiABEQADMyNxUGIyAAETQSJDMyFwcmAzvx/ukBDfmZxJjf/r3+oakBP9jmrEimBTP+v/7p/uH+xzeVOQGIAWniAVS4VJJOAAACAMkAAAVYBbYACAARAChAFA4ECQAEABITBQ1KWQUDBA5KWQQSAD8rABg/KxESATk5ETMRMzEwARAAISERISAAAxAAISMRMyAABVj+d/6P/msBwAFVAXq0/uH+5ffPATABMgLp/pb+gQW2/ob+pwEeASL7cAErAAABAMkAAAP4BbYACwA6QB8GCgoBBAAIAQQMDQYJSVkGBgECAgVJWQIDAQpJWQESAD8rABg/KxESADkYLysREgEXOREzETMxMCEhESEVIREhFSERIQP4/NEDL/17Al79ogKFBbaX/imW/eYAAQDJAAAD+AW2AAkAMkAaBgAAAQMIAQMKCwYJSVkGBgECAgVJWQIDARIAPz8rERIAORgvKxESARc5ETMRMzEwISMRIRUhESEVIQFzqgMv/XsCXv2iBbaX/emXAAABAH3/7AU9BcsAGwA6QB8UCBkCAg4bCAQcHQAbSVkAAAUMDBFJWQwEBRdJWQUTAD8rABg/KxESADkYLysREgEXOREzETMxMAEhEQYGIyAAETQSJDMyFwcmIyAAERAAITI3ESEDTAHxdPCe/rT+jrcBWOfqykLGt/71/tQBIQEYmJH+uQL+/TklJgGLAWTkAVe1VpZU/sL+5v7Y/s4jAcIAAQDJAAAFHwW2AAsAM0AZCQEBAAgEBAUABQ0MCANJWQgIBQoGAwEFEgA/Mz8zEjkvKxESATk5ETMRMxEzETMxMCEjESERIxEzESERMwUfqvz+qqoDAqoCsP1QBbb9kgJuAAABAFQAAAJWBbYACwA3QBwFAQoDCAAAAwEDDA0JBAYESlkGAwoDAQNKWQESAD8rEQAzGD8rEQAzERIBFzkRMxEzETMxMCEhNTcRJzUhFQcRFwJW/f6srAICrKxiIwSqJWJiJftWIwAB/2D+fwFoBbYADQAdQA0LCAgODwkDAAVJWQAiAD8rABg/ERIBOREzMTADIic1FjMyNjURMxEUBgxeNkdNY2eqwP5/G5EUeHEFtvpYvtEAAAEAyQAABOkFtgALACpAFQgEBAUFAgsKAAUNDAIIBQkGAwEFEgA/Mz8zEjk5ERIBFzkRMxEzMTAhIwEHESMRMxEBMwEE6cj965mqqgKXyf20AsWI/cMFtv0rAtX9hQABAMkAAAP4BbYABQAfQA4DAAAEBgcBAwADSVkAEgA/KwAYPxESATk5ETMxMDMRMxEhFcmqAoUFtvrkmgABAMkAAAZxBbYAEwAyQBgIBQUGCw4ODQYNFBUBChEDBgsHAw4ABhIAPzMzPzMSFzkREgE5OREzETMRMxEzMTAhASMWFREjESEBMwEzESMRNDcjAQNQ/hAIDp0BAAHPCAHT/qoOCP4MBRCa1PxeBbb7SgS2+koDrqK++vIAAQDJAAAFPwW2ABAALkAVCQYGBwEPDwAHABESCwMHDwgDAQcSAD8zPzMSOTkREgE5OREzETMRMxEzMTAhIwEjFhURIxEzATMmAjcRMwU/wvzhCBCdwAMdCAIOAp8Ey9i0/MEFtvs6GwElPwNHAAACAH3/7AW+Bc0ACwAXAChAFBIADAYABhkYCRVJWQkEAw9JWQMTAD8rABg/KxESATk5ETMRMzEwARAAISAAERAAISAAARASMzISERACIyICBb7+nf7E/r3+oQFgAUQBOwFi+3P98fP49/Lz/QLd/qH+bgGLAWgBZQGJ/nD+oP7X/s0BMgEqAScBMf7NAAIAyQAABGgFtgAJABIANEAaCgUFBg4ABgATFAoESlkKCgYHBxJKWQcDBhIAPz8rERIAORgvKxESATk5ETMRMxEzMTABFAQhIxEjESEgATMyNjU0JiMjBGj+0f7mrKoBewIk/QuZ4sq+yb4EDN7v/cEFtv0bkqGRjgAAAgB9/qQFvgXNAA8AGwA0QBsQChYAAAQDCgQcHQMNBw0ZSVkNBAcTSVkFBxMAP8YrABg/KxESADkREgEXOREzETMxMAEQAgcBIwEHIAAREAAhIAABEBIzMhIREAIjIgIFvuLOAVz3/uM3/r3+oQFgAUQBOwFi+3P98fP49/Lz/QLd/uf+jEL+lgFKAgGLAWgBZQGJ/nD+oP7X/s0BMgEqAScBMf7NAAIAyQAABM8FtgAMABUASEAlDQEBAgwJEQcLCgoHCQIEFhcJDQANAEpZDQ0CAwMVSVkDAwsCEgA/Mz8rERIAORgvKxESADkREgEXOREzETMRMxEzETMxMAERIxEhIAQVEAUBIwElMzI2NTQmIyMBc6oBkQENAQH+2gGNyf6e/s/ptKirvd0CYP2gBbbOz/7eZv1vAmCSj4+RgAABAGr/7AQCBcsAJAA0QBseEwwAABgTBQQlJgweAxYWG0lZFgQDCUlZAxMAPysAGD8rERIAOTkREgEXOREzETMxMAEUBCMgJzUWFjMyNjU0JiYnJiY1NDYzMhcHJiMiBhUUFhYXFhYEAv7o8P78jFrUaKqsPY+SzK/+0dq3NbWrh5g4hYnmrQGFwdhDpCYsgXNMYVI0ScihqchQlEx0Z0xhUTFSvAAAAQASAAAEWgW2AAcAJEASAAEFAQMDCAkHAwQDSVkEAwESAD8/KxEAMxESARc5ETMxMCEjESE1IRUhAouq/jEESP4xBR+XlwAAAQC6/+wFGQW2ABEAJUAREAEKBwEHExIRCAMEDUlZBBMAPysAGD8zERIBOTkRMxEzMTABERQAISAANREzERQWMzI2NREFGf7S/vj++P7fqsjCucgFtvxO+v7iASD8A678RrfExbgDuAABAAAAAATDBbYACgAaQAsBBAwLCAMABAMDEgA/PzMSORESATk5MTABMwEjATMBFhc2NwQMt/3xqP30tAFQOiIkOgW2+koFtvxOo5qioQABABsAAAdMBbYAGQAkQBAZChsaFQ4OBQkYEQoDAQkSAD8zPzMzEjk5ETMREgE5OTEwISMBJiYnBgcBIwEzExYXNjcBMwEWFzY3EzMFxaj+2RU0ARYw/uKo/nu05zAWGzUBBrQBEzAhEzXmtAPTQcYUhJ38MwW2/Hm+mrevA3n8f5vDjswDhQAAAQAIAAAElgW2AAsAI0ASBAYFCwoABg0MAggECQYDAQQSAD8zPzMSOTkREgEXOTEwISMBASMBATMBATMBBJbB/nf+cLQB5v47vAFrAW61/jsCg/19AvwCuv29AkP9TAAAAQAAAAAEewW2AAgAIEAPBAUCBQcDCQoABQEHAwUSAD8/MxI5ERIBFzkRMzEwAQEzAREjEQEzAj0Bhrj+GKz+GboC2wLb/IH9yQIvA4cAAQBSAAAEPwW2AAkAK0AXCAEDBwAHBAEECgsFBElZBQMBCElZARIAPysAGD8rERIBFzkRMxEzMTAhITUBITUhFQEhBD/8EwMI/RADv/z4Ax6FBJiZhftpAAEApv68Am8FtgAHACBADgYBBAABAAgJBQIDBgEnAD8zPzMREgE5OREzETMxMAEhESEVIREhAm/+NwHJ/t8BIf68BvqN+iEAAAEAFwAAAt0FtgADABO3AwEEBQMDAhIAPz8REgE5OTEwEwEjAboCI6b94AW2+koFtgAAAQAz/rwB/AW2AAcAIEAOAwABBgAGCAkABycDBAMAPzM/MxESATk5ETMRMzEwFyERITUhESEzASH+3wHJ/je2Bd+N+QYAAAEAMQInBCMFwQAGABhACQADBwgFAgAEAgAvLzMSORESATk5MTATATMBIwEBMQGyYwHdmP6M/rICJwOa/GYC6f0XAAH//P7FA5r/SAADABG1AAUBBAECAC8zEQEzETMxMAEhNSEDmvxiA57+xYMAAQGJBNkDEgYhAAkAE7YABAsKBoABAC8azRESATk5MTABIyYmJzUzFhYXAxJuQbIoyyByLATZNMA/FUW1NQACAF7/7APNBFoAGQAkAEdAJSIICx4eGRkSCAMlJgECCx5HWQILCwAVFQ9GWRUQBRpGWQUWABUAPz8rABg/KxESADkYLzkrEQAzERIBFzkRMxEzETMxMCEnIwYGIyImNRAlNzU0JiMiByc2NjMyFhURJTI2NTUHBgYVFBYDUiEIUqN6o7kCE7pveomtM1HBYcS9/g6bsabGr22cZ0momwFMEAZEgXtUfywyrsD9FHWqmWMHB21zWl4AAgCw/+wEdQYUABMAHwBEQCIKFxcPDwwdAwwDICENAAwVEhEKEQYABhpGWQYWABRGWQAQAD8rABg/KxESADk5ETMYPz8REgE5OREzETMRMxEzMTABMhIREAIjIiYnIwcjETMRFAczNhciBhUUFjMyNjU0JgKu2O/x1muxPAwjd6YICHTMqpaaqpmWlgRa/tn+8v7y/tVPUo0GFP6Gf2Wki8Pn58ff0dbSAAABAHP/7AOLBFwAFgAmQBQPAwMVCQMYFwYNRlkGEAASRlkAFgA/KwAYPysREgEXOREzMTAFIgAREAAzMhYXByYmIyARFBYzMjcVBgJm7v77AQn1T54tMzeCMv6yo6CJkG4UASUBDAETASwiF40WHf5Wytg7kzkAAgBz/+wENwYUABIAHwBCQCEdBhcADg4RBhEgIRIVDwAAAQEMAwkJGkZZCRADE0ZZAxYAPysAGD8rERIAOTkRMxg/PxESATk5ETMRMzMRMzEwJSMGIyICERASMzIXMycnETMRIyUyNjU1NCYjIgYVFBYDmglz5dfv8Nbfdw0HBKaH/p6qmZuqkpuak6cBJgEPAQ8BLKJPTQG++ex3uc4j6cfjz9LWAAIAc//sBBIEXAATABoAO0AfGAoXCwMDEQoDHBsXC0ZZFxcABgYURlkGEAAORlkAFgA/KwAYPysREgA5GC8rERIBFzkRMzMRMzEwBSIAERAAMzISFRUhFhYzMjcVBgYDIgYHITQmAn/z/ucBBdzO8P0NBbmosa1YnZyEnQ4CPYwUASgBBwEJATj+8d5pwchKlCYhA+WsmJ2nAAABAB0AAAMOBh8AFAA5QB0UDAwTAgIHAwUDFRYKD0ZZCgABBQcFRlkTBw8DFQA/PzMrEQAzGD8rERIBOTkRMzMRMzMSOTEwASERIxEjNTc1ECEyFwcmIyIGFRUhAp7+6abExAFhV3UrYEReWgEXA8f8OQPHSzw9AZQjhR99ikcAAAMAJ/4UBDEEXAAqADcAQQBuQD4rGTglDB89BTETARMFAioiHB8lGQpCQxwPNQ81RlkIO0dZCiIIKg8IDwgWKioCR1kqDyg/R1koEBYuR1kWGwA/KwAYPysAGD8rERIAOTkYLy8REjk5KysREgA5ERIBFzkRMxEzETMRMxEzMTABFQcWFhUUBiMiJwYVFBYzMzIWFRQEISImNTQ2NyYmNTQ2NyYmNTQ2MzIXARQWMzI2NTQmIyMiBhMUFjMyNTQjIgYEMcscLNzAMStqSlrCsr/+3P7o1+mAdCo5QEVVa9jGVkX+EZaM0clumMdxflqCdPP2dX4ESGkYI3FHocAIOFUtK5aPtr+gkmSSGhNQNTxaKiOobLTDFPsAWVx9a1lFbAM8c3bs934AAQCwAAAERAYUABYAM0AZDgwICAkAFgkWFxgOCRISBEZZEhAKAAAJFQA/Mz8/KxESADkREgE5OREzETMRMzMxMCERNCYjIgYVESMRMxEUBzM2NjMyFhURA556gq2fpqYICjG1dMnJAsWGhLzW/cMGFP4pVThPW7/Q/TUAAAIAogAAAWYF3wADAA8AI0ARCgAABAEBEBENB0hZDQIPARUAPz/OKxESATkRMzMRMzEwISMRMwM0NjMyFhUUBiMiJgFWpqa0OCooOjooKjgESAEpOTU2ODg3NwAAAv+R/hQBZgXfAAwAGAAsQBYTCwsNCAgZGhYQSFkWQAkPAAVGWQAbAD8rABg/Gs4rERIBOREzMxEzMTATIic1FjMyNjURMxEQAzQ2MzIWFRQGIyImK187RUNOSaa0OCooOjooKjj+FBmHFFVXBPz7EP68B105NTY4ODc3AAEAsAAABB0GFAAQADZAGxAOCgoLCwgGBAUIBBESDAAAEBAICAMHCxUDDwA/PzMSOS85ETM/ERIBFzkROREzETMzMTABNjcBMwEBIwEHESMRMxEUBwFUK1gBYsX+RAHbyf59faSkCAIxPWMBd/4t/YsCBmz+ZgYU/Mc3cwABALAAAAFWBhQAAwAWQAkAAQEEBQIAARUAPz8REgE5ETMxMCEjETMBVqamBhQAAQCwAAAGywRcACMARkAjFREREggJACMJEiMDJCUcFhUVEhkEDRkNRlkfGRATDwkAEhUAPzMzPz8zKxEAMxESORgvMzMREgEXOREzETMRMxEzMTAhETQmIyIGFREjETQmIyIGFREjETMXMzY2MyAXMzY2MzIWFREGJXB2m5SmcHeckaaHGwgvq2oBAU8IMbp3urkCyYODsrn9nALJg4O71f3BBEiWUFq6VmS/0v01AAABALAAAAREBFwAFAAxQBgAFAwICAkUCRYVDAkQEARGWRAQCg8ACRUAPzM/PysREgA5ERIBOTkRMxEzETMxMCERNCYjIgYVESMRMxczNjYzMhYVEQOeeoKsoKaHGwgzuHHGyALFhoS61v3BBEiWUVm/0v01AAIAc//sBGIEXAAMABgAKEAUEwANBwAHGhkKFkZZChADEEZZAxYAPysAGD8rERIBOTkRMxEzMTABEAAjIiYCNRAAMzIAARQWMzI2NTQmIyIGBGL+8u6T5HwBDO7mAQ/8vaijo6mppaOmAiX+9P7TigECrQEMASv+zv770tzb09HZ1gACALD+FAR1BFwAFAAhAD9AIBkLBAcHCB8SCBIiIwQLAA8PFUZZDxAJDwgbABxGWQAWAD8rABg/Pz8rERIAOTkREgE5OREzETMRMzMzMTAFIiYnIxYVESMRMxczNjYzMhIREAIDIgYHFRQWMzI2NTQmAq5rsTwMDKaHFwhAqm7a7fHuqJYCmqqOoaEUT1JgVv49BjSWWlD+1v7z/vL+1QPjussl58fmys3bAAIAc/4UBDcEXAAMAB8AREAiChAdFgMaGhkQGSAhGhsXDx0eHhYNExMHRlkTEA0ARlkNFgA/KwAYPysREgA5OREzGD8/ERIBOTkRMxEzMzMRMzEwJTI2NzU0JiMiBhUUFhciAhEQEjMyFzM3MxEjETQ3IwYCTqaYBZypkpuZfdTu8NbheQkYg6YLDXN3stMl5srjz8/ZiwEqAQsBDQEuqpb5zAHVZEanAAEAsAAAAycEXAAQACpAFA0JCQoKAhESCw8NAAoVAAVGWQAQAD8rABg/Ejk/ERIBOTkRMxEzMTABMhcHJiMiBhURIxEzFzM2NgKkSToXRDSFvaaJEwg9rARcDJoP2KH9tARIy2t0AAEAav/sA3MEXAAkADZAHB4TDAAAGAUTBCUmDB4DFhYbRlkWEAYDCUZZAxYAPysAGC8/KxESADk5ERIBFzkRMxEzMTABFAYjIic1FhYzMjY1NCYnLgI1NDYzMhcHJiMiBhUUFhYXFhYDc+TO2npPtVSCjG+hmYE/2r6xqTulhnZ4LWSOw4kBK5mmRZooLlNVQFs+OVVsS4abSIdESkEsPjg1R5AAAQAf/+wCqAVGABYANEAbEBQUCQsJEgMEGBcKExATR1kOQBAPBwBGWQcWAD8rABg/Gs0rEQAzERIBFzkRMxEzMTAlMjY3FQYGIyARESM1NzczFSEVIREUFgISLFIYG2kq/sKdnUZgAT7+wl51DQd/DREBTwKMUEXq/oH9e2NqAAABAKT/7AQ5BEgAFAA0QBkBEwcMDAoTChUWDA0NEAgUDxAERlkQFgsVAD8/KwAYPzMSOREzERIBOTkRMxEzETMxMAERFBYzMjY1ETMRIycjBgYjIiY1EQFMeoKsn6aJGAkztXTIxwRI/TmGhLzVAkD7uJNRVr7RAs0AAAEAAAAABAIESAALABhACgEKDA0FCQEPABUAPz8zORESATk5MTAhATMTFhczNhITMwEBoP5gsuxQDggLdcyy/mAESP125EQ1AU0CMPu4AAEAFwAABiMESAAcACxAFAkbHR4XFg4NAwQNBAgaEgkPAAgVAD8zPzMzEjk5ETMRMzMzERIBOTkxMCEDJicjBgcDIwEzEhIXMzY2NxMzExYXMzY2EzMBBC/JEzQIKB7PwP7VrmpvCAgLMRLJtMQ4FAgEI7+s/tECgzvRr1/9fwRI/mP+UEs5tTUCdf2LrHUklgLc+7gAAAEAJwAABAgESAALACJAEQcFBgABBQwNCQMBCAsVBAEPAD8zPzMSOTkREgEXOTEwAQEzAQEzAQEjAQEjAbj+g70BIQEgu/6DAZG8/s3+yrwCMQIX/lwBpP3p/c8BvP5EAAEAAv4UBAYESAAVACRAEgkPAAMWFwQNAA0SRlkNGwgADwA/Mj8rERIAORESARc5MTATMxMWFzM2NhMzAQYGIyInNRYzMjc3ArLwTxMIDVPmsv4pRruITEo3RKtJPQRI/Y/WXzP3Anz7ILmbEYUMwJwAAAEAUgAAA20ESAAJACtAFwgBAwcABwQBBAoLBQRHWQUPAQhHWQEVAD8rABg/KxESARc5ETMRMzEwISE1ASE1IRUBIQNt/OUCVv3PAuf9sgJdcQNWgYH8ugABAD3+vALBBbYAHAAsQBUZGhoLFwAADwcUAwMHCwMdHhMDBCcAPz8REgEXOREzETMzETMRMxEzMTAlFBYXFSYmNRE0JiM1NjY1ETQ2MxUGFREUBxUWFQHbdXG+0H54gnTYtubf3wxmXAKMAqqaAS9oWY0CXGABMpusiwbB/tnXJwwn1wABAe7+EAJ7BhQAAwAWQAkCAwMEBQMbAAAAPz8REgE5ETMxMAEzESMB7o2NBhT3/AABAEj+vALLBbYAHQAsQBUVBQoSEgIZAB0dDg4ZBQMeHxUnBgMAPz8REgEXOREzETMRMzMRMxEzMTABJjURNCc1MhYVERQWFxUiBhURFAYHNTY2NRE0NjcCCt/juNN2gnp+zb5vdG5xAj8n1wEnwQaLrpn+zmFbAo1ZaP7RmasCjAJcZgEpcngUAAABAGgCUAQpA1QAFwAkQBEDDxgZEgxQWQMSDwYGAFBZBgAvKwAQGMQvxCsREgE5OTEwASIGBzU2MzIWFxYWMzI2NxUGIyImJyYmAVI1fzZkkERxWUJiLzaANmaOSH5IS1oCyUM2l20cJhwbQDmWbiEgIBgAAAIAmP6LAYkEXgADAA4AK0AUAgQEAwkJDxAAAAMMDAZPWQwQAyIAPz8rERIAORgvERIBOREzMxEzMTATMxMjExQjIiY1NDYzMhbbaTPP4Xk8PD85M0YCrPvfBUyHR0A/SEAAAQC+/+wD2wXLABsAPkAeFggNAwMKBAAQEAQIAxwdGQUCEwoNAg0CDQQLBwQZAD8/Ejk5Ly8RMzMRMzMREgEXOREzETMzETMRMzEwJQYHFSM1JgI1ECU1MxUWFhcHJiMiBhUUFjMyNwPLaZOFy8EBjIdLjjExhW2sop+njY7wNgbIziABEfoB/D6spAMhF4wz09nUyzsAAQA/AAAERAXJAB0ASEAmGBMJDQ0aFhECCxYTBR4fDBgZGE5ZCRkZEwATEExZExgABUtZAAcAPysAGD8rERIAORgvMysRADMREgEXOREzMxEzETMxMAEyFwcmIyIGFREhFSEVFAYHIRUhNTY1NSM1MxE0NgKqvqo9mo97fQGm/lpBSgMb+/vNxsbgBclUhU18jP7Zf91kiCyajS/0338BPLLNAAACAHsBBgQXBKAAGwAnACBADRwAIg4ADigpHxUVJQcALzMzLzMREgE5OREzETMxMBM0Nyc3FzYzMhc3FwcWFRQHFwcnBiMiJwcnNyY3FBYzMjY1NCYjIga4Sodeh2iCf2aJX4ZKSoNciWZ/hmSHXIVKgZ10dJ6gcnSdAtN6a4xchUlJhVyKcXaDZ4dchUdJhVyIa3xwoJ9xcqKkAAABAB8AAARxBbYAFgBWQC4SDgcLCxAMBQkCCQMMFA4VBxcYCg4OBw8GEhIDABMVDxMfEwIPEw8TDAEVBgwYAD8/MxI5OS8vXRESOTIyETMRMzMRMxESARc5ETMRMzMRMxEzMTABATMBIRUhFSEVIREjESE1ITUhNSEBMwJIAXuu/mABBv7DAT3+w6T+xAE8/sQBAP5lsgLfAtf8/n+qf/70AQx/qn8DAgACAe7+EAJ7BhQAAwAHACRAEAIGBgMHBwgJBAMEAwcbAAAAPz85OS8vERIBOREzMxEzMTABMxEjETMRIwHujY2NjQYU/Pj+Dfz3AAIAe//4A5YGHQAxAD0AQ0AmMgATBioeOBkZHgwGACMGPj8VAzs2HC0GIQkhJ0dZIRUJEEdZCQAAPysAGD8rERIAFzkREgEXOREzETMRMxEzMTATNDY3JiY1NDYzMhYXByYmIyIGFRQWFxYWFRQGBxYVFAYjIic1FhYzMjY1NCYmJy4CNxQWFxc2NTQmJwYGi1ZOSlTPxV6fYTVih0x0dHuaupZSSpnq1NqATsJSho0wbHOOhkKShKcxiZO5RFUDKVaJJShvVXmLHSeDJxs7QDxUN0SXa1qNKVGSjJlBlCUtTEcuOjorNFpyYk1pPRNQb1NwORNkAAIBNQUOA2gF0wALABcAHkAMBgAMEgASGBkPAxUJAC8zzTIREgE5OREzETMxMAE0NjMyFhUUBiMiJiU0NjMyFhUUBiMiJgE1NSUmNzcmJTUBfTUlJTc3JSU1BXE0Li40MjExMjQuLjQyMTEAAAMAZP/sBkQFywAWACYANgBGQCcnFwMPLx8fFAkPFwU3OAYMABIPDB8MAgASEBICDBIMEhsrIxMzGwQAPzM/MxI5OS8vXV0RMxEzERIBFzkRMxEzETMxMAEiBhUUFjMyNxUGBiMiJjU0NjMyFwcmATQSJDMyBBIVFAIEIyIkAjcUEgQzMiQSNTQCJCMiBAIDfX2Hf4NWfTBlRsLQ3b+Adjps/JfIAV7KyAFeysL+otDP/qLDaa4BLayuASqvrv7XsK7+1q8EI66aqKItfBQc8djR9jx2M/64yAFeysj+osrF/qbQzwFaxq3+062uASmwrgEqr67+1wAAAgBGAxQCcQXHABYAHwA3QBwXBhsKAQEWFhAGAyAhHAoKEhkWAAMQAwIDDRIfAD8z1F3EMxI5LzMREgEXOREzETMzETMxMAEnBiMiJjU0Njc3NTQjIgcnNjMyFhURJRQzMjU1BwYGAhQYXIxfb5qldZRkaCtyhYKJ/lBwyWJwZwMhVGFjZmZpBgQnhTNgOGl5/jy8ZLQxBAQ5AAIAUgB1A6oDvgAGAA0AKUATAwYKDQIECwkJBA0GBA4PDAUIAQAvMy8zERIBFzkRMxEzETMRMzEwEwEXAQEHASUBFwEBBwFSAVZ3/t8BIXf+qgGLAVh1/uEBH3X+qAInAZdF/qL+oUcBlxsBl0X+ov6hRwGXAAABAGgBCAQpAxcABQAbQAwCAQQBBgcFBFBZBQIALy8rERIBOTkRMzEwAREjESE1BCmJ/MgDF/3xAYWKAP//AFQB2QI/AnECBgAQAAAABABk/+wGRAXLAAgAFgAmADYAXUAzJxcAERESBAkvHx8NCQwSFwY3OAwQEAAADhMOEggTDxIfEgIAExATAhITEhMbKyMTMxsEAD8zPzMSOTkvL11dETMRMxESOS8zETMREgEXOREzETMRMxEzETMxMAEzMjY1NCYjIwUUBgcTIwMjESMRITIWATQSJDMyBBIVFAIEIyIkAjcUEgQzMiQSNTQCJCMiBAIC02xQYVZdagGyVU3uqM+HlAEFppv738gBXsrIAV7Kwv6i0M/+osNprgEtrK4BKq+u/tewrv7WrwL6U0BLQYhQex7+dQFi/p4De4L+xcgBXsrI/qLKxf6m0M8BWsat/tOtrgEpsK4BKq+u/tcAAf/6BhQEBgaTAAMAEbUABQEEAQIALzMRATMRMzEwASE1IQQG+/QEDAYUfwACAH8DXALuBcsADAAYACFADg0AEwYABhkaEArAFgMEAD8zGswyERIBOTkRMxEzMTATNDYzMhYVFAYGIyImNxQWMzI2NTQmIyIGf7WCgrZSklSCtXN1UVBzcVJTcwSTgra1g1SPVLSDUnJxU1RxcgD//wBoAAEEKQTDAiYADgAAAAcCKwAA/XQAAQAxAkoCjQXJABgAI0ARBxMXAQEOEwAEGhkKEB8XASAAPzM/MxESARc5ETMRMzEwASE1Nz4CNTQmIyIGByc2MzIWFRQGBwchAo39pOxZUiFQPzRiRUKDmISTWZOuAbgCSmjmVmFMNkRFJjJYb4JwUJeKpQABACECOQKNBckAIwA5QCIPBQUAAxIeCgYkJRJdE20TAkwTAQsTGxMCExMIGiEfDQghAD8zPzMSOS9dXV0zERIBFzkRMzEwARQGBxYVFAYjIic1FjMyNTQjIzUzMjY1NCYjIgYHJzY2MzIWAnNSRLC4qJh0k3vT53V3Z2NQQ0JwOEU/jF6InQTnUGcXL6KAjzh7RKKRa09EPUQrI1otNncAAQGJBNkDEgYhAAkAE7YJBAoLBIAJAC8azRESATk5MTABNjY3MxUGBgcjAYkwbyDKLK5AbwTyPrBBFUG+NAABALD+FAREBEgAFgA1QBoFCgoIEAATExQIFBgXBhUPFBsNAkZZDRYJFQA/PysAGD8/MxESATk5ETMRMzMRMxEzMTABEDMyNjURMxEjJyMGIyInIxYVESMRMwFW/qufpogaCm/lllgKCqamAX3++r3UAkD7uJOnXFSg/sAGNAABAHH+/ARgBhQADwAnQBIEBQEAAAULAxARCAgFAw8FAQUALzM/MxI5LxESARc5ETMRMzEwASMRIxEjEQYjIiY1EDYzIQRgctVzPlTYy9roAi3+/Aaw+VADMxL6+wEE/gABAJgCTAGJA1oACwAXQAoGAAANDAMJT1kDAC8rERIBOREzMTATNDYzMhYVFAYjIiaYPjg6QUI5M0MC00JFRUJBRj8AAAEAJf4UAbQAAAASACRAEBEOCwAADgUDExQOEREIAxAAL8wyOS8zERIBFzkRMxEzMTABFAYjIic1FjMyNjU0Jic3MwcWAbSZljMtLTtPUU9tWG43tP7fYWoJaggoNis1EbJzJwABAEwCSgHhBbYACgAgQA4CAAMDCgwLCQkDIAYAHgA/Mj85LxESATk5ETMzMTABMxEjETQ3BgYHJwFSj4UGFjaHQwW2/JQCQ1taFi1fYAACAEIDFAK+BccACwAXACVAEgwGEgAGABgZDwADEAMCAxUJHwA/M8RdMhESATk5ETMRMzEwARQGIyImNTQ2MzIWBRQWMzI2NTQmIyIGAr6rlpKpqJeYpf3+W2hpXFxpZ1wEb6S3uqGjtbaienp6ent2dgACAFAAdQOoA74ABgANACNAEQsJBAIAAwcCCgkGDg8MBQgBAC8zLzMREgEXOREzETMxMAEBJwEBNwEFAScBATcBA6j+qHUBH/7hdQFY/nX+qHUBH/7hdQFYAgz+aUcBXwFeRf5pG/5pRwFfAV5F/mn//wBLAAAF0QW2ACcCFwKDAAAAJgB7/wABBwI8Ax39twAJswMCEhgAPzU1AP//AC4AAAXbBbYAJwIXAj8AAAAmAHviAAEHAHQDTv23AAeyAhAYAD81AP//ABoAAAYhBckAJgB1+QAAJwIXAt8AAAEHAjwDbf23AAmzAwIrGAA/NTUAAAIAM/53A1QEXgAdACgAQUAiCBQeIwEcDxwjFAQpKgAdAQwDHR0RJiYgT1kmEBELSVkRIwA/KwAYPysREgA5GC9fXl0REgEXOREzETMRMzEwARUUBgcOAhUUFjMyNjcXBiMiJjU0PgI3NjY1NRMUIyImNTQ2MzIWAk5LYXk9GYR6UJZiO8XGvtgjQFk2ZUG0eTs+QjczRgKsM3qUVGpLTThkcSYwh2C6qkZpWVIvWHRdHwErh0VCQEdA//8AAAAABRAHcwImACQAAAEHAEP/wgFSAAizAhAFJgArNf//AAAAAAUQB3MCJgAkAAABBwB2AIUBUgAIswIYBSYAKzX//wAAAAAFEAdzAiYAJAAAAQcBSwAjAVIACLMCHQUmACs1//8AAAAABRAHLwImACQAAAEHAVIABAFSAAizAhgFJgArNf//AAAAAAUQByUCJgAkAAABBwBqADcBUgAKtAMCJAUmACs1Nf//AAAAAAUQBwYCJgAkAAAABwFQADkAgQAC//4AAAaBBbYADwATAE5ALAoODhEBAAgMARAFBRUFFAkTBhNJWRADSVkKDUlZEAoQCgEGAwUSAQ5JWQESAD8rABg/PxI5OS8vKysrEQAzEQEzERIXOREzMxEzMTAhIREhAyMBIRUhESEVIREhASERIwaB/RL9/uOwAroDyf28Ah394wJE+1QBvnYB0f4vBbaX/imW/eYB0gK1AP//AH3+FATPBcsCJgAmAAAABwB6AgIAAP//AMkAAAP4B3MCJgAoAAABBwBD/7cBUgAIswENBSYAKzX//wDJAAAD+AdzAiYAKAAAAQcAdgA/AVIACLMBFQUmACs1//8AyQAAA/gHcwImACgAAAEHAUv/+wFSAAizARoFJgArNf//AMkAAAP4ByUCJgAoAAABBwBqABIBUgAKtAIBIQUmACs1Nf//ADwAAAJWB3MCJgAsAAABBwBD/rMBUgAIswENBSYAKzX//wBUAAACcwdzAiYALAAAAQcAdv9hAVIACLMBFQUmACs1/////wAAAqEHcwImACwAAAEHAUv+8wFSAAizARoFJgArNf//ADwAAAJvByUCJgAsAAABBwBq/wcBUgAKtAIBIQUmACs1NQACAC8AAAVIBbYADAAXAFdAMhEVFQgEDQAAEwQGBBgZFAYHBklZEQ8HPwevB88H3wcFCwMHBwQJCRBKWQkDBBVKWQQSAD8rABg/KxESADkYL19eXTMrEQAzERIBFzkRMxEzMxEzMTABEAAhIREjNTMRISAAAxAhIxEhFSERMyAFSP53/o/+e5qaAbIBUQF8tf3H5wF7/oW+AmIC6f6W/oECiZYCl/6J/qQCQP38lv4K//8AyQAABT8HLwImADEAAAEHAVIAkwFSAAizARoFJgArNf//AH3/7AW+B3MCJgAyAAABBwBDAHkBUgAIswIZBSYAKzX//wB9/+wFvgdzAiYAMgAAAQcAdgEKAVIACLMCIQUmACs1//8Aff/sBb4HcwImADIAAAEHAUsAtAFSAAizAiYFJgArNf//AH3/7AW+By8CJgAyAAABBwFSAJoBUgAIswIhBSYAKzX//wB9/+wFvgclAiYAMgAAAQcAagDVAVIACrQDAi0FJgArNTUAAQCFARAEDASYAAsAGUAJBwkDAQkBDA0IABkvERIBOTkRMxEzMTABFwEBBwEBJwEBNwEDrGD+oAFeYP6e/qRlAV7+oGQBYQSYY/6e/qBjAV/+oWMBYAFgZf6dAAADAH3/wwW+BfYAEwAbACMATkAsFh8XHgQcFBwKFAAAEg8FCAoGJCUWHiEZDSFJWQ8SCAUEAxANBAMZSVkGAxMAP8YrABg/xhIXOSsREgA5ORESARc5ETMRMxESFzkxMAEQACEiJwcnNyYREAAhMhc3FwcWAxAnARYzMhIBEBcBJiMiAgW+/p3+xOuUZXhssgFgAUTRnWF4asC0bv1gc7Dz+PwnZQKdaqjz/QLd/qH+bmSNT5rGAW0BZQGJXodQlMr+lQEQmvxMUgEyASr++poDr0n+zQD//wC6/+wFGQdzAiYAOAAAAQcAQwBGAVIACLMBEwUmACs1//8Auv/sBRkHcwImADgAAAEHAHYAzwFSAAizARsFJgArNf//ALr/7AUZB3MCJgA4AAABBwFLAH0BUgAIswEgBSYAKzX//wC6/+wFGQclAiYAOAAAAQcAagCYAVIACrQCAScFJgArNTX//wAAAAAEewdzAiYAPAAAAQcAdgAxAVIACLMBEgUmACs1AAIAyQAABHkFtgAMABUANkAcDQkFBQYRAAYAFhcNBEpZCRVKWQ0JDQkGBwMGEgA/PxI5OS8vKysREgE5OREzETMRMzMxMAEUBCEjESMRMxEzIAQBMzI2NTQmIyMEef7R/uG4qqrXARkBFvz6qOLKvsrMAxDj7v7BBbb/AM/96o+klYoAAAEAsP/sBJwGHwAwAEFAIikqBR0jABcMDAAdESoFMTISEiouLiZGWS4AKhUPFUZZDxYAPysAGD8/KxESADkYLxESARc5ETMRMxEzETMxMAEUBwYGFRQWFhcWFhUUBiMiJzUWFjMyNTQmJyYmNTQ2NzY2NTQmIyAVESMRNDYzMhYEGY9YOBtHToxmwrO8az+cSNdTbn9gRUdLQIh//uym3N7O4QTyh3NGQyEgKjkzX51loKtFmicvtktrRlJ7VD9qNTlaNVBV3/tMBLKyu53//wBe/+wDzQYhAiYARAAAAQYAQ44AAAizAiYRJgArNf//AF7/7APNBiECJgBEAAABBgB2KwAACLMCLhEmACs1//8AXv/sA80GIQImAEQAAAEGAUvYAAAIswIzESYAKzX//wBe/+wDzQXdAiYARAAAAQYBUr0AAAizAi4RJgArNf//AF7/7APNBdMCJgBEAAABBgBq4gAACrQDAjoRJgArNTX//wBe/+wDzQaFAiYARAAAAQYBUPcAAAq0AwIoESYAKzU1AAMAXv/sBnMEXAApADQAOwBhQDMqACQRMDgZGQQwORgYHzALAAU8PRstJy1GWRkxBDFHWTgkJxEEBA4iJxY1CA4IRlkUDhAAPzMrEQAzGD8zEjkvORI5MysRADMrEQAzERIBFzkRMxEzMxEzEjk5ETMxMBM0Njc3NTQmIyIHJzY2MzIWFzY2MzISFRUhEiEyNjcVBgYjICcGBiMiJjcUFjMyNjU1BwYGASIGByE0Jl74/rh0d5CjNErHYoKlKTWrbsDo/UMIATpbnVRWlWX+331RxYajua5rWJGonrqkA715iwsCB4ABL6GzCAZEgXtUfyk1V19YYP713mv+dSMnlCYh6X9qqpdfWamaYwcIbQIypp6cqAD//wBz/hQDiwRcAiYARgAAAAcAegFGAAD//wBz/+wEEgYhAiYASAAAAQYAQ7UAAAizAhwRJgArNf//AHP/7AQSBiECJgBIAAABBgB2TgAACLMCJBEmACs1//8Ac//sBBIGIQImAEgAAAEGAUv3AAAIswIpESYAKzX//wBz/+wEEgXTAiYASAAAAQYAagoAAAq0AwIwESYAKzU1////2gAAAWMGIQImAPMAAAEHAEP+UQAAAAizAQURJgArNf//AKkAAAIyBiECJgDzAAABBwB2/yAAAAAIswENESYAKzX///+zAAACVQYhAiYA8wAAAQcBS/6nAAAACLMBEhEmACs1////7AAAAh8F0wImAPMAAAEHAGr+twAAAAq0AgEZESYAKzU1AAIAcf/sBGIGIQAbACYASkArIQYMHBwAABgZFg4RExAGCScoCR9GWQsDFhEZDg8FFAkJAxcUAQMkRlkDFgA/KwAYPzMSOS8SFzkSOSsREgEXOREzETMRMzEwARAAIyIANTQAMzIXNyYnBSc3Jic3Fhc3FwcWEgM0JiMgERQWMzI2BGL++/fe/ukBB9ziZAg5zf7xSelcXkWcZu5Mz5ilqLSc/q+voq+hAjP+5/7SAQ3i5gEGeQTWv5tshT4xdUlLimt3j/5y/uiTqv6Yp7fJAP//ALAAAAREBd0CJgBRAAABBgFSDgAACLMBHhEmACs1//8Ac//sBGIGIQImAFIAAAEGAEPUAAAIswIaESYAKzX//wBz/+wEYgYhAiYAUgAAAQYAdlYAAAizAiIRJgArNf//AHP/7ARiBiECJgBSAAABBgFLDgAACLMCJxEmACs1//8Ac//sBGIF3QImAFIAAAEGAVLxAAAIswIiESYAKzX//wBz/+wEYgXTAiYAUgAAAQYAahsAAAq0AwIuESYAKzU1AAMAaAD8BCkEqAADAA8AGwAzQBgWCgoQBAIEAQMcHRkTEwEHDQ0BAQBQWQEALysRADMYLzMRMy8zERIBFzkRMzMRMzEwEzUhFQE0NjMyFhUUBiMiJhE0NjMyFhUUBiMiJmgDwf2uOzY0OjszND07NjQ6OzM0PQKNior+6Dw9Pzo5QD8C9Dw9Pzo5QD8AAwBz/7wEYgSHABMAGwAjAEtAKRcfHBQUChwAABIPBQgKBiQlFh4hGQ0ZRlkPEggFBAMQDRADIUZZBgMWAD/GKwAYP8YSFzkrERIAOTkREgEXOREzETMREjk5MTABEAAjIicHJzcmERAAMzIXNxcHFgUUFwEmIyIGBTQnARYzMjYEYv7y7ppwVHJegQEM7pp0VHVhf/y9NQHRS3KjpgKXM/4vR3GjqQIl/vT+00V1ToOYAQABDAErTHdMhZj5q2YChjXW1KRk/X0z2wD//wCk/+wEOQYhAiYAWAAAAQYAQ8QAAAizARYRJgArNf//AKT/7AQ5BiECJgBYAAABBgB2cQAACLMBHhEmACs1//8ApP/sBDkGIQImAFgAAAEGAUsSAAAIswEjESYAKzX//wCk/+wEOQXTAiYAWAAAAQYAaiEAAAq0AgEqESYAKzU1//8AAv4UBAYGIQImAFwAAAEGAHYSAAAIswEfESYAKzUAAgCw/hQEdQYUABYAIgA+QB8gBhsUEBARBhEkIxIAERsMFgkDCR5GWQkWAxdGWQMQAD8rABg/KxESADk5GD8/ERIBOTkRMxEzMxEzMTABNjYzMhIREAIjIicjFxYVESMRMxEUByUiBgcVFBYzIBE0JgFYQqpq1/Dx1t56DAQIpqYGAUiomAKaqgEvlAO0WU/+1P71/vT+06EiTT/+NQgA/i40Whu4ySnnxwGw19H//wAC/hQEBgXTAiYAXAAAAQYAarUAAAq0AgErESYAKzU1//8AAAAABRAGtAImACQAAAEHAU0APwFSAAizAhIFJgArNf//AF7/7APNBWICJgBEAAABBgFN9QAACLMCKBEmACs1//8AAAAABRAHNwImACQAAAEHAU4AKwFSAAizAg8FJgArNf//AF7/7APNBeUCJgBEAAABBgFO5AAACLMCJREmACs1//8AAP5CBREFvAImACQAAAAHAVEDoAAA//8AXv5CBAAEWgImAEQAAAAHAVECjwAA//8Aff/sBM8HcwImACYAAAEHAHYBCAFSAAizASAFJgArNf//AHP/7AOLBiECJgBGAAABBgB2RAAACLMBIBEmACs1//8Aff/sBM8HcwImACYAAAEHAUsArAFSAAizASUFJgArNf//AHP/7AOLBiECJgBGAAABBgFL1AAACLMBJREmACs1//8Aff/sBM8HMQImACYAAAEHAU8CGwFSAAizASAFJgArNf//AHP/7AOLBd8CJgBGAAABBwFPAVAAAAAIswEgESYAKzX//wB9/+wEzwdzAiYAJgAAAQcBTADBAVIACLMBIgUmACs1//8Ac//sA6EGIQImAEYAAAEGAUzzAAAIswEiESYAKzX//wDJAAAFWAdzAiYAJwAAAQcBTABYAVIACLMCHQUmACs1//8Ac//sBYEGFAImAEcAAAEHAjgDDAAAAAeyAiMAAD81AP//AC8AAAVIBbYCBgCSAAAAAgBz/+wE0wYUABoAJwBkQDclBhIOAB4eFRkWGRAGBCgpGhUYEBEQR1kVDxEfES8RAwkDEREJEwABDAMJCSJGWQkQAxtGWQMWAD8rABg/KxESADk5GD8SOS9fXl0zKxEAMxg/ERIBFzkRMzMRMzMzETMxMCUjBiMiAhEQEjMyFzMmNTUhNSE1MxUzFSMRIyUyNjU1NCYjIgYVFBYDmglz5dfv8Nbfdw0L/kABwKacnIf+nqqZm6qSm5qTpwEmAQ8BDwEsolNJhYG4uIH7JXe5ziPpx+PP0tb//wDJAAAD+Aa0AiYAKAAAAQcBTQASAVIACLMBDwUmACs1//8Ac//sBBIFYgImAEgAAAEGAU0KAAAIswIeESYAKzX//wDJAAAD+Ac3AiYAKAAAAQcBTgAQAVIACLMBDAUmACs1//8Ac//sBBIF5QImAEgAAAEGAU77AAAIswIbESYAKzX//wDJAAAD+AcUAiYAKAAAAQcBTwFvATUACLMBFQUmACs1//8Ac//sBBIF3wImAEgAAAEHAU8BVAAAAAizAiQRJgArNf//AMn+QgP4BbYCJgAoAAAABwFRAnMAAP//AHP+YQQSBFwCJgBIAAAABwFRAmYAH///AMkAAAP4B3MCJgAoAAABBwFMABABUgAIswEXBSYAKzX//wBz/+wEEgYhAiYASAAAAQYBTPsAAAizAiYRJgArNf//AH3/7AU9B3MCJgAqAAABBwFLAOkBUgAIswEqBSYAKzX//wAn/hQEMQYhAiYASgAAAQYBS8oAAAizA1ARJgArNf//AH3/7AU9BzcCJgAqAAABBwFOAQABUgAIswEcBSYAKzX//wAn/hQEMQXlAiYASgAAAQYBTs4AAAizA0IRJgArNf//AH3/7AU9BzECJgAqAAABBwFPAmQBUgAIswElBSYAKzX//wAn/hQEMQXfAiYASgAAAQcBTwEfAAAACLMDSxEmACs1//8Aff47BT0FywImACoAAAAHAjkBJwAA//8AJ/4UBDEGIQImAEoAAAEGAjpEAAAIswNGESYAKzX//wDJAAAFHwdzAiYAKwAAAQcBSwCWAVIACLMBGgUmACs1//8AsAAABEQHqgImAEsAAAEHAUsAHwGJAAizASUCJgArNQACAAAAAAXnBbYAEwAXAFRALBcDDw8AEBQEDAwHCwgLEBIEGBkXDklZFgoSExJKWQcDExcTFxMBDBASBQEDAD8zPzMSOTkvLxEzMysRADMzKxESARc5ETMzETMzETMzETMzMTATNTMVITUzFTMVIxEjESERIxEjNQE1IRXJqgMCqsjIqvz+qskEdfz+BL74+Pj4jfvPArD9UAQxjf6K6ekAAQAUAAAERAYUAB4AWUAyFhQQCAgNCQAeHhIJCwQfIBcWGgRGWRMLDAtHWRAMDwwfDC8MAxYaDAwaFgMJDgAACRUAPzM/Ehc5Ly8vXREzKxEAMysRADMREgEXOREzETMzETMzMzEwIRE0JiMiBhURIxEjNTM1MxUhFSEVFAczNjYzMhYVEQOeeoKunqacnKYBwf4/CAoxtXTJyQKehoS61f3nBNt/urp/xFQ4T1u/0v1c////4gAAAsoHLwImACwAAAEHAVL+2gFSAAizARUFJgArNf///5AAAAJ4Bd0CJgDzAAABBwFS/ogAAAAIswENESYAKzX//wAqAAACgga0AiYALAAAAQcBTf79AVIACLMBDwUmACs1////2gAAAjIFYgImAPMAAAEHAU3+rQAAAAizAQcRJgArNf//AB4AAAKKBzcCJgAsAAABBwFO/vkBUgAIswEMBSYAKzX////MAAACOAXlAiYA8wAAAQcBTv6nAAAACLMBBBEmACs1//8AVP5CAlYFtgImACwAAAAGAVFoAP//ADX+QgGBBd8CJgBMAAAABgFREAD//wBUAAACVgcxAiYALAAAAQcBTwBQAVIACLMBFQUmACs1AAEAsAAAAVYESAADABZACQABAQUEAg8BFQA/PxESATkRMzEwISMRMwFWpqYESP//AFT+fwQQBbYAJgAsAAAABwAtAqgAAP//AKL+FANsBd8AJgBMAAAABwBNAgYAAP///2D+fwJlB3MCJgAtAAABBwFL/rcBUgAIswEcBSYAKzX///+R/hQCTwYhAiYCNwAAAQcBS/6hAAAACLMBGxEmACs1//8Ayf47BOkFtgImAC4AAAAHAjkAiQAA//8AsP47BB0GFAImAE4AAAAGAjkrAAABALAAAAQbBEYADQAvQBkNCwcHCAMBAgUIBQ4PAg0FBgQIAAkPBAgVAD8zPzMSFzkREgEXOREzETMzMTABMwEBIwEHESMRMxEUBwMvz/5iAbvJ/peHsrIMBEb+Hv2cAfhx/nkERv7lpnH//wDJAAAD+AdzAiYALwAAAQcAdv9jAVIACLMBDwUmACs1//8AowAAAiwHrAImAE8AAAEHAHb/GgGLAAizAQ0CJgArNf//AMn+OwP4BbYCJgAvAAAABgI5MQD//wBZ/jsBVwYUAiYATwAAAAcCOf7oAAD//wDJAAAD+AW3AiYALwAAAQcCOAEd/6MAB7IBCQMAPzUA//8AsAAAAqAGFAImAE8AAAEGAjgrAAAHsgEHAAA/NQD//wDJAAAD+AW2AiYALwAAAAcBTwIE/Wf//wCwAAACqAYUACYATwAAAAcBTwFC/TgAAQAdAAAD+AW2AA0APUAhBwsLBAAMCQADBA8OCQcECgMBBggCCAIIAAUDAAtJWQASAD8rABg/Ejk5Ly8SFzkREgEXOREzMxEzMTAzEQcnNxEzESUXBREhFclpQ6yqASlD/pQChQH8O3JlAx79Rq550/48mgAB//wAAAInBhQACwA3QBwABAQJBQUMAg0IDAACCQMIBgYBBwEHAQUKAAUVAD8/Ejk5Ly8SFzkRATMRMxI5ETMzETMxMAE3FwcRIxEHJzcRMwFWiUjRpm5GtKYDYF5wjf0/AlRIcXcDIAD//wDJAAAFPwdzAiYAMQAAAQcAdgECAVIACLMBGgUmACs1//8AsAAABEQGIQImAFEAAAEGAHZ5AAAIswEeESYAKzX//wDJ/jsFPwW2AiYAMQAAAAcCOQDNAAD//wCw/jsERARcAiYAUQAAAAYCOVYA//8AyQAABT8HcwImADEAAAEHAUwApgFSAAizARwFJgArNf//ALAAAAREBiECJgBRAAABBgFMHwAACLMBIBEmACs1//8AAQAABMsFtgAnAFEAhwAAAQYCB+gAAAeyARwDAD81AAABAMn+fwU/BbYAGQA4QBwQDQ0OCBQUFxcCDgMaGxIKDhUPAw4SAAVJWQAiAD8rABg/PzMSOTkREgEXOREzETMRMxEzMTABIic1FjMyNjUBIxIVESMRMwEzJjURMxEUBgPJYjZHU2lq/MAIEJ3AAx0IDp/B/n8bkRR6bwTL/vie/NsFtvtOleADPfpYw8wAAQCw/hQERARcAB0AOEAeEw8PEAcbGwIQAx4fFwtGWRcQExARDxAVAAVGWQAbAD8rABg/PxI5PysREgEXOREzETMRMzEwASInNRYzMjURNCYjIgYVESMRMxczNjYzMhYVERQGAyVWNzw+jHqCrKCmhxsKNLRuy8eM/hQZhxSsA3mGhLrW/cEESJZSWL/S/I2aqv//AH3/7AW+BrQCJgAyAAABBwFNAMcBUgAIswIbBSYAKzX//wBz/+wEYgViAiYAUgAAAQYBTRIAAAizAhwRJgArNf//AH3/7AW+BzcCJgAyAAABBwFOAMEBUgAIswIYBSYAKzX//wBz/+wEYgXlAiYAUgAAAQYBTg4AAAizAhkRJgArNf//AH3/7AW+B3MCJgAyAAABBwFTARQBUgAKtAMCKwUmACs1Nf//AHP/7ARiBiECJgBSAAABBgFTWgAACrQDAiwRJgArNTUAAgB9/+wG5wXNABQAHwBTQC4YBg8TEx0ADREdBgUgIQ8SSVkPDwALCw5JWQsDCRVJWQkEAxtJWQMSABNJWQASAD8rABg/KwAYPysAGD8rERIAORgvKxESARc5ETMRMxEzMTAhIQYjIAAREAAhMhchFSERIRUhESEBIgAREAAzMjcRJgbn/QBmXP65/p8BXAFAZloDDv2zAif92QJN/ET5/v8BAfdwV1cUAYkBagFoAYYXl/4plv3mBJ3+z/7Z/tf+zSEEdR4AAwBx/+wHHwRaAB4AKgAxAFVALR8IDgIWFiUvFRUcJQgEMjMrKAsoRlkuFkZZAgUOCy4uBRELEBgiBSJGWQAFFgA/MysRADMYPzMSOS8SORI5KysRADMREgEXOREzETMSOTkRMzEwBSAnBgYjIgAREAAzMhYXNjYzMhIVFSESITI2NxUGBgEUFjMyNjU0JiMiBiUiBgchNCYFlv7bfT7Rid/+9AEG64PNPjrAfsnu/ScIAUpeoVdYmPshmKejmZulppUER3+RDAIghBTrdHcBMQEIAQkBLHdycHn+9+Jp/ncjJ5QnIAI509vV0d3V2Niknp6k//8AyQAABM8HcwImADUAAAEHAHYAeQFSAAizAh8FJgArNf//ALAAAAMnBiECJgBVAAABBgB23AAACLMBGhEmACs1//8Ayf47BM8FtgImADUAAAAGAjl9AP//AGD+OwMnBFwCJgBVAAAABwI5/u8AAP//AMkAAATPB3MCJgA1AAABBwFMABsBUgAIswIhBSYAKzX//wCCAAADJwYhAiYAVQAAAQcBTP92AAAACLMBHBEmACs1//8Aav/sBAIHcwImADYAAAEHAHYAUAFSAAizAS4FJgArNf//AGr/7ANzBiECJgBWAAABBgB26gAACLMBLhEmACs1//8Aav/sBAIHcwImADYAAAEHAUv/6gFSAAizATMFJgArNf//AGr/7ANzBiECJgBWAAABBgFLlwAACLMBMxEmACs1//8Aav4UBAIFywImADYAAAAHAHoBJwAA//8Aav4UA3MEXAImAFYAAAAHAHoA1QAA//8Aav/sBAIHcwImADYAAAEHAUz/5AFSAAizATAFJgArNf//AGr/7ANzBiECJgBWAAABBgFMmQAACLMBMBEmACs1//8AEv47BFoFtgImADcAAAAGAjkZAP//AB/+OwKoBUYCJgBXAAAABgI5ggD//wASAAAEWgdzAiYANwAAAQcBTP/cAVIACLMBEwUmACs1//8AH//sAtcGFAImAFcAAAEGAjhiAAAHsgEaAAA/NQAAAQASAAAEWgW2AA8AP0AhBwsLAAwECQwOAgUQEQoODw5KWQcPDwMMEgYCAwJJWQMDAD8rEQAzGD8SOS8zKxEAMxESARc5ETMzETMxMAERITUhFSERIRUhESMRITUB4f4xBEj+MQE2/sqq/scDLwHwl5f+EI39XgKijQABAB//7AKoBUYAHABMQCkXExsbDAgCFRkICg4GHR4OFhMWR1kaCgsKR1kXCwsGEUATDwYARlkGFgA/KwAYPxrNEjkvMysRADMrEQAzERIBFzkRMzMRMzMxMCUyNxUGBiMgETUjNTMRIzU3NzMVIRUhESEVIRUUAhdVPCBqKv7IjY2dnUZgAT7+wgEt/tN1FH8OEAFc/oEBAFBF6v6B/wCB9N0A//8Auv/sBRkHLwImADgAAAEHAVIAbwFSAAizARsFJgArNf//AKT/7AQ5Bd0CJgBYAAABBgFS9wAACLMBHhEmACs1//8Auv/sBRkGtAImADgAAAEHAU0AkQFSAAizARUFJgArNf//AKT/7AQ5BWICJgBYAAABBgFNGQAACLMBGBEmACs1//8Auv/sBRkHNwImADgAAAEHAU4AiwFSAAizARIFJgArNf//AKT/7AQ5BeUCJgBYAAABBgFOEgAACLMBFREmACs1//8Auv/sBRkH1wImADgAAAEHAVAAnAFSAAq0AgEVBSYAKzU1//8ApP/sBDkGhQImAFgAAAEGAVAjAAAKtAIBGBEmACs1Nf//ALr/7AUZB3MCJgA4AAABBwFTAOEBUgAKtAIBJQUmACs1Nf//AKT/7AQ5BiECJgBYAAABBgFTaAAACrQCASgRJgArNTX//wC6/kIFGQW2AiYAOAAAAAcBUQIhAAD//wCk/kIEZQRIAiYAWAAAAAcBUQL0AAD//wAbAAAHTAdzAiYAOgAAAQcBSwFUAVIACLMBKAUmACs1//8AFwAABiMGIQImAFoAAAEHAUsAwQAAAAizASsRJgArNf//AAAAAAR7B3MCJgA8AAABBwFL/+ABUgAIswEXBSYAKzX//wAC/hQEBgYhAiYAXAAAAQYBS60AAAizASQRJgArNf//AAAAAAR7ByUCJgA8AAABBwBq//EBUgAKtAIBHgUmACs1Nf//AFIAAAQ/B3MCJgA9AAABBwB2AEIBUgAIswETBSYAKzX//wBSAAADbQYhAiYAXQAAAQYAdugAAAizARMRJgArNf//AFIAAAQ/BzECJgA9AAABBwFPAUQBUgAIswETBSYAKzX//wBSAAADbQXfAiYAXQAAAQcBTwDfAAAACLMBExEmACs1//8AUgAABD8HcwImAD0AAAEHAUz/7QFSAAizARUFJgArNf//AFIAAANtBiECJgBdAAABBgFMhgAACLMBFREmACs1AAEAsAAAAtsGHwAMAB1ADgABAQ0GDgQJRlkEAAEVAD8/KxEBMxI5ETMxMCEjERAhMhcHJiMiBhUBVqYBZ2BkK1dJYVkEnAGDJYUee3oAAAEAw/4UBBcFywAgAERAJBoeHgwIEhwICgIFISIdCgwKRlkaDAwQABAWRlkQBAAFRlkAGwA/KwAYPysREgA5GC8zKxEAMxESARc5ETMzETMxMAEiJzUWMzI2NREjNTc1NDYzMhcHByYjIgYVFSEVIREUBgFIRUBGPV9N3t6itlV4FhVmPGJQARr+6p7+FBOLEmZxA81LPIvDsitAQSBpfJWB/De4rwAEAAAAAAUUB6oAEAAYACIALgBhQDQRBQQYBhQHBAMHCCMAKQsICwkiFAIAHQMJMC8mDiwCCRgGSVkJFA4YIg4YGA4iAwgcBAgSAD8zLxIXOS8vLxESOTkrEQAzMxEzERIBFzkRMxEzETMRMxESOTkROTkxMAEUBwEjAyEDIwEmNTQ2MzIWEwMmJwYGBwMTNjY3MxUGBgcjEzQmIyIGFRQWMzI2A2hoAhSusP2epq4CFGp6Y2R9G7IZLw4wCbGYMWYXyyCoQm/TQjMzQjw5NUAFloU4+ycBkf5vBNc0iGVydfw2AbA6kTCHGP5UBIU7lSoQLqEt/vU5PDw5Nz09AAUAXv/sA80HqgAJACQALwA7AEcAZ0A3LRJCNjwwKRUVCyQkBjAANh0SB0hJCQkEPzlFMxELDBUpR1kMFRUPICAZRlkgEA8lRlkPFgoVBAAvPz8rABg/KxESADkYLzkrEQAzGD8zxDIROS8REgEXOREzMxEzETMRMxEzMTABNTY2NyEVBgYHAScjBgYjIiY1ECU3NTQmIyIGByc2NjMyFhURJTI2NTUHBgYVFBYBFAYjIiY1NDYzMhYHNCYjIgYVFBYzMjYB1y5qFgEEFaSAAQIhCFKjeqO5Ahm0d4Vgp0c3VNBl0cn+DpuxpsavbQGqe2ZleXllZXxtQTMzQjw5NEAG2RAqeB8MGGlE+SecZ0momwFMEAZEgno0IH8rM67A/RR1qpljBwdtc1peBT1id3RjYnN3Xjg9PTg4PT0A/////gAABoEHcwImAIgAAAEHAHYCTAFSAAizAh0FJgArNf//AF7/7AZzBiECJgCoAAABBwB2AYUAAAAIswNFESYAKzX//wB9/8MFvgdzAiYAmgAAAQcAdgEZAVIACLMDLQUmACs1//8Ac/+8BGIGIQImALoAAAEGAHZWAAAIswMtESYAKzX//wBq/jsEAgXLAiYANgAAAAYCOQYA//8Aav47A3MEXAImAFYAAAAGAjm5AAABAQwE2QOuBiEADgAYQAkHABAPCwSADgkALzMazTIREgE5OTEwATY2NzMWFhcVIyYnBgcjAQx/ZhemFm19d1iFiFNzBPCIgCkqhYIXN4OGNAAAAQEMBNkDrgYhAA4AGEAJBgAQDwUBgAMLAC8zGs0yERIBOTkxMAEzFhc2NzMVBwYHIyYmJwEMc3Jpglt3QpAuphdmfwYhSnOCOxlElFcpfogAAAEBLQTZA4UFYgADABG1AAEEBQADAC8zERIBOTkxMAEhFSEBLQJY/agFYokAAQElBNkDkQXlAA4AGEAJDAMQDwsEgAgAAC8yGswyERIBOTkxMAEiJiczHgIzMjY3MwYGAlaMnAloBilJVWVgCmgKpwTZiYMxOBpAQ36OAAABAKIFAgFmBd8ACwATtgYAAAwNAwkAL80REgE5ETMxMBM0NjMyFhUUBiMiJqI4Kig6OigqOAVxOTU2ODg3NwAAAgFvBNkDLQaFAAsAFwAeQAwSBgwABgAYGQ8JFQMALzPMMhESATk5ETMRMzEwARQGIyImNTQ2MzIWBzQmIyIGFRQWMzI2Ay17ZmV4eWRlfGxCMzNCPDk0QQWyYnd1YmJzd144PT04OD09AAEAJf5CAXEAAAAPABhACgAJBA0JAxARAgcALzMREgEXOREzMTAXFDMyNxUGIyI1NDY3MwYGsl4qN0E8z1ZIeERF7l4NbRK8Roc1Qm0AAAEBCATZA/AF3QAXACRADwkVGBkRAAUMAAwADBWACQAvGsw5OS8vETMRMxESATk5MTABIi4CIyIGByM2NjMyHgIzMjY3MwYGAxQrUk9JIjIzDmINc1suVk5IIDEwD2MNcQTbJS0lPD15iSUtJTs+eYkAAAIA5wTZA7YGIQAJABMAG0AMDgUTCQQUFQ0EgBMJAC8zGs0yERIBFzkxMBM2NjczFQYGByMlNjY3MxUGBgcj5yRuH7olqzphAWUxZRq6Jas6YATyMLpFFT/EMBlEsToVP8QwAAABAfwE2QMQBnMACQATtgQACwoEgAkALxrNERIBOTkxMAE2NjczFQYGByMB/Bs1DLgSbTFkBPZI41IXSu1MAAMBGwUOA4MGtAAIABQAIAArQBQPCRUbGwMICQQhIhgMCAwIDAMeEgAvM8w5OS8vETMREgEXOREzETMxMAE2NzMVBgYHIyc0NjMyFhUUBiMiJiU0NjMyFhUUBiMiJgIAQR+9IXkzUOU0JikxNyMmNAG0NCYpMTcjJjQFhamGFEOzPQQ0LjQuMjExMjQuNC4yMTH//wAAAAAFEAYKAiYAJAAAAQcBVP4g/5cAB7ICEgAAPzUA//8AmAJMAYkDWgIGAHkAAP///9QAAAR1BgoAJgAofQABBwFU/dj/lwAHsgEQAAA/NQD////UAAAFtQYKACcAKwCWAAABBwFU/dj/lwAHsgEQAAA/NQD////kAAADRAYKACcALADuAAABBwFU/ej/lwAHsgEQAAA/NQD////k/+wGAgYKACYAMkQAAQcBVP3o/5cAB7ICHAAAPzUA////1AAABYUGCgAnADwBCgAAAQcBVP3Y/5cAB7IBDQAAPzUA////5AAABjMGCgAmAXY/AAEHAVT96P+XAAeyASMAAD81AP///+n/7AKTBrQCJgGGAAABBwFV/s4AAAAMtQMCAS4RJgArNTU1//8AAAAABRAFvAIGACQAAP//AMkAAAS+BbYCBgAlAAAAAQDJAAAD+AW2AAUAHUAOAwQEAAYHBQJJWQUDBBIAPz8rERIBOTkRMzEwARUhESMRA/j9e6oFtpn64wW2AP//ACcAAARtBbYCBgIoAAD//wDJAAAD+AW2AgYAKAAA//8AUgAABD8FtgIGAD0AAP//AMkAAAUfBbYCBgArAAAAAwB9/+wFvgXNAAMADwAbAD9AIAIDEBYQChYECgQcHQADSVkAAAcNDRlJWQ0EBxNJWQcTAD8rABg/KxESADkYLysREgE5OREzETMREjk5MTABIRUhJRAAISAAERAAISAAARASMzISERACIyICAeMCdf2LA9v+nf7E/r3+oQFgAUQBOwFi+3P69PP49/L1+wMzlT/+of5uAYsBaAFlAYn+cP6g/tj+zAEwASwBKgEu/s4A//8AVAAAAlYFtgIGACwAAP//AMkAAATpBbYCBgAuAAAAAQAAAAAE0wW2AAoAGkALCAAMCwQICQMBCBIAPzM/EjkREgE5OTEwISMBJicGBwEjATME07b+tlcWIUf+uLYCELEDoPxai8n8XgW2//8AyQAABnEFtgIGADAAAP//AMkAAAU/BbYCBgAxAAAAAwBIAAAEJQW2AAMABwALADRAHQoHAwIGCAYNDAADSVkAAAoECgtJWQoSBAdJWQQDAD8rABg/KxESADkYLysREgEXOTEwEyEVIQMhFSEBFSE1wwLn/RlSA4v8dQO0/CMDSJYDBJf7eZiY//8Aff/sBb4FzQIGADIAAAABAMkAAAUMBbYABwAjQBEBAAQFAAUJCAYDSVkGAwEFEgA/Mz8rERIBOTkRMxEzMTAhIxEhESMRIQUMqv0RqgRDBR/64QW2AP//AMkAAARoBbYCBgAzAAAAAQBKAAAEXAW2AAwANUAcCAoKAAkCCwYDAgAFDQ4HCAQISVkEAwAKSVkAEgA/KwAYPysRADMREgEXOREzETMRMzEwMzUBATUhFSEnAQEhFUoB4f4rA8v9XGABzP4fA1SNAm8CK4+ZAv3f/ZqYAP//ABIAAARaBbYCBgA3AAD//wAAAAAEewW2AgYAPAAAAAMAav/sBfgFywAZACIAKwBQQCknFBoCDQ0rGQ4eBwcOFAMsLQwQGioQKkpZIiQYJEpZAhgQGBAYDhMABAA/Pzk5Ly8RMysRADMrEQAzETMREgEXOREzETMzMxEzMxEzMTABMxUzMhYWFRQCBCMjFSM1IyIkAjU0NjYzMxMzMjY1NCYrAyIGFRQWMzMC26xGq/uFlf79sCmsLbD+/pKH/KtDrBnJ3865Oqw5ttHeyhgFy7SI+J+m/v2C4eGEAQShnviL/EXbw7nS1LfF2QD//wAIAAAElgW2AgYAOwAAAAEAbQAABfIFtgAdAD5AHwoHEQAADgEVGBgBBwMeHx0DDQNJWRENDQEWDwgDARIAPz8zMxI5LzMrEQAzERIBFzkRMxEzMxEzETMxMCEjESMiJiY1ETMRFBYzMxEzETMyNjURMxEUBgQjIwODqi2w/5Cuz9Qbqh3Tz7CQ/v2vLQG+evekAeP+IbzJA2T8nMa7AeP+H6X3ewAAAQBQAAAF9AXNAB8AOUAgAw0dExgTFhkHCg0ICCAhEABJWRAEGhYGCQgJSVkZCBIAPzMrEQAzMzMYPysREgEXOREzETMxMAEiAhUUEhcVITUhJgI1EAAhIAARFAIHIRUhNTYSNTQCAyHu+q20/bYBbJegAWIBOgE7AWKelwFr/ba3qfkFNf7//eH+s4SFmHYBXssBNgFg/qX+x8/+pniYhYYBTt78AQL//wA8AAACbwclAiYALAAAAQcAav8HAVIACrQCASEFJgArNTX//wAAAAAEewclAiYAPAAAAQcAav/vAVIACrQCAR4FJgArNTX//wBz/+wExwZzAiYBfgAAAQYBVB0AAAizAjQRJgArNf//AFr/7AOHBnMCJgGCAAABBgFUyAAACLMBLxEmACs1//8AsP4UBEQGcwImAYQAAAEGAVQ7AAAIswEeESYAKzX//wCo/+wCkwZzAiYBhgAAAQcBVP7EAAAACLMBGREmACs1//8ApP/sBHEGtAImAZIAAAEGAVU7AAAMtQMCATQRJgArNTU1AAIAc//sBMcEXAALACoAR0AkCQ8nFQQEHSIdDwMrLBgPJygoFgwSEgdGWRIQHwAMAEZZJAwWAD8zKxEAMxg/KxESADk5ETMYPxESARc5ETMRMzMRMzEwJTI2NTU0JiMgERQWFyICERASMzIWFzM2NzMGBhURFDMyNxUGIyImJyMGBgJQqZaYqf7Rk4XW7vTheaE2DBgpgRUcVB0hLkFRWRINO6d3w9oP5cf+UNTUiwEpAQwBEgEpVFRcOEL2dP5Jcgp3GlFWVlEAAgCw/hQEqAYfABMAKQBMQCgYDw8QJwMeCAgDBSIQBSorEBsjIkZZDiMOIwsACxtGWQsWABRGWQAAAD8rABg/KxESADk5GC8vKwAYPxESARc5ETMRMxEzETMxMAEyFhUQBRUEERQEIyImJxEjETQ2FyIGFREWFjMyNjU0JiMjNTMyNjU0JgKT3Pn+xwF5/vjubaBPpv3knp1doVarrb6xcFybopwGH9C3/tozCCr+kdHhHyb94wY04faMrKX8iTEllp2dpI6TiXuFAAEACv4UBA4ESAASACFAEA8EAQUEExQKCQkBDgUPARsAPz8zEjkvMxESARc5MTABIzQSNwEzExYXMz4CEzMBBgICFLRAK/4/rPBeEwgFKSvqrP5rMDX+FGABJnIEPP2462cejoECbfvTfP7cAAIAcf/sBGAGEgAeACoAO0AgJRwQAx8WFgkAAxwFKywQACIDGQYZKEZZGRYGDUZZBgAAPysAGD8rERIAFzkREgEXOREzETMRMzEwASYmNTQ2MzIWFwcmJiMiBhUUFhcWFhUUACMiJDU0EgE0JicGBhUUFjMyNgIhjHTCpGe9fkhwn1FVYWun0rH+8Ozj/vDiAmF7jc6/spOirgOoTp9jgpgtP4c+LE9CR29bc/Gk6/74+NKxAQX+c4C3SjXZoJCrugAAAQBa/+wDhwRcACUATUArBBAjFx0LARMXEAYmJxQlAiUCRlkPJR8lAgsDJSUNGhohRlkaEA0HRlkNFgA/KwAYPysREgA5GC9fXl0rERIAORESARc5ETMRMzEwARUjIBUUFjMyNjcVBiMiJjU0Njc1JiY1NDYzMhYXByYmIyIVFCECy5T+yZOSVKZkid3S8W6CYmvgwGGlZD9egk/6AT0CgY3DWmInL5RLqZRigykLHH9chZ4hLYUqHKKsAAABAHP+bwOgBhQAIAAwQBgHGR4TEw4OAwAZBCEiESMeAwABAEZZAQAAPysRADMzGD8REgEXOREzETMRMzEwEzUhFQYAAhUUFhYXFhYVFAcjNjU0JicmJjU0PgI3BiGwAvDX/uCKO32slYh/pn1vj8u8O3DJ8ij+8QWHjYG0/r3+36ZidkklH21blaShazg9GiTbwnLQw+XaCAAAAQCw/hQERARcABQAL0AYABQMCAgJFAkWFRAERlkQEAwJCg8JFQAbAD8/PxI5PysREgE5OREzETMRMzEwARE0JiMiBhURIxEzFzM2NjMyFhURA556gqygpocbCDO4ccbI/hQEsYaEutb9wQRIllFZv9L7SQADAHP/7ARKBisACwASABkASUAnFhAQBhcPDwAGABobFhBGWQ8WvxYCCwMWFgMJCRNGWQkBAwxGWQMWAD8rABg/KxESADkYL19eXSsREgE5OREzETMRMxEzMTABEAIjIgIREBIzMhIBMhITIRISEyICAyECAgRK9Prw+fX09Pr+EqScBv15BJanoZYKAoULmAMM/mr+dgGTAY0BlwGI/mv74QExATP+0P7MBSn+4f7nARkBHwABAKj/7AKTBEgADwAfQA4BDgcOERAPDwsERlkLFgA/KwAYPxESATk5ETMxMAERFBYzMjY3FQYGIyImNREBTklXJWUbH2kyoJEESPz6aGUNB38NEaipAwv//wCwAAAEGwRGAgYA+gAAAAH/8v/sBEYGIQAiADNAGwgBFQMkAAAjGBNGWRgWHh8fAAsLBkZZCwEAFQA/PysREgA5ETMYPysRATMREhc5MTAjAScuAiMiBzU2MzIWFhcBFhYzMjcVBiMiJicDJicjBgcDDgHZOh4yQzE6OUQ/W3lYNgFrEyojGyEwPUpTHZxUFgkcWP4EN6JVRiQNhRE8gpj8DDEzCnkYTFMBtPBgdNH9tgD//wCw/hQERARIAgYAdwAAAAEAAAAABAIESAAOABxADAkKCgAQDwUOFQkADwA/Mj85ERIBOTkRMzEwETMTFhYXMzYSETMQAgcjrNsaUxAIsZ+mz+G6BEj9skPuPq8BvQFR/pX+BOEAAQBx/m8DoAYUADEASUAnBBktHx0cEwwMKAAcHyUZBzIzHDABMAFHWTAwECYpJSYlRlkmABAjAD8/KxEAMxESORgvKxESADkREgEXOREzETMRMxEzMTABIyIGFRQeAhcWFhUUBgcjNjY1NCYnJiY1NDY3NSY1NDY3BiMjNSEVIyIGBhUUFjMzA1aysNUyX4dUjoc2Q5w1QnOPyMeegNmLpoBzRAK6M4Lgf6evqgLyso5QYj0kEh1uWkGVY0eTNDc9GSLIsIzSJwxA2XWeMgyNg1CQX3Ns//8Ac//sBGIEXAIGAFIAAAABABn/7AT0BEgAFQA2QB0KCwcTEAMTCw0FFhcSCQ0PDUZZDw8LFQUARlkFFgA/KwAYPz8rEQAzMxESARc5ETMRMzEwJTI3FQYjIjURIREjESM1NyEVIxEUFgR9JjArVNv+I6bdjwRM1TN1EoMY/QLR/EYDukpEjv08SjcAAgCm/hQEYgRcABAAHAA2QBsVCQkKGgAKAB0eBgMODhFGWQ4QChsDF0ZZAxYAPysAGD8/KxESADkREgE5OREzETMRMzEwARAAIyInIxYVESMREBIzMhIlIgYVERYzMjY1NCYEYv8A6bN4CAio++rb/P4hnpd6t5+YkAIl/vH+1l491P7bBB8BCgEf/tGiz9H+rmbQ3tbUAAABAHP+bwOiBFwAIAAuQBcOBwAVFQcbAyIhBBISGAsYHkZZGBALIwA/PysREgA5ETMREgEXOREzETMxMAEUFhYXFhYVFAYHIzY2NTQmJicmJjUQADMyFhcHJiMiBgEfO4+glIM2Q5w2QzNuYczDART4T542NYJysKoCCoeEUCIga1pCmF9GlDIoLyYSJf7bAR4BNiEYjTPaAAIAc//sBLYESAANABkAMEAZFAAOBwcMAAsEGxoMFwkXRlkJDwQRRlkEFgA/KwAYPysRADMREgEXOREzETMxMAEUBgYjIgA1ECEhFSEWARQWMzI2NRAnIyIGBGB75Zrr/vgCUAHz/viy/L+qoZ+rrkHeyAH8nfGCASD+Aj6Op/73wtHFtgEOutAAAAEAEv/nA5MESAATACxAFwMPAAkPEQQUFQIRExFGWRMPDAVGWQwWAD8rABg/KxEAMxESARc5ETMxMAEVIREUMzI2NxUGBiMiJjURITU3A5P+UM0vYhsjbzC1qv7XlARIjv2W3w0HfQ8SqqoCf0pEAAABAKT/7ARxBEgAFQAlQBEMEwYDEwMXFg8EDwAJRlkAFgA/KwAYPzMREgE5OREzETMxMAUiJhERMxEUFjMyNjU0JiczFhYVEAACc+fopp6Zp6EcIqYkHP7+FPoBCgJY/bDAw+77guCIkNaM/sL+1AAAAgBz/hQFTARcABgAIgBBQCMKBCAYGAwAGRMTAAcEBCMkEBxGWRAQBg8gDAEMRlkXARYAGwA/PzMrEQAzGD8/KxESARc5ETMRMzMRMxEzMTABESQAERA3FwYGFRAFETQ2MzISFRQCBgcRATQmIyIGFRE2NgKD/vz+9M+DWVEBaKaVtNqI+KUBeXxmSU6zxv4UAdoLASMBDwEo/Vp14Hz+dSMCbLu+/tv6sv77kAj+JgQnudt4cv2SEOwAAf/s/hQEUAROACAAOUAhDgcIBRUYHgciFyEFGAgVBAYXGxEMRlkRGwYPABxGWQAPAD8rABg/PysAGD8SFzkRATMSFzkxMBMyFhYXEwEzARMWFjMyNxUGIyImJwMBIwEDJiYjIgc1NrI2Tj4skQE+tP5UvjBSPy0tPDtzjTuW/payAdCsJkYrJRsxBE4rW3D+jwJh/Pz+HHpKCIEPdp8Bg/1oA0QBvGNQC4ERAAEApP4UBYcGEgAaAD1AHxYTAQ4OGQ8ECgoPEwMbHBoABxQPARkQGUZZDRAWDxsAPz8zKxEAMxg/Mz8REgEXOREzETMzETMRMzEwARE2NjU0JiczEhUQAAURIxEkABERMxEUFhcRA1q8yxolpj/+4/7wpP74/vamtLgGEvppD+fMeOuo/vD0/uz+zhD+JgHaCQEiARACH/3bw9oNBZkAAQBz/+wFvARIACcAPUAeCgMmExMQGSAgEAMDKCkmEREAHAYPFg0ADUZZIwAWAD8yKxEAMxg/MxI5LzkREgEXOREzETMSOREzMTAFIgI1NBI3MwYGFRQWMzI2NREzERQWMzI2NTQCJzMWEhUUAiMiJyMGAfS2yzdErEQ5eGteaaFqXWt4N0WsQTnLttxECUEUASj+nAEBmZz/ncHYj30BN/7JgIzYwZcBBJ2S/vmd/P7Wtrb//wAJ/+wCkwXTAiYBhgAAAQcAav7UAAAACrQCASURJgArNTX//wCk/+wEcQXTAiYBkgAAAQYAajkAAAq0AgErESYAKzU1//8Ac//sBGIGcwImAFIAAAEGAVQhAAAIswIiESYAKzX//wCk/+wEcQZzAiYBkgAAAQYBVCcAAAizAR8RJgArNf//AHP/7AW8BnMCJgGWAAABBwFUAMkAAAAIswExESYAKzX//wDJAAAD+AclAiYAKAAAAQcAagAnAVIACrQCASEFJgArNTUAAQAS/+wFQgW2AB0ARkAmFg4ODwgbGxQCDxEFHh8WDUlZFhYPEhUREhFJWRIDDxIABUlZABMAPysAGD8/KxEAMxESORgvKxESARc5ETMRMxEzMTAFIic1FjMyNjU1NCYjIREjESE1IRUhESEyFhUVFAYDz2A2N1tlaIOM/oOq/rADt/5DAYzN3cQUFpYTfHCDgHH9GwUfl5f+Xr+yj77T//8AyQAAA/gHcwImAWEAAAEHAHYAWgFSAAizAQ8FJgArNQABAH3/7ATjBc0AGAA4QB4GAxEWDAURBBkaAwZJWQMDDhQUAElZFAQOCUlZDhMAPysAGD8rERIAORgvKxESARc5ETMzMTABIgQHIRUhEgAzMjcVBiMgABEQACEyFwcmA0Li/vMeAtP9KQoBC/miyaHi/rT+ogF5AU7tskepBTP68Zb+7v7jN5U5AYQBbQFfAZFYlFL//wBq/+wEAgXLAgYANgAA//8AVAAAAlYFtgIGACwAAP//ADwAAAJvByUCJgAsAAABBwBq/wcBUgAKtAIBIQUmACs1Nf///2D+fwFoBbYCBgAtAAAAAgAA/+kHIwW2ABoAIwBHQCYYGxsEHwAABA0DJCUYI0lZGBgLFhYGSVkWAwsQSlkLEgQbSlkEEgA/KwAYPysAGD8rERIAORgvKxESARc5ETMRMxEzMTABFAQhIREhAgIGBiMiJzUWMzI+AhITIREzIAEzMjY1NCYjIwcj/u3+/P65/pM5VFCLa0VAMj8wQSs3REECpnoCOv1Mhca3wNxmAarO3AUf/kj99vt5GY8aPmf6Ab4B4v2Q/U2LjIp8AAIAyQAAB1QFtgARABoASkAmCwcHCA8SEgwEFgAABAgDGxwaBgsGSVkPCwsEDQkDCBIEEkpZBBIAPysAGD8/MxI5LzMrEQAzERIBFzkRMxEzMxEzETMRMzEwARQEISERIREjETMRIREzETMgATMyNjU0JiMjB1T+8P77/rf9faqqAoOseQI5/U6FxLnB22YBqs7cArD9UAW2/ZICbv2Q/U2LjIl9AAABABIAAAVCBbYAEwA6QB8ADAwNBgUFEg0PBBQVEw8QD0lZAAtJWQAADRADBg0SAD8zPxI5LysrEQAzERIBFzkRMxEzETMxMAEhMhYVESMRNCYjIREjESE1IRUhAgwBkM3Zqn2M/n2q/rAD9v4EA328tf30AfZ+cf0bBR+Xl///AMkAAATlB3MCJgG0AAABBwB2AKIBUgAIswEUBSYAKzX//wAb/+wE+AdeAiYBvQAAAQcCNgBEAVIACLMBFwUmACs1AAEAyf6DBQwFtgALADBAGAgFAgMJAAADBQMMDQoGAwUISVkBBRIDIgA/PzMrABg/MxESARc5ETMRMxEzMTAhIREjESERMxEhETMFDP4vsP4+qgLvqv6DAX0FtvrkBRwA//8AAAAABRAFvAIGACQAAAACAMkAAAR9BbYADQAWAD1AIBIACQ4OBAQHAAMYFwkWSVkJCQQFBQhJWQUDBA5KWQQSAD8rABg/KxESADkYLysREgEXOREzETMRMzEwARQEISERIRUhETMyFhYBMzI2NTQmIyMEff79/vv+VANe/UzjwfJ0/Pbvvq2w288BqtrQBbaX/idZrv5UgpWOeAD//wDJAAAEvgW2AgYAJQAA//8AyQAAA/gFtgIGAWEAAAACAA7+gwVKBbYADQATAENAJAQFEwcQCg4MAQAADAoHBQUUFQoQSVkKAwEFIhMMBgMGSVkDEgA/KxEAMzMYPzM/KxESARc5ETMRMxEzETMRMzEwASMRIREjETMSEhMhETMhESEGAgcFSqL8CKJxmtsMApG5/p3+sxLOif6DAX3+gwIXAQMC5gEz+uQEg/L9WeoA//8AyQAAA/gFtgIGACgAAAABAAIAAAa8BbYAEQA8QB8GDQ0DDgoJCAEOABEHEhMPDAkGAwAAAQ4LERIHBAEDAD8zMz8zMxI5ETMzMzMzERIBFzkRMzMRMzEwAQEzAREzEQEzAQEjAREjEQEjAlb9wb4COaQCOr79wAJSxP26pP27xwLwAsb9PALE/TwCxP08/Q4C5f0bAuX9GwABAEr/7AQ1BcsAKABDQCQcABMHBwADFyMMBikqAxgXGBdKWRgYCiYmH0pZJgQKEEpZChMAPysAGD8rERIAORgvKxESADkREgEXOREzETMxMAEUBgcVFhYVFAQhIic1FhYzMjY1NCYjIzUzMjY1NCYjIgYHJzY2MzIWBBm3obe9/s7+6f+jYN9nxsvh39rRzeGiiW6ydVRl+4fh/wRgkLQYCBm0kc3lT54uMpaNhoqPk4RrgDJKcktNxQABAMsAAAVSBbYADwA0QBgOAgIPBgkJCA8IEBEFBAwNBA0JDxIGAAMAPzI/Mzk5ETMRMxESATk5ETMRMxEzETMxMBMzERQHMwEzESMRNDcjASPLnw4IAzS6oBEJ/Mu6Bbb80+G2BMT6SgMlyd37NQD//wDLAAAFUgdeAiYBsgAAAQcCNgDhAVIACLMBEAUmACs1AAEAyQAABOUFtgAKAC1AFgcDAwQACQoEBAsMCgcCBwQIBQMBBBIAPzM/MxI5OREzERIBFzkRMxEzMTAhIwERIxEzEQEzAQTlzv1cqqoCk8P9eQLl/RsFtv08AsT9OgABAAD/5wTZBbYAEwAtQBgDEgEAABIKAxQVEgNJWRIDCA1KWQgTARIAPz8rABg/KxESARc5ETMRMzEwISMRIQcCAgYnIic1FjMyNjYSEyEE2ar+JR89XZh+Sjs2OzVPPV04AxIFH/D+If5FrgIZjxpX1wJZAbj//wDJAAAGcQW2AgYAMAAA//8AyQAABR8FtgIGACsAAP//AH3/7AW+Bc0CBgAyAAD//wDJAAAFDAW2AgYBbgAA//8AyQAABGgFtgIGADMAAP//AH3/7ATPBcsCBgAmAAD//wASAAAEWgW2AgYANwAAAAEAG//sBPgFtgAWACpAFRIIAgkEFxgODQgNABEJAwAFSVkAEwA/KwAYPzMSOTkRMxESARc5MTAFIic1FjMyNjcBMwEWFzM2NwEzAQ4CASVvVF1gboVC/ce8AbAZDggcCwFntP4tVIepFB6mK2WLBEH8wTEvVBYDNfvqu6pP//8Aav/sBfgFywIGAXMAAP//AAgAAASWBbYCBgA7AAAAAQDJ/oMFuAW2AAsAMkAZCAUJAAMCAgAFAwwNCgYDAAgFCElZBRIDIgA/PysRADMYPzMREgEXOREzETMRMzEwJTMRIxEhETMRIREzBQysofuyqgLvqpr96QF9Bbb65AUcAAABAKoAAATHBbYAEwAtQBYLCBEBAQAIABQVBQ5JWQUFARIJAwESAD8/MxI5LysREgE5OREzETMRMzEwISMRBgYjIiY1ETMRFBYzMjY3ETMEx6qVxmrP36p/j2GxqaoCXDUnvrMCRf3PeXQdNwLKAAEAyQAAB3kFtgALADFAGAQBCAUJAAAFAQMMDQoGAgMIBAEESVkBEgA/KxEAMxg/MzMREgEXOREzETMRMzEwISERMxEhETMRIREzB3n5UKoCWKoCWKwFtvrkBRz65AUcAAEAyf6DCAQFtgAPADtAHgMABwQICw4NDQsEAAQQEQ4iCQUBAwsHAwADSVkAEgA/KxEAMzMYPzMzPxESARc5ETMRMxEzETMxMDMRMxEhETMRIREzETMRIxHJqgJHrAJIqqyiBbb65AUc+uQFHPrk/ekBfQAAAgASAAAFFwW2AAwAFQA9QCAJDQ0EEQAABAYDFhcJFUlZCQkEBwcGSVkHAwQNSlkEEgA/KwAYPysREgA5GC8rERIBFzkRMxEzETMxMAEUBCMhESE1IREzIAQBMzI2NTQmIyMFF/79+f5H/rAB+vQBBQES/PX8tamvy+ABqs7cBR+X/ZDN/hqLjIh+AAADAMkAAAYKBbYACgATABcAP0AgAwsLAA8HFRQUBwADGBkVEgMTSVkDAwAWAQMAC0pZABIAPysAGD8zEjkvKwAYPxESARc5ETMRMxEzETMxMDMRMxEzIAQVFAQjJTMyNjU0JiMjASMRM8mq7wEFARL+/fn+9ve1qrPI2wSXqqoFtv2Qzc/O3JGNjIl7/VIFtgACAMkAAAS6BbYACgASADJAGQcLCwQOAAQAExQHEklZBwcEBQMEC0pZBBIAPysAGD8SOS8rERIBOTkRMxEzETMxMAEUBCMhETMRISAEASEgETQmIyEEuv7x+/4ZqgEjAQsBGfy5ASsBbLvO/vIBqsvfBbb9kNP+IAEXh38AAQA9/+wEiQXLABoAOkAfGBUVCQkWDwMEGxwXFklZFxcMBQwSSVkMEwUASVkFBAA/KwAYPysREgA5GC8rERIBFzkRMxEzMTABIgcnNjMyBBIVEAAhIic1FhYzIAATITUhJgAB06yiSKzs2QE5ov6U/qrjnFOsYwEPARQI/TECzRb+8QUzTJBUsP663f6I/mw5lRUiASEBEJjlAQIAAgDJ/+wH5wXNABIAHgBHQCYMCAgJEw0GGQAABgkDHyAQHElZEAQMB0lZDAwJCgMJEgMWSVkDEwA/KwAYPz8SOS8rABg/KxESARc5ETMRMzMRMxEzMTABEAAhIAADIREjETMRIRIAISAAARASMzISERACIyICB+f+q/7Q/tP+qwv+nqqqAWQXAVEBHwEzAVb7oO7n6u3r6OnwAt3+nv5xAW8BVf1QBbb9kgE3AU7+b/6h/tj+zAEyASoBKgEu/s8AAgAzAAAETgW2AA0AFQA9QCAVDAwLEgYCBgMLBBcWABRKWQMJAAACCQkPSlkJAwwCEgA/Mz8rERIAORgvEjkrERIBFzkRMxEzETMxMAEBIwEmJjU0JCEhESMRESMiBhUQITMCe/6ByQGaoZIBDwETAZKq47e+AXvdAmL9ngJ/M8+exNP6SgJiAsF+jv7d//8AXv/sA80EWgIGAEQAAAACAHf/7ARUBiEAFwAiADtAHhoSIAsAAAYSAyQjDAsPHEZZCw8PFQUVGEZZFRYFAQA/PysREgA5GC85KxEAMxESARc5ETMzETMxMBMQEjckNxcEBwYGBzM2NjMyEhUQACMiAAUgERAhIgYGBxASd9TmAR7aH/6llZGRBww+xGvK4v766uf++gH8ATH+60yNdSCmApEBaAGTMj0mkjoiIfbUVGD++uj+//7fAWLXAYUBcz9oN/75/u0AAwCwAAAETARIAA4AFgAfAElAJhwUFAsXAA8HBwADCwQgIQQcExwTRlkcHAsMDBtGWQwPCxRGWQsVAD8rABg/KxESADkYLysREgA5ERIBFzkRMxEzETMRMzEwARQGBxUWFhUUBiMhESEgAzQmIyERISADNCYjIREhMjYEKXtvjIHh2P4dAeEBmIOHnP7TATEBHx97ff7HARmafgM1a28TCRN+b5mmBEj9AllR/pcCmlBD/stMAAABALAAAANEBEgABQAdQA4CAwADBwYEAUZZBA8DFQA/PysREgE5OREzMTABIREjESEDRP4SpgKUA7r8RgRIAAIAKf6FBGgESAANABMAQ0AkBAUTBxAKDgwBAAAMCgcFBRQVChBHWQoPAQUiEwwGAwZGWQMVAD8rEQAzMxg/Mz8rERIBFzkRMxEzETMRMxEzMTABIxEhESMRMzYSEyERMyERIwYCBwRoof0CoFaGmAMCK53+w/YNkWz+hQF7/oUCCrYB6gEZ/EcDNt7+OZEA//8Ac//sBBIEXAIGAEgAAAABAAQAAAXfBEYAEQA8QB8CCQkRCgYEBQoODw0HExIRCwgFAg4ODQMADw8KBw0VAD8zMz8zMxI5ETMzMzMzERIBFzkRMzMRMzEwATMRATMBASMBESMRASMBATMBAqSZAcW2/jYB8cD+Hpn+H78B8P43tgHDBEb97QIT/e39zQIr/dUCK/3VAjMCE/3tAAEARP/sA38EXAAiAE1AKwINHhMTDQ8hCBgGIyQQIiEiIUZZDyIfIgILAyIiFgoWG0ZZFhYKBEZZChAAPysAGD8rERIAORgvX15dKxESADkREgEXOREzETMxMAEgNTQjIgYHJzYzMhYVFAcVFhYVFAYjIic1FjMyNjU0ISM1AYEBN/xNfmY7qsm92s1+dPXY7YG3u5CT/smYAoGsohwqh0ybhrg5CCWJZ5ipR5hWY12/jQABALAAAARiBEgADQA0QBkIBAcHBgsDAwwGDA8OAwoMBA0PDBUHFQQPAD8/Pz8REjk5ERIBOTkRMxEzETMRMzMxMAERBwcBMxEjETc3ASMRAUwHAwJRz5sDBf2wzwRI/Um2OQOm+7gCnoSC/FwESAD//wCwAAAEYgYMAiYB0gAAAQYCNj0AAAizAQ4RJgArNQABALAAAAQMBEgACgAtQBYKBgYHAwECBwQMCwIKBQoHAAgPBAcVAD8zPzMSOTkRMxESARc5ETMRMzEwATMBASMBESMRMxEDL7b+JwIAwv4MpqYESP3v/ckCK/3VBEj96wABABD/8gPhBEgAEAAtQBgBAAMPCg8AAxIRDwNGWQ8PBwxHWQcWARUAPz8rABg/KxESARc5ETMRMzEwISMRIQICBiMiJzUWMzISEyED4aj+txtgmXY2IBYcc4gjAoEDuv6c/l7CDHsGAeYB7wABALAAAAUvBEYAFAA1QBkDBgYFEg8PEAUQFhUHDgAOCwMRDwYQFQsVAD8/Mz8zEjk5ETMREgE5OREzETMRMxEzMTAlNzcBMxEjEQcHASMBJicRIxEzARYC6R8rASnTkxQ6/uWL/uU1FJTLAR8roF12AtP7ugOJOpn9SgK4hkv8dwRG/UluAAEAsAAABGIESAALADlAHgIGBgUBCQkKBQoNDAEIRlkvAT8BAgEBCgMLDwYKFQA/Mz8zEjkvXSsREgE5OREzETMRMxEzMTABESERMxEjESERIxEBVgJmpqb9mqYESP41Acv7uAHu/hIESP//AHP/7ARiBFwCBgBSAAAAAQCwAAAESARIAAcAI0ARAAEFBAEECAkCB0ZZAg8FARUAPzM/KxESATk5ETMRMzEwISMRIREjESEBVqYDmKj9tgRI+7gDuAD//wCw/hQEdQRcAgYAUwAA//8Ac//sA4sEXAIGAEYAAAABACkAAAOTBEgABwAkQBICAwADBQMICQEFBgVGWQYPAxUAPz8rEQAzERIBFzkRMzEwASERIxEhNSEDk/6cpv6gA2oDuvxGA7qO//8AAv4UBAYESAIGAFwAAAADAHH+FAVGBhQAEQAYAB4ATEAnEgkcDwQEFQwFGQAABQkDHyANABsWDBZGWQ8MEBwVBhVGWQMGFgUbAD8/MysRADMYPzMrEQAzGD8REgEXOREzETMzMxEzMxEzMTABFAAHESMRJgA1NAA3ETMRFgAFFBYXEQYGBRAlETY2BUb+5f6k+P7gAR//nvsBHvvZsMC5twN7/pO+rwIl+f7ZFf4kAdwTAS70+QEmFAG8/kQX/tTwwNoSA1QRz8gBfyf8rhPa//8AJwAABAgESAIGAFsAAAABALD+hQTdBEgACwAyQBkGAwcKAQAACgMDDA0IBA8KBgMGRlkDFQEiAD8/KxEAMxg/MxESARc5ETMRMxEzMTABIxEhETMRIREzETME3ab8eaYCRqab/oUBewRI/EcDufxHAAEAnAAABC0ESAASAC1AFgYKCgkBEQkRFBMDDkZZAwMKBxIPChUAPz8zEjkvKxESATk5ETMRMxEzMTABERQzMjY3ETMRIxEGBiMiJjURAULbW6ZppqZps3GkugRI/nDAOEMB1fu4AfBIO6yTAZwAAQCwAAAGbwRIAAsAMUAYCAUACQEEBAkFAwwNCgIGDwAIBQhGWQUVAD8rEQAzGD8zMxESARc5ETMRMxEzMTAlIREzESERMxEhETMD4QHmqPpBpgHlpo8Dufu4BEj8RwO5AAABALD+hwcKBEYADwA7QB4MCQANAQQHBgYEDQkEEBEOAgoPBAAMCQxGWQkVByIAPz8rEQAzMxg/MzMREgEXOREzETMRMxEzMTAlIREzETMRIxEhETMRIREzA+EB5qadqPpOpgHlpo8Dt/xJ/fgBeQRG/EkDtwAAAgApAAAFHQRIAAwAFAA9QCAAEhIIDQQECAoDFRYAEUZZAAAICwsKRlkLDwgSRlkIFQA/KwAYPysREgA5GC8rERIBFzkRMxEzETMxMAEhMhYVFAYjIREhNSEBNCYjIREhIAItATng19/c/iX+ogIEAkx8nf7NATkBEwKDmpumqAO6jvz8XVP+lwAAAwCwAAAFeQRIAAoADgAWAD9AIAAQEAgEEwwLCxMIAxcYDBUAD0ZZAAAIDQkPCBBGWQgVAD8rABg/MxI5LysAGD8REgEXOREzETMRMxEzMTABITIWFRQGIyERMwEjETMBESEgNTQmIwFWASvRydXP/jmmBCOmpvvdARkBCHqTAoObmqWpBEj7uARI/az+l7lcVAACALAAAARMBEgACQASADJAGQ8DAAsLBwMHFBMACkZZAAAHCA8HC0ZZBxUAPysAGD8SOS8rERIBOTkRMxEzETMxMAEhIBEUBiMhETMRESEyNjU0JiMBVgFSAaTb0/4SpgFAhIyBlAKD/suirARI/az+l1xdW1UAAQA5/+wDfQRcABoAREAmDAkJGBgKEgIEGxwLCkZZDwsfCwILAwsLABUVD0ZZFRAABkZZABYAPysAGD8rERIAORgvX15dKxESARc5ETMRMzEwBSInNRYWMzI2NyE1ISYmIyIHJzY2MyAAERAAAVandjyMW669Cv3VAikQqaFnly83pFABAAEK/t8UOZMXJLq5jaygNowaI/7b/uz+8/7WAAIAsP/sBjMEXAASAB4AUUAtDAgICRMNBhkAAAYJAx8gEBxGWRAQDAdGWQ8MHwwCCwMMDAkKDwkVAxZGWQMWAD8rABg/PxI5L19eXSsAGD8rERIBFzkRMxEzMxEzETMxMAEQACMiAichESMRMxEhNjYzMgABFBYzMjY1NCYjIgYGM/7/4NX6Dv7hpqYBIRT8z9wBAfzukqGelZKhoZICJf7z/tQBC/f+EgRI/jXk+/7P/vrT29XZ0tjYAAIAJQAAA8EESAANABQAPUAgEQsLCg4FAQUCCgQWFQ0QRlkCCA0NAQgIE0ZZCA8LARUAPzM/KxESADkYLxI5KxESARc5ETMRMxEzMTAzIwEmJjU0NjMhESMRIQEUISERISLnwgE7f4fKtQHopv7r/vYBFAEL/tPyAc8coXqWrPu4AbYBTr4Bcv//AHP/7AQSBdMCJgBIAAABBgBqCAAACrQDAjARJgArNTUAAQAU/hQERAYUACcAZkA6HRsXDw8UEAclJRkCEBIFKCkeHSELRlkaEhMSR1kXEw8THxMvEwMJAx0hExMhHQMQFQAQFQAFRlkAGwA/KwAYPz8SFzkvLy9fXl0RMysRADMrEQAzERIBFzkRMxEzMxEzMzMxMAEiJzUWMzI1ETQmIyIGFREjESM1MzUzFSEVIRUUBzM2NjMyFhURFAYDL080OjeBeoKtnaicnKYBkf5vCAoxtXTJyYn+FBmJFKoDUoaEvNP95wTbf7q6f8RUOE9bv9L8tpyq//8AsAAAA0QGIQImAc0AAAEGAHbxAAAIswEPESYAKzUAAQBz/+wDqgRcABkAREAmDxISAwkYEQMEGhsPEkZZDw8fDwILAw8PAAYGDEZZBhAAFUZZABYAPysAGD8rERIAORgvX15dKxESARc5ETMRMzEwBSIAERAAMzIWFwcmIyIGByEVIRYWMzI3FQYCefj+8gET+1KeOTGPbaSqEAIp/dUJqqeMl3QUASMBEAETASogGY0zo6mNvrU7kzn//wBq/+wDcwRcAgYAVgAA//8AogAAAWYF3wIGAEwAAP///+wAAAIfBdMCJgDzAAABBwBq/rcAAAAKtAIBGREmACs1Nf///5H+FAFmBd8CBgBNAAAAAgAQ//IGQgRIABUAHQBMQCkJFAAbGwcWBAQHFA4EHh8AGkZZAAAMFBQJRlkUDwwRR1kMFQcbRlkHFQA/KwAYPysAGD8rERIAORgvKxESARc5ETMRMxEzETMxMAEzMhYVECEhESECAiMiJzUWMzISEyEBNCYjIxEzIAOw9NPL/kv+Zf7+KLWrOCAWHHOIIwJQAex9nuftARUCg5ua/rIDuv36/j4MewYB5gHv/PxbVf6XAAIAsAAABqQERgARABkASkAmDwsLDAETExAIFgUFCAwDGhsSCg8KRlkBDw8IEQ0PDBUIE0ZZCBUAPysAGD8/MxI5LzMrEQAzERIBFzkRMxEzMxEzETMRMzEwAREhMhYVECEhESERIxEzESERExEzIDU0JiMEAAEA2cv+Tv5g/gqsrAH6pvABFICZBEb+O5ma/rIB7v4SBEb+NwHJ/a7+l7lcVAD//wAUAAAERAYUAgYA6QAA//8AsAAABAwGIQImAdQAAAEGAHYzAAAIswEUESYAKzX//wAC/hQEBgYMAiYAXAAAAQYCNrcAAAizARYRJgArNQABALD+hwRGBEYACwAyQBkEAQoLBQgICwEDDA0LIgYCDwkBAQRGWQEVAD8rEQAzGD8zPxESARc5ETMRMxEzMTAhIREzESERMxEhESMCL/6BpgJKpv6PpgRG/EkDt/u6/ocAAAEAyQAABAgG4wAHACNAEQADBQYDBgkIBwRJWQEHAwYSAD8/xisREgE5OREzETMxMAERMxEhESMRA2ai/WuqBbYBLf46+uMFtgAAAQCwAAADRAWJAAcAJ0ASBQACAwADCQgGBAQBR1kEDwMVAD8/KwAYEMYREgE5OREzETMxMAEhESMRIREzA0T+EqYB7qYDx/w5BEgBQQD//wAbAAAHTAdzAiYAOgAAAQcAQwEXAVIACLMBGwUmACs1//8AFwAABiMGIQImAFoAAAEGAENzAAAIswEeESYAKzX//wAbAAAHTAdzAiYAOgAAAQcAdgGwAVIACLMBIwUmACs1//8AFwAABiMGIQImAFoAAAEHAHYBGwAAAAizASYRJgArNf//ABsAAAdMByUCJgA6AAABBwBqAWQBUgAKtAIBLwUmACs1Nf//ABcAAAYjBdMCJgBaAAABBwBqAM8AAAAKtAIBMhEmACs1Nf//AAAAAAR7B3MCJgA8AAABBwBD/5QBUgAIswEKBSYAKzX//wAC/hQEBgYhAiYAXAAAAQcAQ/9hAAAACLMBFxEmACs1AAEAUgHZA64CcQADABG1AAIEBQABAC8zERIBOTkxMBM1IRVSA1wB2ZiYAAEAUgHZB64CcQADABG1AAIEBQABAC8zERIBOTkxMBM1IRVSB1wB2ZiY//8AUgHZB64CcQIGAgMAAAAC//z+MQNO/9MAAwAHABxACwQACQUBAQgFBgIBAC8zLzMRATMRMxEzMjEwASE1ITUhNSEDTvyuA1L8rgNS/jGLjIsAAAEAGQPBAUQFtgAHABK2AQUICQAEAwA/zRESATk5MTATJzYSNzMGByUMFmI4e0IlA8EWWgEMef73AAABABkDwQFEBbYABwAStgUBCAkFBwMAP8YREgE5OTEwARcGAgcjEjcBNQ8aYjV6RiAFthZk/vdyAR3YAP//AD/++AFtAO4CBgAPAAAAAQAZA8EBRgW2AAcAErYCBgkIAwcDAD/NERIBOTkxMBMWFyMmAic33yVCey1tGA4Ftvv6XgEcZRYAAAIAGQPBArQFtgAHAA8AGkAMBAENCQQQEQAIAwwDAD8zzTIREgEXOTEwASc2EzMGAgchJzYSNzMGBwGWDzh6ex47Df3XDBZiOHtCJQPBFtcBCHP+32EWWgEMef73AAACABkDwQK0BbYABwAQABpADAkNAQUEERINBRAHAwA/M8YyERIBFzkxMAEXBgIHIxI3IRcGAgcjNhI3ATUPGmI1ekYgAicOGGA4fRpCDQW2FmT+93IBHdgWW/72emQBNF0A//8AGf75ArQA7gEHAgsAAPs4ACC3AQAHQA0NSAe4/8CzDAxIB7j/wLMJCUgHABErKys1NQABAHsAAAOJBhQACwBDQCEJAgIIAwoBAQcEAAQDBQQMDQAFBQsGBgcIAAEEBAoHAxIAPy4zMxEzPxI5LzMzETMREgEXOREzMxEzETMzETMxMAElEyMTBTUFAzMDJQOJ/qAxxDH+tAFMMcQxAWAD5x/7+gQGH6oeAaH+Xx4AAQB7AAADmgYUABUAdUA6DAcVEAQEDwoFFBEAAwMOCwkGEwEBBgUHBBYXAQgIAgcDBgYACRQLCxEOEwwMEgkODQcNBw0FDwAFEgA/PxI5OS8vEjk5MjIRMxEzMxEzETMzETMRMzMRMxESARc5ETMRMzMzMxEzMzMRMzMzETMzETMxMAElFSUTIxMFNQUDEwU1BQMzAyUVJRMCOQFh/p8xxjH+pgFaKyv+pgFaMcYxAWH+nysB5x+oHf6FAXsdqB8BKwEbH6geAXz+hB6oH/7lAAEApAH0Al4D4wALABO2BgAADA0JAwAvzRESATkRMzEwEzQ2MzIWFRQGIyImpHFsaXRzamtyAux5fnx7d4GDAP//AJj/4wWuAPIAJgARAAAAJwARAhIAAAAHABEEJQAAAAcAZP/sCTsFywAJABQAGAAkAC8AOwBGAFtAMAAQBQowQjY8GSsfJSUrPBVCChcQCEdIHDMzKD8ZAw0iOTktRA1EDUQXGAYXGAcSBwA/Mz8/Ejk5Ly8RMzMRMxEzPzMzETMREgEXOREzETMRMxEzETMRMzEwExQWMzIRECMiBgUUBiMiJjUQITIWJQEjAQEUFjMyNjU0JiMiBgUUBiMiJjUQITIWBRQWMzI2NTQmIyIGBRQGIyImNRAhMhbsU120tF1TAe2hnJWjATiYpQJp/NWUAysCoFNdW1lZW11TAe2im5SjATeWp/s4UV1bWVlbXVEB66KblaMBOJanBAKqqgFUAVKoqubn7t8ByfDb+koFtvwCq6mnraulpavm5u/dAcns3aupp62rpaWr5ubu3gHJ7AD//wCFA6YBPwW2AgYACgAA//8AhQOmArAFtgAGAAUAAAABAFIAdQIfA74ABgAaQAoEAgMGAgYIBwUBAC8vERIBOTkRMxEzMTATARcBAQcBUgFWd/7fASF3/qoCJwGXRf6i/qFHAZcAAQBQAHUCHQO+AAYAGkAKAwAEAgACCAcFAQAvLxESATk5ETMRMzEwAQEnAQE3AQId/qh1AR/+4XUBWAIM/mlHAV8BXkX+aQD//wCY/+MDSgW2ACYABAAAAAcABAHBAAAAAf55AAACjwW2AAMAE7cABQIEAwMCEgA/PxEBMxEzMTABASMBAo/8eY8DhwW2+koFtgABAG0DIQLDBccAEgAmQBEAEgwICAkSCRQTBA8fAAkKHwA/zTI/MxESATk5ETMRMxEzMTABETQmIyIGFREjETMXMzYzIBURAkxOUHJbdGAOCkuRAQIDIQGkVEdpev6kAplYZfr+VAABAGIAAAQjBbYAEQBLQCgOAAQECQULEAIFBwUSEwMHCAdOWQAIDhFMWQgOCA4FCgoNTFkKBgUYAD8/KxESADk5GC8vKxEAMysRADMREgEXOREzMxEzMzEwASEVIREjESM1MxEhFSERIRUhAbgBNP7MprCwAxH9lQJE/bwBi4H+9gEKgQQrl/3plwABAEQAAARIBckAJQBwQEANCRERIh4aCw8VAg8aHCAXByYnEBwdHE5ZDR0MICEgTlkJIQ8hHyE/IU8hBAkDHSEdIRcAFxRMWRcYAAVLWQAHAD8rABg/KxESADk5GC8vX15dETMrEQAzETMrEQAzERIBFzkRMxEzMzMRMzMxMAEyFwcmIyIGFRUhFSEVIRUhFRQGByEVITU2NTUjNTM1IzUzNTQ2ArDJnjyYk3p+AaT+XAGk/lxBSgMb+/zOyMjIyOAFyVCDR4eBuoGmgSFkiCyajTDzI4Gmgc+yzQAAAwCa/+wF0QW2ABYAIQAqAGBANyIcHB0mFxAUFA0JAhIJFwsdBissGyJLWRATTlkDGwsQDg4QCxsDBR0eHipLWR4GHRgGAE1ZBhkAPysAGD8/KxESABc5GC8vLy8vKysREgEXOREzMxEzETMRMxEzMTAlMjY3FQYjIiY1ESM1NzczFTMVIxEUFgEUBCEjESMRISAWATMyNjU0JiMjBU4iVgs8bm2BnZ0+Yt3dNP6R/uv+9kClAQYBAP79oTTIuay3UnUOBH0eiIoBz1BFv9OB/kdNUgOX4+r9wQW20/3ukaKRjgAAAQA//+wEiQXLACYAcUA/HRcfFhYaCwIHBxokEQQKGhcGJygLFxgXTlkIGAUdHh1OWQIeDx4fHi8eAwkDGB4YHhMiIgBMWSIHEw5MWRMZAD8rABg/KxESADk5GC8vX15dETMrEQAzETMrEQAzERIBFzkRMxEzMxEzETMRMzEwASADIRUhBxUXIRUhFhYzMjcVBiMiAAMjNTMnNTcjNTMSADMyFwcmAxv+wU8B/v30AgIBz/5BJcuqnJmSq+3+3y6mmAICmKQnASTtyaVHpgU1/m2BOUAtgbTFQpZBAQ0BAYEqLFCBAQUBJGGLVgAEAI3/+AYKBcEAAwAPABcAKwBFQCQlGyAqEAoUBAQACioCGwYsLSMeBhIHGBYNJxgNGA0YAgMGAhgAPz8SOTkvLxEzETM/Mz8zERIBFzkRMxEzETMRMzEwAQEjAQEUBiMiJjU0NjMyFgUUMzI1NCMiJSImNTQ2MzIXByYjIhUUMzI3FQYFH/zVlAMrAX+plIuqp5SNqv4VsrCwsv3Kpra8q2hYIVFQ4NxiWk4FtvpKBbb7mJ+3uZ2euLqc7u7r27GhqLMjZx/u6yFlJQACAHf/7AOcBcsAHAAkAD1AHyMaGg8JHRYDFgkMBCUmIw8NGQoFDBMCDAIMBh8TAAYALzMvMxI5OS8vERIXORESARc5ETMRMzMRMzEwJTI3MwYGIyImNTUGBzU2NxE0NjMyFhUUAgcRFBYTNCMiBhURJAJ9rhJfCJmOlqBgYE5ylod1h86vUq5/Qz4BAG/VprK1qfMjFnEVJgHyip+hirn+0Er+5Wh7BCvCVmz+S4kAAAQAyQAAB8MFtgAPABsAJwArAF9AMQkGBgcBDQ0AHBYiEBArKBYABwYsLR8TJRkLKBMDGQgTGRMZKAgoKUpZKBIOCAMBBxIAPzM/Mz8rERIAOTkYLy8REjkREjkRMxEzERIBFzkRMxEzETMRMxEzETMxMCEjASMSFREjETMBMyY1ETMBFAYjIiY1NDYzMhYFFBYzMjY1NCYjIgYDNSEVBMe7/UwIEJfCAqoIDpgC/KGTi6Khk4ui/iJRXVtPT1tcUlYCAATL/uBs/MEFtvs69YoDR/y3o7i7oKO1u51ydnVzc3Bw/SCHhwACACUC5QWFBbYABwAYAE9AJwABDwwMDREUFBMTDQYBAwUZGhcWCQoKEQ4OBAcDAwQQCAgUDQEEAwA/xDIyOS8zETMRMxEzETMzETMzMxESARc5ETMRMxEzETMRMzEwASMRIzUhFSMBAyMXESMRMxMTMxEjETcjAwFxe9ECH9MCWMkIBne7xMu0fwYI0wLlAmdqav2ZAi+B/lIC0f3RAi/9LwGkif3TAP//AFAAAAX0Bc0CBgF2AAAAAgBm/90EiwRIABcAHwA0QBofDg4EGAwMFQQDICENFC8fPx8CHx8RHAgRAAAvMi8zEjkvXTkzERIBFzkRMxEzETMxMAUiJgI1NDY2MzIWEhUhERYWMzI2NxcGBhMRJiYjIgcRAnmd8YWK9JWY84f8xTGmUoO3UUhi2ZMyo1iteiOTAQWdq/+Mjv79pf6cNUZpgSmbfAKLARU1QnX+6f//AEf/7AXzBbYAJwIXAlwAAAAmAHv7AAEHAkADYP2zAAu0BAMCGRkAPzU1NQD//wAg/+wGCAXJACcCFwKiAAAAJwJAA3X9swEGAHX/AAALtAEDAg4ZAD81NTUA//8AR//sBgQFtgAnAhcCnAAAACYCPQwAAQcCQANx/bMAC7QEAwIsGQA/NTU1AP//AGr/7AYABbYAJwIXAkYAAAAnAkADbf2zAQYCPzEAAAu0AQMCDhkAPzU1NQAAAgBm/+wENQXHABoAKABBQCImBx8PDwAAFAcDKSoLIkdZDgQLCxgEGBFGWRgDBBtGWQQWAD8rABg/KxESADkYLxI5KxESARc5ETMRMxEzMTABEAIEIyImNTQSNjMyFhc3ECEiBgc1NjYzMhIBMjYSNyYmIyIGBhUUFgQ1p/7sray7iOiXYZIrBP7mPpAwL5tK0tj9ol+meBYZgFBlpWVlA6b++v416cnAqQEzoV1LWgGVLCGfFyX+7PvGkAEDlmFshPqAdoIAAgAnAAAEbQW2AAUADAAoQBMJBQoEBQQODQYFAQUJSVkFEgEDAD8/KxESADkREgE5OREzETMxMDcBMwEVIQEGBwEhASYnAc+mAdH7ugIhPSj+/ALR/v5EaAVO+rBmBPThefz+AvnKAAABAMn+EAUhBbYABwAjQBEABwMEBwQJCAUCSVkFAwAEGwA/Mz8rERIBOTkRMxEzMTABESERIxEhEQR3/PyqBFj+EAcN+PMHpvhaAAEATP4QBN0FtgALADFAGgcJCQMACAIKBgIABAwNBAdJWQQDAAlJWQAbAD8rABg/KxESARc5ETMRMzMRMzEwEzUBATUhFSEBASEVTAJ3/ZkEQPywAkP9pAOq/hBrA5wDM2yX/Pz8jZgAAQBoAo0EKQMXAAMAFUAJAgAFBAEAUFkBAC8rERIBOTkxMBM1IRVoA8ECjYqKAAEAJf/yBLwGmAAIABxACwgKAwkDBgQEAQgBAC8vEjkvOTMRATMRMzEwBSMBIzUhEwEzAm9//um0ASHrAgKJDgMOh/1UBb0AAAMAdwGTBS0EDAAVACEALQAzQBgfDCsAACUZDAQuLyIcHBEGCRMPKBYWAwkALzMzETMvMxI5OTMRMxESARc5ETMRMzEwARQGIyImJwYGIyImNTQ2MzIXNjMyFgEyNjcmJiMiBhUUFgEiBgcWFjMyNjU0JgUtp4BdmUE8mViDqKiDtXp8uYWi/H1CbTYybUhMZGECoUJtNzNuR0xkZQLPg7lqdGhxrY6Gs9vXr/67W2RhXWlXU2oBeVxiYV5rVFVpAAEADP4UAvgGFAAUABxADAgSAhINAxUWEAsFAAAvMi8zERIBFzkRMzEwATIXFSYjIhURFAYjIic1FjMyNREQAn1PLDE+sKWjSjs9OrYGFBCJFvP64bC7E4cW8wUfAWoAAAIAYgGHBC0EHwAXAC8AcEBAKA8bAw8DMTAnHh4YUFkPHh8eLx4DCQMeKkAqJFBZGypADwYGAFBZDwYfBi8GAwkDBhJAEgxQWQMAEhASIBIDEgAvXcQrABoYEM1fXl0rABAYxBrexCsAGhgQzV9eXSsAEBjEERIBOTkRMxEzMTABIgYHNTYzMhYXFhYzMjY3FQYjIiYnJiYDIgYHNTYzMhYXFhYzMjY3FQYjIiYnJiYBUDZ/OWyUQ3BYTVstNYA2ZZlDb1hJWzE5gDVqlkV0UkVfMTeBM2SaRXZPVFUCAEA5lm4cJSEZQjmXbR0lHhkBlkQ1lW0gIh0aQjeWbiAhIhgAAAEAaACmBCkFAgATAEZAJgUBEAsLCQoOBAATAQgUFQ0FBgVQWQoIDwYBCQMGDgIBAlBZEhEBAC8zxCsRADMYL19eXcYzKxEAMxESARc5ETMRMzEwASE1IRMhNSETFwchFSEDIRUhAycBff7rAVR//i0CE4d9bQEX/qqBAdf96YN9AcGJARCJAR855on+8In+5Tf//wBoAAEEKQTZAiYAHwAAAQcCKwAA/XQACbMBAAcSAD81NQD//wBoAAEEKQTZAiYAIQAAAQcCKwAA/XQACbMBAAcSAD81NQAAAgBvAAAEPQXDAAUACQAgQA0IAAYDAAMKCwkHAgUCAC8vEjk5ERIBOTkRMxEzMTATATMBASMJA28BwkgBxP48SAFi/sP+wwE9At8C5P0c/SEC4QIT/e397AD//wAdAAAEHAYfACYASQAAAAcATAK2AAD//wAdAAAEDAYfACYASQAAAAcATwK2AAAAAQDbBNkDvgYMAA0AGEAJCwMPDgoEgAcAAC8yGswyERIBOTkxMAEiJiczFhYzMjY3MwYGAki5qgqcCVtxZ2MLnQyyBNmPpGhSWGKelQAAAf+R/hQBVgRIAAwAHUANCwgIDg0JDwAFRlkAGwA/KwAYPxESATkRMzEwEyInNRYzMjY1ETMRECtfO0VDTkmm/hQZhxRVVwT8+xD+vAAAAQGJBM0CdQYUAAkAE7YJBAoLBIAJAC8azRESATk5MTABNjY3MxUGBgcjAYkTJwqoC1gvWgTlN6dREjO8RgABAXH+OwJv/4MACQATtgkECgsJgAQALxrNERIBOTkxMAE2NjczFQYGByMBcRwzB6gLYjda/lRAujUSM8FCAAEBgQTZAn8GIQAJABO2CQQKCwmABAAvGs0REgE5OTEwAQYGByM1NjY3MwJ/HTUGpg5jMVwGCD3BMRM9vzkAAgAnAjkCngXHAAsAFQAgQA4GDAARDBEXFgkTHwMOIQA/Mz8zERIBOTkRMxEzMTATFBYzMjY1NCYjIgYFECEiJjUQITIWsFJeXlZWXl5SAe7+xJ6dATuengQAqKalq6qkpan+N+zdAcXoAAIAFAJKArQFvAAKABQAPEAfFAULBwMDCQIAAgUDFRYBBQUJDxQfFAIUFAMOBx8DIAA/PzMSOS9dMzMRMxESARc5ETMzETMzETMxMAEjFSM1ITUBMxEzITU0Nw4DBwcCtH2R/m4BmIt9/vIGBRgeHguoAxTKymUCQ/3Nw4ZLDCctLRH2AAEAOwI3AokFqgAdACtAFRADHBcJFxoDBB8eEwAABhsYHg0GIQA/Mz8zEjkvMxESARc5ETMRMzEwATIWFRQGIyImJzUWFjMyNjU0JiMiBgcnEyEVIQc2AUiRsKqmSospOIw2X25tZjlMHzshAe/+gxQ+BGiPe4ybHxeDIiZTWU5YEQgpAaBo5gwAAAIAKQI5AqIFxwAXACMANkAcGxIhCwAABhIDJSQeCxUADxAPAg8PAxgVIQgDHwA/Mz8zEjkvXRI5MxESARc5ETMzETMxMBMQNjMyFxUmIyIGBzM2NjMyFhUUBiMiJgUyNjU0JiMiBhUUFinb20oxNFONlgoIHXFVfZSmjZmtAURRY1hWVXBqA8MBBf8PchKZpis7lH6QpNJjXWNPW1o7WXwAAAEAOQJKAo8FtgAGABxADQEFBQACAwcIAgMeACAAPz8zERIBFzkRMzEwEwEhNSEVAaIBXv45Alb+oAJKAvh0XvzyAAMAMwI5ApMFxwAVACIALQA/QCIWDSYTKwMcBwcDBRATDQYuLwUQICALKRspAikpGQohIwAfAD8yPzM5L10zEjk5ERIBFzkRMxEzETMRMzEwATIWFRQHFhUUBiMiJjU0NjcmJjU0NgMUFjMyNjU0JicnBgYTIgYVFBYXNjU0JgFkfJeUsKWKkp9JVUo5nTVUVlpUXVEcSEasREtEUYxOBcd2aIJMSp5xiYB0RXQuLl1EZn79ZjxJSTw/TxwKIlQB7zw5L0chNmE5PAACACMCOQKcBckAFgAiADxAHxoRIAoAAAURAyMkHQ4KCwsUDw4fDgIODgMXFB8IAyEAPzM/MxI5L10SOREzETMREgEXOREzMxEzMTABEAYjIic1FjMgEyMGBiMiJjU0NjMyFiUiBhUUFjMyNjU0JgKc2tRTMTFdARQVCiN0QYOZqYiYsP64UV9VV1RzZwRG/vL/D3QUAUYzNJKDiKXKW19XUV9VPmFyAAAWAFT+gQfBBe4ABQALABEAFwAbAB8AIwAnACsALwAzADcAOwA/AEMARwBTAFsAawB0AHwAiQD4QIdBQD08MTAPBQAMVE5YSHZrcGB6Z4WGRUQpKCUkFAoJFxeGBhI7G39nYDgYNy9rNCxIIx8gHAMRTgwZiosKACpCWlGGXHRcKUFGPmR1dWxFPYJ9VktrdmsmMiUxFQ0AQgFBPlw9bA0xMgNrDFxsa2tsXAMBLSwdHBkYExIPDDk4NTQhIAcGBAEALzMzMzMzMzMzMy8zMzMzMzMzMzMSFzkvLy8REhc5ETkSOTkROTkRMxEzETMRMxDEMsQyETMRMxI5ETMRMxEzEMTEMhEzETMREgEXOREzMzMzMzMzMzMRMxEzETMRMxEzETMRMzMzMzMzMzMzMTATESEVIxUlNSERIzUBETMVMxUhNTM1MxEhNSEVITUhFQE1IRUBIxEzESMRMwE1IRUBIxEzATUhFTM1IRUBIxEzNSMRMwEjETMFFAYjIiY1NDYzMhYFFDMyNTQjIiUzMhYVFAYHFRYWFRQGIyMTMzI2NTQmIyMVFTMyNjU0IwEiJzUWMzI1ETMRFAZUAS/ABc4BMG35AG/ABQ7Dbf1JARH74QEO/vIBDgS3bW1tbfvCARD8MG9vAsABEHcBEfqob29vbwb+bW37n4d/f4eHf36I/nOHh4eHAeGsbXAuLD0ubV7Pe0IuJCovO0oxJVoBXjQcKxlWfWkEvgEwb8HBb/7QwfkCAS/CbW3C/tFtbW1tBv5vb/qoAQ4CAgEP+jttbQGmAQ4ESm9vb2/8LwEQeQEP/WgBEEmRnJyRkpuak8XFxGFDUzFCCAgORDVRWQFiIiAiHeOaKyVK/voKZghWAZL+cl9jAAADAFT+wQeqBhQAAwAeACoALkAZAQsXJQQeHxEDCSssKB4UDiIeDg4eIgMCAAAvLxc5Ly8vETMRMxESARc5MTAJAwU1NDY3NjY1NCYjIgYHFzYzMhYVFAYHBgYVFQMUFjMyNjU0JiMiBgP+A6z8VPxWA+ssQWdJu6VPukdSoFo/PjFIVDsbR0ZCSUhDSEUGFPxW/FcDqfsvMkExUn5Yh5o4KrJQOi81SzZEcEo7/u0/SEk+QElI////kf4UAlcGIQImAjcAAAEHAUz+qQAAAAizARgRJgArNf//ABkDwQFEBbYCBgIHAAAAAgAK/+wE3wYrAC0ANgBmQDkbBxcLNCUuHx8rAi0CJQsHEgY3OBQOR1kAIS4hR1krLg8uHy4CCQMULhQuBSgoMUZZKAEFHUZZBRYAPysAGD8rERIAOTkYLy9fXl0RMysRADMrERIBFzkRMzMRMxEzETMRMzEwARYVEAAhIBE0NzY1NCYjIgYHJzYzMhYVFAcGFRQzIBE0JyYkJjU0NjMyABMzFSUmAiMiBhUUBARWBP7g/v3+dxAPJCAZNg8hU19YXQ8Q6QF3BN/+yaC2qNABACqP/scct3tdYQETA04uQf6f/m4BWDl7ehcvIw8JdiddXSODhDrPAnA/LAJpvIOQo/7N/teBgdMBAF9LjZoAAQAAAAAEewXDABUAKEAUERIHEhQDFhcAEhQDEhIFCkpZBQQAPysAGD8/EjkREgEXOREzMTABEhI2NjMyFxUmIyIOAwcRIxEBMwI5eo1NXDowKBofKDtWfGUfrP4jugLNASMBN2wwD4cGOKH87FX94wIvA4cAAAIAEv/sBncESAAUACkATEAnGAMSISEeJw0KDR4DBgUqKxMfHwAIFQsGCAZGWQgPJBsAG0ZZEAAWAD8yKxEAMxg/KxEAMzMREjkYLzkREgEXOREzETMSOREzMTAFIiY1NBMhNTchFSMWFRQGIyInIwYBBgIVFBYzMjY1NTMVFBYzMjY1NCcCKbrHh/7jjgXX+nXIud1ECET+zz9CbHVdbKJrXXVtbxTn8PABB0pEjvz78Oe2tgPOhP7+Z66oj328vHqSqa3+7wD//wDJAAAGcQd1AiYAMAAAAQcAdgGcAVQACLMBHQUmACs1//8AsAAABssGIQImAFAAAAEHAHYBzQAAAAizAS0RJgArNf//AAD91QUQBbwCJgAkAAAABwJbATUAAP//AF791QPNBFoCJgBEAAAABwJbAMcAAP///t//7AXSBc0AJgAyFAABBwJc/kcAAAAJswMCGgMAPzU1AAACAHX91QI1/4MACwAXAB5ADBIGDAAGABgZFQMPCQAvM8wyERIBOTkRMxEzMTABFAYjIiY1NDYzMhYHNCYjIgYVFBYzMjYCNX1mZXh4ZWV+bkIzM0I8OTVA/q5heHViYnV2YTk8PDk4PT0AAgCYBGgCzwXFAAgAFwAeQA4OCQMIDBMJBRgZAgsIFQAvxNzGERIBFzkRMzEwATY3MxUGBgcjJTQ3FQYVFB4CFRQjIiYBsEYcvSl3MU7+6O15HyUfXTdDBIe1ehROrDl2oz1IKTUUExAaHEpEAP//AB0AAAbTBh8AJwBJArAAAAAmAEkAAAAHAEwFbQAA//8AHQAABsMGHwAnAEkCsAAAACYASQAAAAcATwVtAAAAAgB9/+wGZAYUABUAIQA8QB8WBg8RERwAABQLBgQiIxQLAwkJH0lZDwkEAxlJWQMTAD8rABg/xisREgA5ORESARc5ETMzETMRMzEwARAAISAAERAAISAXPgI1MxcGBgcWARASMzISERACIyICBbz+nf7G/r3+oQFhAUMBRbMyOhu2Dh2DaGD7dfr08/b18vP9At3+nv5xAYkBagFoAYbXDENmaRabrSew/v7+1v7OATEBKwEnATH+0QAAAgBz/+wFGQTwABYAIgA8QB8XBxASEh0AABUMBwQjJBUMAwoKIEZZEAoQAxpGWQMWAD8rABg/xisREgA5ORESARc5ETMzETMRMzEwARAAIyImAjUQADMyFz4CNTMXBgYHFgUUFjMyNjU0JiMiBgRi/vLuk+R8AQzu2YkzOhq0Dx95Zkf8vZ6tr52fr62cAiX+9P7TigECrQEMASuND0FjbhecryaKudPb29PS2NgAAQC6/+wGewYUABsAM0AYBQcHAQsUEQsRHRwKAQ4bBRIDDhdJWQ4TAD8rABg/xjMSOTkREgE5OREzETMzETMxMAEVPgI1MxcGBgcREAAhIAA1ETMRFBYzMjY1EQUZOkYftQ4hrJX+4f74/vT+1KrMxrjBBbbGCD5wbha2uBn9jf7+/uoBH/0DrvxGt8TBvAO4AAABAKT/7AWWBPIAHQBEQCIBHA0PDxMUBwcKExwTHh8VFgoSFgMUDQgdDxkERlkZFhQVAD8/KwAYPzPGEhc5ETMREgE5OREzMxEzETMRMxEzMTABERQWMzI2NREzFTY2NTMXBgYHESMnIwYGIyImNREBTHqCrJ+mUkqyDyCwjYkYCTS1b8vIBEb9O4aEvNUCPnkLgJoXur8O/KyTUlW+0QLLAP///FME2f3cBiEABwBD+soAAP///Q0E2f6WBiEABwB2+4QAAP///BkE2f8BBd0ABwFS+xEAAAAB/QgEuP5zBo8AEQAeQAwCBQUNDQgAABMLEAQAL8wyEQEzETMzEjkRMzEwARQHByMnNjY1NCYjIgc1NjMg/nOmCmkMVk5DST4gJkUBAAXXjCJxsA4yKyspBmQKAAH9O/6g/gL/fQALABG1BgAADQkDAC/NEQEzETMxMAU0NjMyFhUUBiMiJv07OyooOjooKjvyOTY2OTc3NwD//wDJAAAD+AdzAiYAKAAAAQcAQ//YAVIACLMBDQUmACs1//8AywAABVIHcwImAbIAAAEHAEMAaAFSAAizAREFJgArNf//AHP/7AQSBiECJgBIAAABBgBDtwAACLMCHBEmACs1//8AsAAABGIGIQImAdIAAAEGAEPcAAAIswEPESYAKzUAAQCF/+wHkQXJADEARUAkIhYqJy8JCQQnGxYFMjMAHxkfSVkQKCgTBhkELCUTJUlZDBMTAD8zKxEAMxg/MxI5LzkrEQAzERIBFzkRMxEzETMxMAEiBgcnNjMyABEQACMiJicjBgYjIAAREBIzMhcHJiYjIgIREBIzMjcRMxEWMzISERACBaQ8Xi1FfpbkAQH+5f9srFMIUKlr/wD+5f/kmXxGLV08k6XPu4tmqmaOu86lBS8pH5JQ/oj+rf6N/mEtMzIuAZsBdwFTAXhQkh8p/tf+9v7T/rJMAcn+N0wBSwEwAQsBKAABAAAAAAYdBEgAHQAoQBYXAA0OBQUeHxsVDQASCgQEFg4FDwQVAD8/MzMSFzk/ERIBFzkxMAEGBgMjATMTFhczNjYTAzMAFhczNhIRMxACByMDJgMnChSz1f5/rPYgLggTSo6ssgEJLQoIrZmmw9u2fSEByRoz/oQESP1JXb01owEkAdX8/5AsuAGzAVL+lv4H5QFaXAACABcAAAT8BhQAEQAaAExAKAgEEhIBDxYLCwYPAAQbHAcRABFJWQQACBpJWQAIAAgPAgAPEkpZDxIAPysAGD8SOTkvLysRADMrEQAzERIBFzkRMxEzMxEzMzEwEyERMxEhFSERMyARFAQhIREhATMyNjU0JiMjFwE/rAGi/l7JAjH+9/77/mj+wQHr1cC1utq2BPoBGv7mlP7g/mTQ2gRm/CuJkIp6AAACABcAAAScBScAEQAZAEdAJgQAExMPCxYHBwILDQQaGwMNDg1GWQQSRlkEBAsQAA4PCxNGWQsVAD8rABg/M8YSOS8rKxEAMxESARc5ETMRMzMRMzMxMAEhFSERISARFAYjIREjNTM1MxERISA1NCYjAagBWP6oAT8Btd/c/iHr66YBMQEfh5wESIz+xf7NpqgDvIzf/M3+l7lcVAABAMn/7AchBcsAIABKQCkXExMUBhgdDAUYERQGISIbAElZGwQGEhcSSVkDFxcUFQMUEg4JSVkOEwA/KwAYPz8SOS8zKxEAMxg/KxESARc5ETMRMxEzMTABIgQHIRUhEgAzMjcVBiMgAAMhESMRMxEhEgAlMhcHJiYFj+P+/B8Cv/09CAEJ95rCmN7+wf6lCP6iqqoBZB4BcQEw1bZIZJ0FM/rxlv7v/uI3lTkBcAFU/VAFtv2SATMBTgJckjAmAAABALD/7AWcBFwAIQBZQDIWGRkKAwkFBQYQIBgDBgUiIw0TRlkNEBkECQRGWRYPCR8JAgsDCQkGBw8GFQAcRlkAFgA/KwAYPz8SOS9fXl0zKxEAMxg/KxESARc5ETMRMxEzMxEzMTAFIgAnIREjETMRITYkMzIWFwcmIyIGByEVIRYWMzI2NxUGBHfr/vQL/uGmpgEhGAEN31GaNjKKZaOnEAIY/eYJqaQ9d2JuFAEK+P4SBEj+M+v2IBmNM6Sqjby1FiWTOQACAAAAAAVtBbYACwASADRAGwIDBwwDDQoFFBMBBQwFSVkQCAwMBwgDCwMHEgA/MzM/EjkvEjkrEQAzERIBFzkRMzEwASMRIxEjASMBMwEjASEnJicGBwOYlJyV/t+yAmieAme3/VwBTFI4HhhAAqr9VgKq/VYFtvpKAz/PkGRipAAAAgAKAAAEeQRIAAsAEgA1QBwFBgoMBg0DAQYUEwQIDAhGWRELDAwKCw8GAgoVAD8zMz8SOS8SOSsRADMREgEXOREzMTABASMDIxEjESMDIwEDISYmJyMGAqgB0azPcZdzzawB0SEBDys4IgkcBEj7uAHp/hcB6f4XBEj+LWyKalwAAAIAyQAAB14FtgATABoARkAlDgoKCwIDEhUDFAgHCwcbHAUBCQ4JSVkUGAwODgsQDAMTBwMLEgA/MzMzPzMSOS8SOTMrEQAzMxESARc5ETMRMxEzMTABIxEjESMBIwEhESMRMxEhATMBIwEhAiYnBgYFhY+ak/7jugEi/l+qqgHhAQaeAma8/WYBPnYcDBMjArD9UAKw/VACsP1QBbb9kgJu+koDSAE1Vi9DaAACALAAAAYUBEgAEwAZAE1AKxENDQ4FBgEZBhgLCg4HGhsIBAwRDEZZGBUTLxE/EQIREQ4TDw8PCgYCDhUAPzMzMz8/EjkvXRI5MysRADMzERIBFzkRMxEzETMxMAEBIwMjESMRIwMjEyERIxEzESETFyMGBgchBEYBzqrQcZhu0azR/t+mpgFexWgICiBZAQwESPu4Ae7+EgHu/hIB7v4SBEj+MwHNcyJf2QAAAgAUAAAFrgW2AB8AIgBLQCggAQ8QIR4eHRACAQcGJCMeASEfHyFJWQ4SHRJKWSICHR0YHwMQCBgSAD8zMz8SOS8zMysRADMrERIAOTkREgEXOREzETMRMzEwARUBHgIXEyMDLgIjIxEjESMiBgYHAyMTPgI3ATUFIQEFKf5adppkMoWuiSNEZVkbqhpbY0Egh7mIL2OVdv5lA779CgF7BbaF/hEGSIuk/jsByW9gJv1CAr4nX2/+NwHFn45JBwHvhZn+OQAAAgAMAAAFFARIACAAIwBOQCohAQ8QIh8YHx4QAgEHByUkHwEiICAiRlkRDhIeEkdZIwIeHhggDxAIGBUAPzMzPxI5LzMzKxEAMzMrERIAOTkREgEXOREzETMRMzEwARUBHgMTIwMuAiMjESMRIyIGBgcDIxM+AzcBNQUhAQSL/q5Xb0kxm6yFIjpUTAqZC0tSOCeHqoMYMEluV/6xAyD9tAElBEhp/qAHMFBp/nEBUFdHHP32AgoaQF7+rgFQPWlPMggBYGmM/sEAAAIAyQAAB8UFtgAkACcAYUA1IR0dHiYjDxACJyUBBwEnECIbIxgeCSkoIwEkJiQmSVkSDhwhHElZJwIhIR4kAx8DGBAIHhIAPzMzMz8/EjkvMzMrEQAzMysREgA5ORESARc5ETMRMxEzETMRMxEzMTABFQEeAhcTIwMuAiMjESMRIyIGBgcDIxM2NyERIxEzESEBNQUhAQc9/l14mWUtiKiKH0ZpXxisGV5kQiGHsoc3OP5SqqoC1/5oA8H9CgF7BbaF/g4GSJCc/jsByWhjKP1EArwoX2z+NwG+uDr9UAW2/ZIB6YWZ/jcAAAIAsAAABroESAAkACcAZ0A6IR0dHiYjDxACJyUBBwEnECIbIxgeCSkoIwEkJiQmRlkSDhwhHEZZJwIvIT8hAiEhHiQPHw8YEAgeFQA/MzMzPz8SOS9dMzMrEQAzMysREgA5ORESARc5ETMRMxEzETMRMxEzMTABFQEeAxMjAy4CIyMRIxEjIgYGBwMjEzY3IREjETMRIQE1BSEBBjH+rlhvSTCbrIUiOlZKCpoKS1Q3Joeqgy8l/s2mpgI1/rADIf20ASUESGn+ngcxTmn+cgFQVkYc/fgCCBs/XP6uAVB4KP4QBEj+NQFiaYz+xwABAD/+TgQ1BtEASwCEQE0AEyE/GUZGCj83QzwqHC0oEwtMTUkWSllJEzk0MQ8uHy4vLgMJAy4qQEMdHB0cSlkdHRA8KiokSlkqBAoJSVkKEBADSVkQIwwHSVkMIgA/KwAYPysAGBDGKwAYPysRADMSORgvKxESADkaGBDdX15dOcQyPysREgEXOREzETMRMzEwFxQWMzI3NjMyFxUmIyIHBiMiJjU0Njc2NjUQISM1MzI2NTQmIyIGByc2NyYnJzUzFhc2NjMyFxUmIyIGBxYWFRQGBxUWFhUUBAUGBvBXWWF4eEabR1CgRGlpabO42ejMtf5A2tHN4aKJartuVqi+OXUxe1yDXINAMjAYKyxvMLLBv6q6y/7l/uaKhok3MgcGJ6YzBQV9hX6BCQiKjQEMj5OEa4A3RXJyHEJ5NBs7iHNWDnEKUkcXvY+MuBoIGLKQ0NUJBTcAAAEAGf57A38FTgBGAINAThcpNgsuEBAgCwMOCD4yQDwpC0dIRD5BAAVHWQAPQR9BL0EDCQNBPiYaRlkjHUZZDjMyMzJGWSYjMzMjJgMgPj44RlkIPhAgIhMsR1kTFgA/KwAYPz8zKxESABc5GC8vLysREgA5KysAGBDUX15dxCsREgA5ERIBFzkRMxEzETMxMAEyFxUmIyIGBxYWFRQHFRYVFAYHDgIVFBYzMjc3MhcVJiYjBwYjIiY1NDY3JDU0JiMjNTMgNTQjIgYHJzY3Jic1MxYXNjYC+DMtGCkvZy16jNP48uFdbTBLWVZ6r30nFVQ3s4JckJ++tAFOnJ+UdwE3/EqPWDt8flxne0uMWIYFTg9wCk8+HIpruDkIR8qUqAMCFyosMSsFBSePExgFBXdwdH0DBL5hWo2soiIkhzcPdWIbNIluVf//AG0AAAXyBbYCBgF1AAD//wCk/hQFhwYSAgYBlQAAAAMAff/sBb4FzQALABIAGQBHQCUWEBAGFw8PAAYAGhsWEElZDxYBCwMWFgMJCRNJWQkEAwxJWQMTAD8rABg/KxESADkYL19eXSsREgE5OREzETMRMxEzMTABEAAhIAAREAAhIAABMhITIRISEyICAyEmAgW+/p3+xP69/qEBYAFEATsBYv1h5fcN/CsN+ejg+xMD0xH0At3+of5uAYsBaAFlAYn+cPxEAREBDP71/u4EtP7+/wD+AQQAAAMAc//sBGIEXAAMABMAGgBJQCcXEREHGBAQAAcAGxwXEUZZDxcfFwILAxcXAwoKFEZZChADDUZZAxYAPysAGD8rERIAORgvX15dKxESATk5ETMRMxEzETMxMAEQACMiJgI1EAAzMgABMjY3IRYWEyIGByEmJgRi/vLuk+R8AQzu5gEP/giepAr9aQmgoJyeDQKTD6ECJf70/tOKAQKtAQwBK/7O/U24v7q9A1itp6isAAABAAAAAAVIBcMAFQAgQBAGFhMXEQBKWREECgUGAwUSAD8/Ejk/KxEBMxI5MTABIgYHASMBMwEWFzY3Ez4CMzIXFSYE4TtOOf64xf3utAFSSCMgRqI7VG5ZKk84BTdntfvlBbb8VsePkN8CBr+YQRONFAABAAAAAAQ9BFIAFgAeQA8BFw8YDRJHWQ0QBQEPABUAPz85PysRATMSOTEwIQEzExIXMzYTEz4CMzIXFSYjIgYHAwGW/mqu4WQTCBdSYCVHW1QtHh0mLzoc+ARI/Zv+9GR2AQsBNXp7NAp/CFRc/N///wAAAAAFSAdzAiYCgAAAAQcDdgTXAVIACrQCASEFJgArNTX//wAAAAAEPQYhAiYCgQAAAQcDdgRkAAAACrQCASIRJgArNTUAAwB9/hQJogXNAAsAFwAuAERAJgwGEgAhLicYAAYGLzAlKkpZJRsdHBwDIBgPCRVJWQkEAw9JWQMTAD8rABg/KwAYPzMSOREzPysREgEXOREzETMxMAEQACEgABEQACEgAAEQEjMyEhEQAiMiAiUzExYXMzY2EzMBBgYjIic1FjMyNjc3BVT+uf7c/tf+vQFDASwBIwFF+93f2drd3Nja4QRvsPZOFAgLU+Sw/itFvIhMSjdCXnUjPQLd/qD+bwGLAWgBZgGI/nD+oP7X/s0BMQErASkBL/7SQf2Lz2Ys+wKD+yC2nhGFDGdZnP//AHP+FAh7BFwAJgBSAAAABwBcBHUAAAACAH3/hwYQBi0AEwAoAFFAKhQKJg0HESIiAxwfAAAcBxcKBSkqJCImDSZJWREPDQMcGhcHF0lZBQMHEgA/MzMrEQAzMxg/MzMrEQAzMxESARc5ETMRMzMRMxEzMxEzMTABEAAFBiMiJyQAERAAJTYzMhcEAAEUEhc2NjMyFzYSNTQCJwYjIicGAgYQ/tH++Bp3fBT+9P7RASsBEBR8eRYBDAEt+yHKvRFJNm4fvcrKvR9ucR+9ygLd/tL+cyxvbykBigE2ATEBhSxsbCz+c/7V9P7PKTAmVikBMfT0AS8nWFYn/tMAAAIAc/+TBM8EtAAXAC0AUEAqGAwPCSsbJRUDIwAAAyAbCQwGLi8oJSsPK0ZZFRIPECAeGwkbRlkGAwkVAD8zMysRADMzGD8zMysRADMzERIBFzkRMxEzMxEzETMRMzEwARQCBwYGIyImJyYCNTQSNzY2MzIWFxYSBRQWFzY2MzIXNjY1ECUGBiMiJicGBgTP4MwJQDg5PQnL5eDQCD45OEAJyuL8UH2JDDw1ZxiGfP78DT0zNTwMiX0CJen+3yU2LSs4JAEm5ekBICQ4Kis5Jv7c4bHSHyoiSh/SrwFgPiogICwf0QAAAwB9/+wHfwg7ABUARQBUAFVALkM3HysrASZGS1BIPAw3ClVWFQICBwcQDFJASDoiQDpASVkoOgQcFjQWSVkuNBMAPzMrEQAzGD8zKxEAMxgQ1hrc1M0yEjkvMxESARc5ETMRMzEwARUjIi4CIyIGFRUjNTQ2MzIeAjMBMjY3FhYzMhIREAIjIgYHJzYzMgAREAAhIiYnBgYjIAAREAAzMhcHJiYjIgIREBIBFAc1NjU0LgI1NDMyFgWiEVSOeGYrLzx9dHA6cHeFTv0oWKs9N6tdvNKlkzxfK0Z5muQBAf7g/v1oqkxLp27+/P7jAQHkmnlGK148lKXSAoDteB8kH1w4QwfHeSQrJDQzEBxnbiQsJPi6Qj85SAFOAS0BCwEoKx+SUv6I/q3+jP5iKDAtKwGdAXUBVQF2UpIfK/7Z/vT+0f60BmiiPUgpNRQSERocSUQAAAMAc//sBgQHBgAqAD8ATgBcQDMTBxwoKCwiQEUNSkI2BwpPUDI6Py0tNkxCCkAfEAoQRlkCF0ZZAgQlChAaFQQVRlkABBYAPzMrEQAzGD8zEjkrKxEAMxoYEN7c1DIRM80yERIBFzkRMxEzMTAFIicGIyICERASMzIWFwcmIyIGFRAhMjcWFjMgETQmIyIHJzY2MzISERACAxUjIi4CIyIVFSM1NDYzMh4CMwUUBzU2NTQuAjU0MzIWBCuUXlyP4frPuj53KDlZR3RtATF7cD5vQwEtbnNHWTkodz67zvdREFSPeGUra31zcDpxdoNO/vDudx4kHlw4QxRBQQEjAQ4BFwEoIBmLM9bW/l5QKiYBotbWM4sZIP7X/ur+9f7aBqV4JCokZhEfZG8lKyXdoT5IKDgUEREZG0pEAAACAF7/7Ad/BwQADQBAAF9ANDAkOTY+FxcBEjYpDCQHQUIOLSctSVkeNzchJwUJCQ1ACQ9IDQcDC0AUJwQ7MyEzSVkaIRMAPzMrEQAzGD8zGt4yMs0rMhEzERI5LzkrEQAzERIBFzkRMxEzETMxMAEVByMnIwcjJyMHIyc1ASIGByc2MzISERAAISImJyMGBiMgABEQADMyFwcmJiMiAhEQEjMyNjcRMxEWMzISERACBYtQIDK6MSExvC8hUANDPF0tRnyZ5P/+4v79dKxMCU6scP78/uMBAeWWfkYtXTyTpdK+QYIzqmaRvNSlBwQbrGdnZ2esG/4rKR+SUP6I/q3+i/5jMDAxLwGgAXIBVQF2UJIfKf7X/vb+0f60JiYByf43TAFKATEBCwEoAAACAAAAAAYdBaQADQAqAD9AJCQBDhobDBIHKywoFQ4fFgMREgUJCQ1ACQ9IDQcDCyMbEg8RFQA/PzMz3jIyzSsyETMREhc5PxESARc5MTABFQcjJyMHIycjByMnNQEHAyMBMxMWFzM2NhMDMwAWFzM2EhEzEAIHIwMmBLZSHjK8MR8xvDIeUAGsJ6rV/n+s9icpCAwjuqyyAQktCgitmabD27Z9IQWkG6xnZ2dnrBv8JV/+lgRI/UlvqyNRAYgB1fz/kCy4AbMBUv6W/gflAVpcAAABAH3+FATjBcsAFwAtQBgDDwkKFQoPAxgZEwBJWRMEDAZJWQwTChsAPz8rABg/KxESARc5ETMRMzEwASIAERAAITI3ESMRIyAAETQSJDMyFwcmA0j1/uABCgECbzmqFP61/p+vAUjY7apHqwUz/sD+6P7a/tQX/XQB2AGEAW3gAVa4VJJOAAEAc/4UA6IEXAAYAC9AGA8DFxYJFgMDGRoXGwYMRlkGEAASRlkAFgA/KwAYPysAGD8REgEXOREzETMxMAUiABEQADMyFhcHJiMiBhUUFjMyNjcRIxECdf7+/AER+0+kMDGOaLGrq6s1UDmmFAEfARIBFAErIheNM83d3MgRGv1uAdgAAAEAav/8BHUFBgATAC9AIQQCCAMGABEHChANEgwODhUUEwADEQYPBRAHDQoJDAsBEgA/zRc5ERIBFzkxMAEDJxMlNwUTJTcFExcDBQclAwUHAgK2ebb+4UIBIc3+30MBIbl2uAEhRP7hzAEeQQE5/sNDAUKmc6gBZKZ1qAE9Q/7ApnOm/p6ocwABAMsEkQOsBbQAEwAeQAwABgoQBhAUFQMADQkALzMzMhESATk5ETMRMzEwAQYGIyImNTQ2MyE2NjMyFhUUBiMBhwYqMDMpKjYBwQYrLzMtLDYE8C0yMjU1KS4wMTM4KAABAPgE5QPbBdcAEwAcQAsHEhUUABISDASACQAvGswyMxEzERIBOTkxMAEyNzYzMhYVFSM1NCMiDgIjIzUBBHiWlVFvdH1qK2Z5jlQQBWI7Om9kHxFmJCskeQABAd8E1wLNBjUADgAYQAoKAAwFAAMPEAMNAC/MERIBFzkRMzEwATQ2MzIVFA4CFRQXFSYB30M4XB4kHnfuBbg4RUwbGRASFDYoSkAAAQHhBNcCzwY1AA4AGEAKBQAACgIDDxAMAgAvzBESARc5ETMxMAEUBzU2NTQuAjU0MzIWAs/udx4kHlw4QwW4oUBKKDYUEhAZG0xFAAgAKf7BB8EFkQAMABoAKAA2AEQAUgBfAG0AgEBJXyhEWiI+DBoHFFI2bUwwZxBubwAHOkhIQU9FRD5MVmNjXGpmX1ptHiwsJTMvIigDNhAXB09Mam0zNhcXNjNtakxPBwgJDRQDCQAvMy8zEhc5Ly8vLy8vLy8RMxEXMxEzMxEzETMzMxEzMxEzETMzMxEzMxEzETMREgEXOTEwASYmIyIGByM2MzIWFwMmJiMiBgcjNjYzMhYXASYmIyIGByM2NjMyFhchJiYjIgYHIzY2MzIWFwEmJiMiBgcjNjYzMhYXISYmIyIGByM2NjMyFhcBJiYjIgYHIzYzMhYXISYmIyIGByM2NjMyFhcEbwU8RU4yBUsLxV1xB08FPEVOMgVLBWRnXHMGAfQFPEROMgVMBWVnXHMG+y8FPEROMgVMBWVnXHMGBDEFPEROMgVMBWVnXHMG+y8FPEROMgVMBWVnXHMGBPAFPEROMwVLC8Zccwb5vgU8RE4yBUwFZWdccwYEzywsKS/CZV358iwsKS9ZaWZcARYtKycxWmlmXS0rJzFaaWZdA9stKycxWmlmXS0rJzFaaWZd/hksLCgwwmhaLSsnMVpoZlwAAAgAKf5/B30F0wAHAA8AFwAfACcALgA1AD4ANEAlFRclID46BQEpLB8cMjUJDRA/QDsrBy42GRUdES8nDyQzDgUMBQAvLxIXORESARc5MTAFFwYGByM2NwMnNjY3MwYHATcWFhcVJicFByYmJzUWFwE3NjY3FwYHAQcGByc2NwMnJic3FhcBFxYWFwcmJicENwsRRiRhNRE7CxNJH2E0EgIjDkfIQd2B+2gOQr9P3YEDpgJDvkNFsXj86gKbqUWxeCsRUkVDe0wDahEnWhZDH4ImIw5Cv0/dgQSYDkfIQdyC/hYLE0kfYTUROwsRRiRhNREBqhAnWBlEblj8lRBZP0RuWALeAoy3RsZj/OkCRcI8RjLDNAAAAgDJ/oMGCAdeABQAIgBZQC8NCgwHDg4JEwICFBQYIAkKBSQjFBIGBRESBRIOAA4JSVkOEgwiHw8YARgcFQcAAwA/Mt4yzV0yPz8rERIAOTkRMxEzGD8REgEXOREzETMRMxEzMxEzMTATMxEUBwczATMRMwMjEyMRNDcjASMBIiYnMxYWMzI2NzMGBsmhCgQIAzS4uI/FnKATCfzJugJDuqgKmwpdbmljCZ4MtQW2/NF2zlMExvri/esBfQMlr/f7NQYrj6RsTl1dn5QAAgCw/ocFEgYMABEAHwBPQCoKBwkECwsGDwEBEBAVHQYHBSEgAw4QEQ8LBkZZCxAVCSIcDxUBFRkSBA8AP94yzV0yPz8zKwAYPxI5ORESARc5ETMRMxEzETMzETMxMAERFAcBMxEzAyMTIxE0NwEjESUiJiczFhYzMjY3MwYGAUwKAlHPsIGsfZsI/a7NAey5qgqcB1p0Z2QKnQyyBEj9aoiIA6b8R/34AXkCoJ5o/FoESJGPpGZUWmCelQACAC8AAAR9BbYAEQAZAE1AKQgEEhIBDxULCwYPEQQaGwgZSVkHEQARSVkEAAgACAAPAg8SSlkPEgIDAD8/KxESADk5GC8vETMrEQAzKxESARc5ETMRMzMRMzMxMBMzNTMVIRUhETMgERQEISERIwEzIBE0JiMjL5qqAVb+qsACSv7s/vH+b5oBRN0Be7jJ1wT8urqW/uD+ZNLYBGb8KwEZhIAAAAIAFAAABEwGFAASABoAS0AoBAAUFBAMFwgIAgwOBBscBBNGWQMODw5HWQAPBA8EDwwRAAwURlkMFQA/KwAYPxI5OS8vETMrEQAzKxESARc5ETMRMzMRMzMxMAEhFSERITIWFRQGIyERIzUzNTMRESEgNTQmIwFWASf+2QFA39fg3f4hnJymATEBH4SfBR+B/eWam6SqBJ6B9fvg/pe5XFQAAAIAyQAABHkFtgAPABwASEApEAoKCxgAAAQFAxYGFRMUCwodHhYTHBAMHEpZCRBKWQYDDAkJCwwDCxIAPz8SOS8SOTkrKxESADk5ERIBFzkRMxEzETMxMAEUBgcXBycGIyMRIxEhIAQBMzI3JzcXNjU0JiMjBHlzbHhklWaIuKoBiQESARX8+qZXTGxsjH/CysgEDH/JOZ1UwBv9wQW21/3yCo1SsEiykY4AAgCw/hQEdQRcABgAKQBVQDEdCwQHBwgnEhIVFhQlFyIkIwgKKislIhkgDxlGWQwLCwQUFwQADxAJDwgbACBGWQAWAD8rABg/Pz8SFzkRMysREgA5ORESARc5ETMRMxEzMzMxMAUiJicjFhURIxEzFzM2NjMyEhEQBxcHJwYDIgYHFRQWMzI3JzcXNjU0JgKua7E8DAymhxkIQKlt2u23c2SDR22olgKaqi8peWqBZZYUT1KUIv49BjSWWlD+1v7z/q6RnFCuGAPjussl58cMnlCqZ/nX0QAAAQAvAAAECAW2AA0APEAfAwcHDAgABQgKBA4PBgoLCklZAwsLCA0NAklZDQMIEgA/PysREgA5GC8zKxEAMxESARc5ETMzETMxMAEVIREhFSERIxEjNTMRBAj9awGo/liqmpoFtpn+Apb9dwKJlgKXAAEAEgAAA0IESAANADxAHwIGBgsHAAQHCQQODwUJCglHWQIKCgcMDAFGWQwPBxUAPz8rERIAORgvMysRADMREgEXOREzMxEzMTABIREhFSERIxEjNTMRIQNC/hQBWv6mpp6eApIDvP6of/4bAeV/AeQAAAEAyf4ABNsFtgAbAEFAIwkDAwQZDg4HFAQEHB0RF0lZERwLAElZCwsEBQUISVkFAwQSAD8/KxESADkYLysAGD8rERIBFzkRMxEzETMxMAEiBxEjESEVIRE2MyAAERAAISImJzUWMyARNAACMWRaqgNJ/WFaeQFAAVX+4v79U31Ge4kBf/8AAo8M/X0Ftpn9/Ar+rf7G/sX+pRUcmDEB/vUBBAAAAQCw/goD+gRIABsAQUAjCBkUDg4PDwISGQQdHBYLRlkWFg8QEBNGWRAPDxUABUZZABsAPysAGD8/KxESADkYLysREgEXOREzETMRMzEwASInNRYzMjY1NCYjIgcRIxEhFSERNjMgABEQAgJGkWV0e4WIsrVFSqYCmv4MUjsBEAEH5P4KPJU/ytff0BH+JQRIjv63DP7l/tn+9f7aAAABAAL+gwb4BbYAFQBNQCkGEREDEg0MDAgJEgABFQcWFxIVEhMQCQYDAAAPAQ8KSVkPEg0iBwQBAwA/MzM/PysREgA5ETMzMzMzGD8zERIBFzkRMxEzMxEzMTABATMBETMRATMBATMRIxEjAREjEQEjAlb9wb4COaQCOr79wAHatKJe/bqk/bvHAvACxv08AsT9PALE/Tz9qP3pAX0C5f0bAuX9GwAAAQAE/ocGHwRIABUAS0AoAg0NFQ4JCAgEBQ4SExEHFhcVDwwFAhISCwMAEw8OERULBkZZCxUJIgA/PysAGD8zPzMzEjkRMzMzMzMREgEXOREzETMzETMxMAEzEQEzAQEzESMRIwERIxEBIwEBMwECpJkBxbb+NgFwwaJe/h6Z/h+/AfD+N7YBwwRI/e0CE/3t/lr9+AF5Ai390wIt/dMCNQIT/e0A//8ASv5CBDUFywImAbEAAAAHA38BWAAA//8ARP5CA38EXAImAdEAAAAHA38BCAAAAAEAyf6DBSsFtgAPADtAIAwICAkDAgIODwYJBRARDwwGAwUNCgMJEgUASVkFEgMiAD8/KwAYPz8zEhc5ERIBFzkRMxEzETMxMCUzESMRIwEHESMRMxEBMwEEf6yiZv3pmaqqApfJ/bSa/ekBfQLFiP3DBbb9KwLV/YUAAQCw/oUEPQRIAA4AOkAfDgoKCwYFBQECCwQPEAIOCQMIAAwPCxUIA0ZZCBUGIgA/PysAGD8/MxIXORESARc5ETMRMxEzMTABMwEBMxEjESMBESMRMxEDL7b+JwF/sp9U/gympgRI/e/+WP32AXsCK/3VBEj96wAAAQDJAAAE6QW2ABIAOEAeBgICAwoREQcSDgwSAwQTFAgKBgAQEgYDCwQDDwMSAD8zPzMSFzkREgEXOREzMxEzETMRMzEwAQcRIxEzETcRMxUBMwEBIwERIwHwfaqqfX0Bm8v9tAJiyP5MfQKoa/3DBbb9JYsBXdMBxv2F/MUCXP7PAAEAsAAABDsESAATADpAHwYCAgMOChISBxMPDBMDBBQVCAoGARETBgMLBA8QAxUAPzM/MxIXORESARc5ETMzETMzETMRMzEwAScRIxEzETcRMxUBMwEVASMBFSMBzXempneDAQ62/jwB68L+1YEBsnn91QRI/et5AUrNAR/+JWv9/gE73QAAAQAvAAAE6QW2ABMAR0AmCAQQEAERCw4MCgYOERMGFBUHEwATSVkECwgOAxEAAAINERIJAgMAPzM/MxI5LxIXOTMrEQAzERIBFzkRMxEzMxEzMzEwEzM1MxUzFSMRATMBASMBBxEjESMvmqrd3QKVy/20AmLO/fGZqpoFBLKyl/5uAtv9hfzFAsWG/cEEbQAAAQAUAAAEGwYUABkATUArCggEFhYBFxIQBhEXGQYaGxQKDxMXFQcZABlHWQQPAB8ALwADAAACDw8CAAA/PxI5L10zKxEAMxg/MxI5ORESARc5ETMzETMzMzEwEzM1MxUhFSERBwczNzY2ATMBASMBBxEjESMUnKQBff6DAwMIEjcoAXDH/kQB2cf+fX2knAVaurp//ehbNxhKMAGF/i39iwIEav5mBNsAAQAQAAAFgwW2AA0ANUAbAgoKCwUIBgQICwQODwgCAAcLEgMDAA1JWQADAD8rABg/PzMSOTkREgEXOREzETMRMzEwEyERATMBASMBBxEjESEQAfwClsv9tAJiyf3smqr+rgW2/SUC2/2F/MUCxYj9wwUdAAABACkAAATjBEgADAA1QBsFAQEJCQoMCgQGBA4NCAIABwoVAw8ADEZZAA8APysAGD8/MxI5ORESARc5ETMRMxEzMTATIREBMwEBIwERIxEhKQICAdu2/icCAML+CqT+ogRI/esCFf3t/csCK/3VA7wAAQDJ/oMFwQW2AA8AREAkDAgICQ0FBQADAgIACQMQEQwHSVkMDAUOCgMJEgUASVkFEgMiAD8/KwAYPz8zEjkvKxESARc5ETMRMxEzETMRMzEwJTMRIxEjESERIxEzESERMwUfoqKq/P6qqgMCqpr96QF9ArD9UAW2/ZICbgAAAQCw/ocE+ARIAA8ATkArAQ0NDgIKCgUIBwcFDgMQEQEMRlkPAR8BAgsDAQEKAw8PDhUKBUZZChUIIgA/PysAGD8/MxI5L19eXSsREgEXOREzETMRMxEzETMxMAERIREzETMRIxEjESERIxEBVgJmppamlv2apgRI/jUBy/xH/fgBeQHu/hIESAAAAQDJAAAGbwW2AA0AP0AhCgYGBwsDAwIAAgcDDg8KBUlZCgoHDAwBSVkMAwgDAwcSAD8zPz8rERIAORgvKxESARc5ETMRMxEzETMxMAEhESMRIREjETMRIREhBm/+sKz9AKqqAwAB/AUd+uMCsP1QBbb9kgJuAAEAsAAABcEESAANAElAJwELCwwCCAgHBAcMAw4PDQ8BCkZZDwEfAQILAwEBAwgMFQMGRlkDDwA/KwAYPzMSOS9fXl0rABg/ERIBFzkRMxEzETMRMzEwAREhESEVIREjESERIxEBVgJmAgX+oab9mqYESP41AcuM/EQB7v4SBEgAAQDJ/gAIHQW2AB0AR0AmBAUIAAABFw0NEgEFBB4fEBVJWRAcChpJWQoKBQYGA0lZBgMBBRIAPzM/KxESADkYLysAGD8rERIBFzkRMxEzETMRMzEwISMRIREjESERNjMgABEQACEiJzUWMyARNAIjIgYHBNmq/USqBBBEfQEyAVH+5f7+nHuGfwF65ugqfxgFHfrjBbb9YQz+qP7I/sf+pjGYMQH+8gEFBwUAAAEAsP4KBqgESAAcAEdAJhESFQ0NDgcaGgIOEgQdHhcKRlkXFxITExBGWRMPDhIVAAVGWQAbAD8rABg/Mz8rERIAORgvKxESARc5ETMRMxEzETMxMAEiJzUWMzIRNCYjIgcRIxEhESMRIRE2MzIAERACBReDYW1s8KasQ0io/d+mA29LQvYBBtH+CjyVPwGh39AV/ikDuPxIBEj+Jw7+1/7n/vT+2wACAH3/rAXhBc0AKAA0AFBALBsRLyMpAAgAAxYgIxEHNTYmLEpZDDImJg4UFBlJWRQECgVJWQoODh5JWQ4TAD8rABgQxCsAGD8rERIAORgvOTkrERIBFzkRMxEzETMxMAEUAgcWMzI3FQYjIicGIyAAERAAITIXByYjIBEQEjMyNyYCNTQSMzISAzQmIyIGFRQWFzY2BbiKdEJaTj04W7KUZpD+yv6hAUkBOn9cL1Ra/jP/6zYuVlzGr7XBsGddXmddU2ZzAqa1/stWHhaZGWQkAYkBVgF4AYojkRz9nv7g/s4KZwEcoPQBCv72/v6xzMmwjP5VQ/8AAAIAc//HBNMEXAAKADUAUEAsHhMAJgYsNCwvGCQmEwc2NykIR1kNAykpDxYWG0ZZFhALMUZZCw8PIUZZDxYAPysAGBDEKwAYPysREgA5GC85OSsREgEXOREzETMRMzEwARQWFzY2NTQjIgYBIicGIyImJjUQEjMyFwcmIyIGFRQWMzI2NyY1NDYzMhYVFAYHFjMyNxUGAu5EP0RTh0hLAWaTgmB7leJ6+ONbTSU2T5yRqqQlNQaLqJeUnWteNENCMScB8l6hNSyebut9/WNNKIv+pAETATAWihPR587SCQOU4a3BvbF90UAaDokOAP//AH3+QgTPBcsCJgAmAAAABwN/AiUAAP//AHP+QgOLBFwCJgBGAAAABwN/AYMAAAABABD+gwRaBbYACwAyQBsGCwgJAwkLAQQMDQsGSVkLEgkiBQECAUlZAgMAPysRADMYPz8rERIBFzkRMxEzMTABITUhFSERMxEjESMB3/4xBEr+MaKirAUdmZn7ff3pAX0AAAEAKf6HA5EESAALADRAGwYLCAkDCQsBBAwNCSIFAQIBRlkCDwsGRlkLFQA/KwAYPysRADMYPxESARc5ETMRMzEwASE1IRUhETMRIxEjAYn+oANo/p6WppYDvIyM/NP9+AF5AP//AAAAAAR7BbYCBgA8AAAAAQAA/hQEAgRIAA0AKUAUAAEMAQMDDg8IBw0HAgsDDwIVARsAPz8/MxI5OREzERIBFzkRMzEwASMRATMTFhczNjcTMwECVKb+UqzsUxMIIUbprP5S/hQB6ARM/ZveYYq1AmX7tAAAAQAAAAAEewW2ABAAOkAeBAgIDQkCBgkLDwUREgcLDAtJWQQADwwMCQEPAwkSAD8/MxI5LxI5MysRADMREgEXOREzMxEzMTABATMBFSEVIREjESE1ITUBMwI9AYa4/hgBK/7VrP7TAS3+GboC2wLb/IE7mP6cAWSYMwOHAAEAAP4UBAIESAATADxAHxEBAQYCEBMCBAcFFBUMCwsFDwcPAAQFBEdZEQUVAhsAPz8zKxEAMxg/MxI5ETMREgEXOREzMxEzMTAFESMRITUhATMTFhczNjcTMwEhFQJUpv7qART+VKzsUxMIIUbprP5UARKB/pUBa4EESP2b3mGKtQJl+7iBAAABAAj+gwTVBbYADwA3QCADAgIODwwGCQoICBARDA8JBgQFDQoDCBIFAElZBRIDIgA/PysAGD8/MxIXORESARc5ETMxMCUzESMRIwEBIwEBMwEBMwEEM6KiXv53/nC0Aeb+O7wBawFutf47mv3pAX0Cg/19AvwCuv29AkP9TAABACf+hQQ3BEgADwA5QCEKCQkFBgMNAAEPCBARDxUDBgANBAwBDAdGWQwVCiIEAQ8APzM/PysREgAXORg/ERIBFzkRMzEwAQEzAQEzAQEzESMRIwEBIwG4/oO9ASEBILv+gwErlaZF/s3+yrwCMQIX/lwBpP3p/l799gF7Abz+RAAAAQAQ/oMGqAW2AA8AQEAiDAUADQMCAg0KBQcFEBEOAwsHCAdJWQgDAAwFDElZBRIDIgA/PysRADMYPysRADMYPxESARc5ETMRMxEzMTAlMxEjESERITUhFSERIREzBf6qovu0/lYEL/4lAvCqmv3pAX0FHZmZ+30FHAABACn+hwWYBEYADwA/QCICCwYDCQgIAwALDQUQEQENDg1GWQ4PBgILAkZZCxUJIgQPAD8/PysRADMYPysRADMREgEXOREzETMRMzEwASERIREzETMRIxEhESE1IQN5/pcCRqacpvx4/r8DUAO6/NUDt/xJ/fgBeQO6jAAAAQCq/oMFaAW2ABcAO0AfFQAFAwIPDAIFDAMYGRIJSVkSEgUWDQMFAElZBRIDIgA/PysAGD8zEjkvKxESARc5ETMRMxEzMzEwJTMRIxEjEQYGIyImNREzERQWMzI2NxEzBMehoaqVxmrP36p/j2Gxqaqa/ekBfQJcNSe+swJF/c95dB03AsoAAAEAnP6FBMMESAAWADtAHwEVCQYODAsLDhUDFxgDEkZZAwMOBxYPDglGWQ4VDCIAPz8rABg/MxI5LysREgEXOREzETMzETMxMAERFDMyNjcRMxEzESMRIxEGBiMiJjURAULbW6ZpppamlmmzcaS6BEj+cMA4QwHV/Ef99gF7AfBIO6yTAZwAAQCqAAAExwW2ABYASkAmBQILFRUIFg0RERAQFgIDFxgUAAgASVkLCBYICQkIFgMDERIOAwMAPzM/Ehc5Ly8vETMrEQAzERIBFzkRMxEzETMzETMRMzEwASARETMRFBYzETMRNjcRMxEjEQYHESMCdf41qoeafYajrKyogX0CAAFxAkX9z3d2AVz+qg08As/6SgJYQRH+zwABAJwAAAQdBEgAFwBKQCYBFgYQEAMRCAwMCwsRFgMYGQ8TAxNGWQYDEQMEBAMRAwwJFw8MFQA/PzMSFzkvLy8RMysRADMREgEXOREzETMRMzMRMxEzMTABERQXETMRNjcRMxEjEQYHFSM1IyImNREBQsh3cYWmpoB2dxaguARI/nC6BgEt/t0YWQHV+7gB8Fsa+OqqlQGcAAEAyQAABOUFtgASAC9AFwIRERIJCAgSFBMEDUlZAhIEBAkSEgADAD8/MzkvEjkrERIBOTkRMxEzETMxMBMzESQzMhYVESMRNCYjIgYHESPJqgEAxM/fqn+Pa7qVqgW2/aRcv7H9ugIxeHYiMv01AAABALAAAARCBEgAEgAvQBcAEgsHBwgSCBQTDgNGWQsODggJDwAIFQA/Mz8SOS85KxESATk5ETMRMxEzMTAhETQjIgYHESMRMxE2NjMyFhURA5rZWJx3pqZfunKjvgGNwTFK/i0ESP4ORT6ol/5mAAIAPf/sBj8FzQAgACcAUUAqBQMAJBERCB4lEBAYHgAEKCkRHgceSVkkBwIHAhsMGxRJWRsTDCFJWQwEAD8rABg/KxESADk5GC8vMysRADMREgEXOREzETMzETMRMzMxMBM0NzMGFRQzMzcSACEgABEVIRIAMzI2NxUGBiMgAAMiJgEiAgchECY9G5EUcSIFHQFNARcBKQEo+9wOAQX3ZcqNct2C/sb+oxOOmwOv0fAQA27LA4dJNjI8ZysBKgFH/oX+j0X++P7vHyucJx4BZAFMdgIj/vX5AQn7AAACADP/7ATdBFoAHwAmAExAKAoIBRYNJBUVHQ0DBQUnKBYDDANGWSMMBwwHABERIEZZERAAGUZZABYAPysAGD8rERIAOTkYLy8zKxEAMxESARc5ETMRMxEzMzEwBSIAJyQ1NDczBhUUMzM3NjYzMhIVFSEWFjMyNjcVBgYDIgYHITQmA0rz/uwG/vYZjRRqFQYi+rfP8f0MBqytZZ9iWJ2ghpcOAj2MFAEe/ATdRTIvO2cjyuD+9+JpxsMgKpQmIQPjpJ6dpQACAD3+gwY/Bc0AIgApAF1AMQsJBiYXFw4DISInFhYeIgMGBSorIiIgExcDDQNJWSYNCA0IABISI0lZEgQAGkpZABMAPysAGD8rERIAOTkYLy8zKxEAMxg/PxESARc5ETMRMxEzMxEzETMzMTAFJAADIiY1NDczBhUUMzM3EgAhIAARFSESADMyNjcVBgcRIxMiAgchECYDoP7+/tsTjpsbkRRxIgUdAU0BFwEpASj73A4BBfdlyo2w66ZM0fAQA27LDB0BWgExdnVJNjI8ZysBKgFH/oX+j0X++P7vHyucPgX+lQay/vX5AQn7AAIAM/6HBN0EWgAhACgAWEAvCggFFg0gISYVFR0hDQMFBikqISIfFhYDDANGWSUMBwwHABERIkZZERAAGUZZABUAPysAGD8rERIAOTkYLy8zKxEAMxg/PxESARc5ETMRMxEzETMzMTAFJgInJDU0NzMGFRQzMzc2NjMyEhUVIRYWMzI2NxUGBxEjEyIGByE0JgLVv9MG/vYZjRRqFQYi+rfP8f0MBqytZZ9ijqWmRIaXDgI9jAofARHgBN1FMi87ZyPK4P734mnGwyAqlEEE/pkFSKSenaUA//8AVAAAAlYFtgIGACwAAP//AAIAAAa8B2ACJgGwAAABBwI2ARABVAAIswESBSYAKzX//wAEAAAF3wYMAiYB0AAAAQcCNgCkAAAACLMBEhEmACs1AAEAyf4ABRkFtgAcAEJAJQcDAwQaDg4JChQEBR0eERdJWREcBwJJWQsASlkHCwsECAUDBBIAPz8zEjkvOSsrABg/KxESARc5ETMRMxEzMTABIgcRIxEzEQEzATcgABEQACEiJic1FjMyEjU0JAJejF+qqgKJzf2FGgFPAWL+2f71UnxGepi7yP7rAnsf/aQFtv08AsT9VAL+u/7P/sb+pBQdmDEBDfHo/QAAAQCw/goEIQRIABwAQkAlBAAAARcKEAoGBwEFHR4OFEZZDhsEHEdZBxpGWQQHBwEFAg8BFQA/PzMSOS85KysAGD8rERIBFzkRMxEzETMxMCEjETMRATMBBBIRFAYGIyInNRYWMzI2NTQmIyIHAVSkpAHjt/43AQD8bsyFiF8ubEeHmLu+UlwESP36Agb+HgT+5P71sfyEPJEZJtnI088YAAEAAP6DBZEFtgAXADlAHwMABQQBAQUOAxgZFgdJWRYDDBFKWQwSBQBJWQUSAyIAPz8rABg/KwAYPysREgEXOREzETMzMTAlMwMjEyMRIQcCAgYnIic1FjMyNjYSEyEE2biPxZyq/iUfPV2Yfko7Njs1Tz1dOAMSmv3pAX0FH/D+If5FrgIZjxpX1wJZAbgAAAEAEP6HBI8ERgAUADlAHwMABQQBAQUNAxUWEwdGWRMPCxBHWQsVBQBGWQUVAyIAPz8rABg/KwAYPysREgEXOREzETMzMTAlMwMjEyMRIQICBiMiJzUWMzISEyED37CBrH2m/rUcXph2OhwWHHGJIgKBj/34AXkDuP6Y/mTACn8GAdkB9gAAAQDJ/gAFHwW2ABUAPUAgEg4ODxMLCwAABg8DFhcSDUlZEhIPFBADDxIDCUlZAxwAPysAGD8/MxI5LysREgEXOREzETMRMxEzMTAlEAAhIiYnNRYzIBERIREjETMRIREzBR/+5v77UnpNe4cBjPz+qqoDAqqW/sL+qBMeljEB9wIj/VAFtv2SAm4AAQCw/goEYgRIABUAR0AnDwsLDBAICBMTAgwDFhcPCkZZDw8fDwILAw8PDBENDwwVAAVGWQAbAD8rABg/PzMSOS9fXl0rERIBFzkRMxEzETMRMzEwASInNRYzMjY1ESERIxEzESERMxEQAgLThF1vZn12/ZympgJkqM/+CjqVPcbPAb3+EgRI/jUBy/vr/vT+4wABAMn+gwXXBbYADwBEQCQMCAgJDQMABQQBAQUJAxARDAdJWQwMBQ4KAwkSBQBJWQUSAyIAPz8rABg/PzMSOS8rERIBFzkRMxEzMzMRMxEzMTAlMwMjEyMRIREjETMRIREzBR+4kcWeqvz+qqoDAqqa/ekBfQKw/VAFtv2SAm4AAAEAsP6HBRIERgAPAERAJAENDQ4IBQIKCQYGCg4DEBEBDEZZAQEKAw8PDhUKBUZZChUIIgA/PysAGD8/MxI5LysREgEXOREzETMzMxEzETMxMAERIREzETMDIxMjESERIxEBVgJmprCBrH2m/ZqmBEb+NwHJ/En9+AF5Ae7+EgRGAAABAKr+gwTHBbYAFwA9QCAPDAIDFQUFAAADDAMYGRIJSVkSEgEWDQMDIgEESVkBEgA/KwAYPz8zEjkvKxESARc5ETMRMxEzETMxMCEjESMRMxEGBiMiJjURMxEUFjMyNjcRMwTHqqKilcZqz9+qf49hsamq/oMCFwHCNSe+swJF/c95dB03AsoAAQCc/oUELQRIABYAPUAgARULDAYODgkJDBUDFxgDEkZZAwMKBxYPDCIKDUZZChUAPysAGD8/MxI5LysREgEXOREzETMRMxEzMTABERQzMjY3ETMRIxEjETMRBgYjIiY1EQFC21umaaaVppVps3GkugRI/nDAOEMB1fu4/oUCCgFhSDuskwGcAAEAyf6DBykFtgAYAEhAJQkGBgcRDgwTEg8PEwcDGRoXFgILAhMIEw5JWRMSESIMCAMABxIAPzM/Mz8/KxESADk5ETMzERIBFzkRMxEzMzMRMxEzMTAhASMXFhURIxEhATMBMxEzAyMTIxE0NyMBA1D+EAgHB50BAAHRCAHR/riPx56qDgj+DAUQf8Av/F4FtvtKBLb65P3pAX0DroTc+vIAAAEAsP6HBd8ERgAYAD9AIBMUCAUKCQYGChQDGRoLEgASDwMVDxQVCgVGWQoPFQgiAD8/MysAGD8/MxI5OREzERIBFzkRMxEzMxEzMTAlNzcBMxEzAyMTIxEHBwEjASYnESMRMwEWAukfKwEp07CBrH2TFDr+5Yv+5TUUlMsBKS2gXXYC0/xJ/fgBeQOJOpn9SgK4hkv8dwRG/S1u//8AVAAAAlYFtgIGACwAAP//AAAAAAUQB14CJgAkAAABBwI2ADkBUgAIswIPBSYAKzX//wBe/+wDzQYMAiYARAAAAQYCNugAAAizAiURJgArNf//AAAAAAUQByUCJgAkAAABBwBqAD0BUgAKtAMCJAUmACs1Nf//AF7/7APNBdMCJgBEAAABBgBq8wAACrQDAjoRJgArNTX////+AAAGgQW2AgYAiAAA//8AXv/sBnMEXAIGAKgAAP//AMkAAAP4B14CJgAoAAABBwI2ABABUgAIswEMBSYAKzX//wBz/+wEEgYMAiYASAAAAQYCNgwAAAizAhsRJgArNQACAHX/7AVYBc0AEgAZAD1AIBcOEBYWCQkCDgMaGw8XSVkPDwwGDBNJWQwTBgBJWQYEAD8rABg/KxESADkYLysREgEXOREzETMRMzEwASIHNTY2MyAAERAAISARNSECAAMyEjchEBYCmOPic9KGAUsBb/6m/sv9rAQvEf75w9L5EPyHzAU1TJ4mIP5x/pv+ov5xAutGAQoBDvtOAQ33/vj8AAACAGb/7AQGBFwAFAAbADtAHxkJGAsDAxEJAxwdChlGWQoKBgAGFUZZBhYADkZZABAAPysAGD8rERIAORgvKxESARc5ETMzETMxMAEyABEQACMiAjU1ISYmIyIGBzU2NhMyNjchFBYB+vUBF/792tDzAvQFs6ZipV9ZopqFmgz9w40EXP7U/vv++P7JAQzhacy7ISmTKCL8G6WcnaQA//8Adf/sBVgHJQImAuEAAAEHAGoAkwFSAAq0AwIvBSYAKzU1//8AZv/sBAYF0wImAuIAAAEGAGrqAAAKtAMCMREmACs1Nf//AAIAAAa8ByUCJgGwAAABBwBqARABUgAKtAIBJwUmACs1Nf//AAQAAAXfBdMCJgHQAAABBwBqAKIAAAAKtAIBJxEmACs1Nf//AEr/7AQ1ByUCJgGxAAABBwBq//MBUgAKtAIBPgUmACs1Nf//AET/7AN/BdMCJgHRAAABBgBqlAAACrQCATgRJgArNTUAAQBK/+wENwW2ABkAQEAjABMVGQ8DAxkTFggFGhsZFhcWSVkAEkpZAAAGFwMGDEpZBhMAPysAGD8SOS8rKxEAMxESARc5ETMRMxEzMTABBAQVFAQhICc1FhYzMjY1NCYjIzUBITUhFQH8ARcBJP7N/ur+/6Ng3mrHyuHfjAHu/U4DhwM/CdPBzuhPni4ymZCGio0B3pmLAAABABv+FAOmBEgAGQBAQCMAExUZDwQEGRMWCQUaGxkWFxZGWQASR1kAAAcXDwcMRlkHGwA/KwAYPxI5LysrEQAzERIBFzkRMxEzETMxMAEeAhUUACMiJzUWMzI2NTQmIyM1ASE1IRUBrJXmf/7Y7+qKt8ihxdbKeQHF/YkDOAHPB3LKiN7+7kaaVr6gpKpyAf6OewD//wDLAAAFUga0AiYBsgAAAQcBTQC0AVIACLMBEwUmACs1//8AsAAABGIFYgImAdIAAAEGAU0xAAAIswERESYAKzX//wDLAAAFUgclAiYBsgAAAQcAagC+AVIACrQCASUFJgArNTX//wCwAAAEYgXTAiYB0gAAAQYAaj0AAAq0AgEjESYAKzU1//8Aff/sBb4HJQImADIAAAEHAGoA0QFSAAq0AwItBSYAKzU1//8Ac//sBGIF0wImAFIAAAEGAGodAAAKtAMCLhEmACs1Nf//AH3/7AW+Bc0CBgJ+AAD//wBz/+wEYgRcAgYCfwAA//8Aff/sBb4HJQImAn4AAAEHAGoA0QFSAAq0BAMvBSYAKzU1//8Ac//sBGIF0wImAn8AAAEGAGobAAAKtAQDMBEmACs1Nf//AD3/7ASJByUCJgHHAAABBwBq/+0BUgAKtAIBMAUmACs1Nf//ADn/7AN9BdMCJgHnAAABBgBqjgAACrQCATARJgArNTX//wAb/+wE+Aa0AiYBvQAAAQcBTQAvAVIACLMBGgUmACs1//8AAv4UBAYFYgImAFwAAAEGAU2tAAAIswEZESYAKzX//wAb/+wE+AclAiYBvQAAAQcAagA7AVIACrQCASwFJgArNTX//wAC/hQEBgXTAiYAXAAAAQYAarcAAAq0AgErESYAKzU1//8AG//sBPgHcwImAb0AAAEHAVMAjQFSAAq0AgEqBSYAKzU1//8AAv4UBAYGIQImAFwAAAEGAVMEAAAKtAIBKREmACs1Nf//AKoAAATHByUCJgHBAAABBwBqAGoBUgAKtAIBKQUmACs1Nf//AJwAAAQtBdMCJgHhAAABBgBqFwAACrQCASgRJgArNTUAAQDJ/oMECAW2AAkALUAYBAkGBwEHCQMKCwkESVkJEgciAANJWQADAD8rABg/PysREgEXOREzETMxMBMhFSERMxEjESPJAz/9a6GhqgW2mft9/ekBfQABALD+hwNCBEYACQAtQBgECQYHAQcJAwoLCQRGWQkVByIAA0ZZAA8APysAGD8/KxESARc5ETMRMzEwEyEVIREzESMRI7ACkv4UlqaWBEaM/NX9+AF5//8AyQAABgoHJQImAcUAAAEHAGoBGwFSAAq0BAMtBSYAKzU1//8AsAAABXkF0wImAeUAAAEHAGoAxQAAAAq0BAMsESYAKzU1//8AL/51BAgFtgImApsAAAAHA4AAkwAA//8AEv51A0IESAImApwAAAAGA4F1AP//AAj+dQTJBbYAJgA7AAAABwOAA1gAAP//ACf+dQQ0BEgAJgBbAAAABwOBAsMAAAABAAYAAASWBbYAEQA7QCIPAhEBEA0ECgcJBgsMExIKEQARSVkHDQ8EAAACDA8SBQIDAD8zPzMSOS85EjkzKxEAMxESARc5MTATIQEzAQEzASEVIQEjAQEjASF/ATP+d7wBawFst/5wATz+ugG9wf53/nC2Ab/+ugNUAmL9uwJF/Z6Y/UQCg/19ArwAAAEAJwAABAgESAARADtAIg8CEQEQDQQKBwkGCwwTEgoRABFHWQcNDwQAAAIMDxUFAg8APzM/MxI5LzkSOTMrEQAzERIBFzkxMBMhATMBATMBIRUhASMBASMBIXUBEv60vQEhASC7/rIBGP7iAWi8/s3+yrwBZv7oAncB0f5cAaT+L4H+CgG8/kQB9gAAAgCDAAAENwW2AAoAEwA0QBoEExMHDwAHABUUAwxJWQMDCAUIEkpZCBIFAwA/PysREgA5GC8rERIBOTkRMxEzETMxMBM0JCEzETMRISAkASMiBhUUFjMzgwEkASDGqv5j/vX+9AMKut7CtsvZAaTUzgJw+krVAdt8jo+E//8Ac//sBDcGFAIGAEcAAAACAIP/7AZ3BbYAGQAjAEZAJB4DGAoKByMPEhIjAwMkJQYbSVkYBhAGEAAIAwwgACBKWRUAEwA/MisRADMYPxI5OS8vOSsREgEXOREzETMzEjkRMzEwBSImNTQkITMRMxEUMzI2NREzERQGIyImJwYTIyIGFRAhMjY1Ak7i6QEqASKRquZkearPuHafM3Epl9TCASF/jRLR0NneAnD7t+x7bgHm/hiuzlJaqgLAi5b+9HdwAAACAHP/7AaHBhQAIgAuAFFAKSwTDCAgHRomAwYGJhMDLzAeAA0QGhYEBBAWFipGWRYQACMQI0ZZCRAWAD8zKxEAMxg/KxESADkYLxI5Ejk/ERIBFzkRMxEzMzMSOREzMTAlMjY1ETMRFAYjIiYnIwYGIyICERASMzIWFzMmJjURMxEUFiEyNjU1NCYjIBEUFgT+dmuoyL2BnisIS7mB0Ojnz2qfPwwCCKZt/bmikpSi/uKLd4SIATn+vcjFW3FxWwEpAQwBDAEvTVURcBsBvvuMoIm5ziPnyf5O1tIAAQBO/+wGgQXLACoAS0AoBhMoGR8iIhYZEwENBissFwIBAgFKWQIgAiAlECUcSVklExAJSlkQBAA/KwAYPysREgA5ORgvLysREgA5ERIBFzkRMxEzETMxMAEjNTMyNjU0JiMiBgcnNjYzMhYVFAYHFQQTFhYzMjY1ETMRFAYjIiYnJiYBrsnBwNWagGexZ1Rd9oLW9bKcAWIGAmx8d3Co0r3K0AICzQKsj5OEbH83RXJIUMSnjbcaCDP+0ZZ/eYcBzf4pxsfRyJaRAAEAUP/sBcUEXAAlAEtAKBIeCiQCBQUkHiAOGAYmJyEPDg8ORlkPAw8DCBsbFEZZGxAIAEZZCBYAPysAGD8rERIAOTkYLy8rERIAORESARc5ETMRMxEzMTAlMhERMxEUBiMgAyYmIyM1MyA1NCMiBgcnNjYzMhYVFAcVFhYXFgRC3aa7xP6GEAWNlIxvASHyS4dNOVWjaLjTwGN7BQl3AQwBOf69ysMBTWNYjayiJCKHKCSbhrg5CBR6atMAAQBO/oME0QXLACMASkAoGRoeIyEgIBYaIwQQBiQlGgUEBQRKWQUFIxMjHklZIxIhIhMMSlkTBAA/KwAYPz8rERIAORgvKxESADkREgEXOREzETMRMzEwATQmIyM1MzI2NTQmIyIGByc2NjMyFhUUBgcVFhYVETMRIxEjA4Pl4tnRzeGkh2nDaVRh/oTc/b2juMOsoqwBnIWLj5OEa4A6QnJKTsSnjLcZCBmzlP7+/ekBfQAAAQBQ/ocEEARaAB4ASkAoBxIZHhwbGxUeEgMNBiAfFQQDBANGWQQEHg8eGUZZHhUcIg8KRlkPEAA/KwAYPz8rERIAORgvKxESADkREgEXOREzETMRMzEwATQhIzUzIDU0JiMiByc2MzIWFRQHFRYWFRUzESMRIwLV/suWdQE5hXeZlj2hy7/Vy35wnaaVAS3HjaxSUEaHSpqHtjkLJYlmnP34AXkAAAEAAP/pByEFtgAjADpAHRQjGh0dIwkDJCUbGwcSEgFJWRIDFwwHDEpZIAcTAD8zKxEAMxg/KxESADkYLxESARc5ETMRMzEwASEHAgIGBiMiJzUWMzI2NhISEyERFBYzMjY1ETMRFAYjIiY1BAz+SB8rTFOCZEVAMj8xQCw4SjcC729zcHGozbzEyAUf8P6u/kTSZhmPGj5oAQIB6QGu+8+JeXmHAc3+KcHMzMUAAAEAEP/sBikERgAdADpAHQAOBQgIDhYDHx4GBhQcHBBGWRwPAxkUGUdZCxQWAD8zKxEAMxg/KxESADkYLxESARc5ETMRMzEwARQWMzIRETMRFAYjIiY1ESECAgYjIic1FjMyEhMhA89od9Wmu768y/7FHF6YdjocFhxxiSICcQGDiYMBCgE7/r3Kw8TLAj3+mP5kwAp/BgHZAfYAAAEAyf/sB14FtgAZAENAIxcADwYJFhISEwkPEwMaGxYRSVkWBxYHExgUAxMSDANJWQwTAD8rABg/PzMSOTkvLysREgEXOREzETMRMxEzMzEwARQWMzI2NREzERQGIyImNREhESMRMxEhETME9m5zcHGmyL/DyP0nqqoC2aoBhYl5eYcBzf4pv87LxgEz/VAFtv2SAm4AAAEAsP/sBqgESAAYAE1AKgUCEwoNARYWFw0TFwMZGgEVRlkPAR8BAgsDAQsBCxcDGA8XFRAIRlkQFgA/KwAYPz8zEjk5Ly9fXl0rERIBFzkRMxEzETMRMzMxMAERIREzERQWMzIRETMRFAYjIiY1NSERIxEBVgJQpmp31aa7wLrN/bCmBEj+NQHL/T2JhQEMATn+vcrDxslz/hIESAAAAQB9/+wFmgXLABwAOkAfFggbAgIPHAgEHR4AHElZAAAFDAwTSVkMBAUZSVkFEwA/KwAYPysREgA5GC8rERIBFzkRMxEzMTABIRUQACEgABE0EiQzMhYXByYmIyAAERAAMyARIQNmAjT+zP7J/rv+k7MBVep47VNCWtZX/vX+3gEL9wG0/n8C8Fb+of6xAZEBYOUBVLUxJ5QmLv7F/uP+4/7DAdcAAAEAc//sBLAEXAAZADpAHxIHGAICDBkHBBobABlGWQAABAoKD0ZZChAEFUZZBBYAPysAGD8rERIAORgvKxESARc5ETMRMzEwASEVECEgABEQACEyFwcmIyIGFRQWMzI2NSECsgH+/f7+7v7XAUMBIdSvO6imzeXMxamv/qoCP0P98AEnARABDgErUINK3tLP36CdAAABABD/7AT0BbYAFAA5QB0FEwoNDQMTAAQVFgsLEAEQCElZEBMEAAEASVkBAwA/KxEAMxg/KxESADkYLxESARc5ETMRMzEwEzUhFSERFBYzMhERMxEUBiMiJjUREAQ8/i93cuio073GzQUdmZn8aIl7AQABz/4pwM3OwwOgAAABACn/7ASHBEYAFAA2QBwCEAcKCgAQEgQVFgESExJGWQgIDRMPDQVGWQ0WAD8rABg/EjkvKxEAMxESARc5ETMRMzEwASERFBYzMhERMxEUBiMiJjURITUhA4H+pm1216a9wMDJ/qgDWAO6/cmJgwEEAUH+vcrDy8QCP4wAAQBv/+wEWAXLACYAR0AmFSAMACQjBRsRIwAgBicoIw8SDxJKWQ8PHQMdGEpZHRMDCUpZAwQAPysAGD8rERIAORgvKxESADkREgEXOREzETMRMzEwEzQkMyAXByYmIyIGFRQWMzMVIyIGFRQWMzI3FQYhICQ1NDY3NSYmnAEI4QEC0V5ptWWMn9HI2dXe6Mq36cev/vv+9P7bz7yqtARcqcaQeEQ0e3KAk42Oio6NXJ5N3MWXwBYIGbL//wBa/+wDhwRcAgYBggAA//8AAP51BWsFtgAmAbUAAAAHA4AD+gAA//8AEP51BHMESAImAdUAAAAHA4EDAgAA//8AAP6gBRAFvAImACQAAAAHAmcE6QAA//8AXv6gA80EWgImAEQAAAAHAmcEeQAA//8AAAAABRAH4QImACQAAAEHAmYE/AFSAAizAhMFJgArNf//AF7/7APNBo8CJgBEAAABBwJmBKYAAAAIswIpESYAKzX//wAAAAAFEAfRAiYAJAAAAQcDdwTlAVIACrQDAhUFJgArNTX//wBe/+wEQQZ/AiYARAAAAQcDdwSTAAAACrQDAisRJgArNTX//wAAAAAFEAfRAiYAJAAAAQcDeATdAVIACrQDAhUFJgArNTX//wAt/+wDzQZ/AiYARAAAAQcDeASTAAAACrQDAisRJgArNTX//wAAAAAFEAhKAiYAJAAAAQcDeQTZAVIACrQDAhUFJgArNTX//wBe/+wEFwb4AiYARAAAAQcDeQScAAAACrQDAisRJgArNTX//wAAAAAFEAhiAiYAJAAAAQcDegTlAVIACrQDAi0FJgArNTX//wBe/+wDzQcQAiYARAAAAQcDegSRAAAACrQDAkMRJgArNTX//wAA/qAFEAdzAiYAJAAAACcCZwTpAAABBwFLACsBUgAIswMpBSYAKzX//wBe/qADzQYhAiYARAAAACcCZwR5AAABBgFL1AAACLMDPhEmACs1//8AAAAABRAIEwImACQAAAEHA3sE7AFSAAq0AwIXBSYAKzU1//8AXv/sA80GwQImAEQAAAEHA3sEmgAAAAq0AwItESYAKzU1//8AAAAABRAIEwImACQAAAEHA3wE6QFSAAq0AwIXBSYAKzU1//8AXv/sA80GwQImAEQAAAEHA3wEmAAAAAq0AwItESYAKzU1//8AAAAABRAIWAImACQAAAEHA30E6QFSAAq0AwIhBSYAKzU1//8AXv/sA80HBgImAEQAAAEHA30EoAAAAAq0AwI3ESYAKzU1//8AAAAABRAIXgImACQAAAEHA34E4wFSAAq0AwInBSYAKzU1//8AXv/sA80HDAImAEQAAAEHA34EmAAAAAq0AwI9ESYAKzU1//8AAP6gBRAHSQImACQAAAAnAU4ALQFkAQcCZwTpAAAACLMCDwUmACs1//8AXv6gA80F5QImAEQAAAAmAU7YAAEHAmcEeQAAAAizAiURJgArNf//AMn+oAP4BbYCJgAoAAAABwJnBMEAAP//AHP+oAQSBFwCJgBIAAAABwJnBLgAAP//AMkAAAP4B+ECJgAoAAABBwJmBNEBUgAIswEQBSYAKzX//wBz/+wEEgaPAiYASAAAAQcCZgTJAAAACLMCHxEmACs1//8AyQAAA/gHLwImACgAAAEHAVL/5AFSAAizARUFJgArNf//AHP/7AQSBd0CJgBIAAABBgFS0AAACLMCJBEmACs1//8AyQAABG8H0QImACgAAAEHA3cEwQFSAAq0AgESBSYAKzU1//8Ac//sBFwGfwImAEgAAAEHA3cErgAAAAq0AwIhESYAKzU1//8AXQAAA/gH0QImACgAAAEHA3gEwwFSAAq0AgESBSYAKzU1//8ASv/sBBIGfwImAEgAAAEHA3gEsAAAAAq0AwIhESYAKzU1//8AyQAABDkISgImACgAAAEHA3kEvgFSAAq0AgESBSYAKzU1//8Ac//sBB0G+AImAEgAAAEHA3kEogAAAAq0AwIhESYAKzU1//8AyQAAA/gIYgImACgAAAEHA3oEuAFSAAq0AgEqBSYAKzU1//8Ac//sBBIHEAImAEgAAAEHA3oEogAAAAq0AwI5ESYAKzU1//8Ayf6gA/gHcwImACgAAAAnAmcEvgAAAQcBSwACAVIACLMCJQUmACs1//8Ac/6gBBIGIQImAEgAAAAnAmcEsAAAAQYBS/EAAAizAzQRJgArNf//AFQAAAJWB+ECJgAsAAABBwJmA8kBUgAIswEQBSYAKzX//wB7AAAB5gaPAiYA8wAAAQcCZgNzAAAACLMBCBEmACs1//8AVP6gAlYFtgImACwAAAAHAmcDtAAA//8Anf6gAWYF3wImAEwAAAAHAmcDYgAA//8Aff6gBb4FzQImADIAAAAHAmcFfwAA//8Ac/6gBGIEXAImAFIAAAAHAmcEyQAA//8Aff/sBb4H4QImADIAAAEHAmYFjwFSAAizAhwFJgArNf//AHP/7ARiBo8CJgBSAAABBwJmBNkAAAAIswIdESYAKzX//wB9/+wFvgfRAiYAMgAAAQcDdwV9AVIACrQDAh4FJgArNTX//wBz/+wEdQZ/AiYAUgAAAQcDdwTHAAAACrQDAh8RJgArNTX//wB9/+wFvgfRAiYAMgAAAQcDeAV9AVIACrQDAh4FJgArNTX//wBh/+wEYgZ/AiYAUgAAAQcDeATHAAAACrQDAh8RJgArNTX//wB9/+wFvghKAiYAMgAAAQcDeQV7AVIACrQDAh4FJgArNTX//wBz/+wEYgb4AiYAUgAAAQcDeQTHAAAACrQDAh8RJgArNTX//wB9/+wFvghiAiYAMgAAAQcDegV5AVIACrQDAjYFJgArNTX//wBz/+wEYgcQAiYAUgAAAQcDegTFAAAACrQDAjcRJgArNTX//wB9/qAFvgdzAiYAMgAAACcCZwV/AAABBwFLAMEBUgAIswMxBSYAKzX//wBz/qAEYgYhAiYAUgAAACcCZwTNAAABBgFLDgAACLMDMhEmACs1//8Aff/sBmQHcwImAl8AAAEHAHYBKwFSAAizAisFJgArNf//AHP/7AUZBiECJgJgAAABBgB2bQAACLMCKxEmACs1//8Aff/sBmQHcwImAl8AAAEHAEMAhwFSAAizAiMFJgArNf//AHP/7AUZBiECJgJgAAABBgBD1AAACLMCJBEmACs1//8Aff/sBmQH4QImAl8AAAEHAmYFjwFSAAizAiYFJgArNf//AHP/7AUZBo8CJgJgAAABBwJmBNkAAAAIswInESYAKzX//wB9/+wGZAcvAiYCXwAAAQcBUgCgAVIACLMCKwUmACs1//8Ac//sBRkF3QImAmAAAAEGAVL1AAAIswIjESYAKzX//wB9/qAGZAYUAiYCXwAAAAcCZwV7AAD//wBz/qAFGQTwAiYCYAAAAAcCZwTJAAD//wC6/qAFGQW2AiYAOAAAAAcCZwVKAAD//wCk/qAEOQRIAiYAWAAAAAcCZwS4AAD//wC6/+wFGQfhAiYAOAAAAQcCZgVUAVIACLMBFgUmACs1//8ApP/sBDkGjwImAFgAAAEHAmYE1QAAAAizARkRJgArNf//ALr/7AZ7B3MCJgJhAAABBwB2AO4BUgAIswElBSYAKzX//wCk/+wFlgYhAiYCYgAAAQYAdnkAAAizASYRJgArNf//ALr/7AZ7B3MCJgJhAAABBwBDAFoBUgAIswEdBSYAKzX//wCk/+wFlgYhAiYCYgAAAQYAQ7sAAAizAR8RJgArNf//ALr/7AZ7B+ECJgJhAAABBwJmBWABUgAIswEgBSYAKzX//wCk/+wFlgaPAiYCYgAAAQcCZgTbAAAACLMBIhEmACs1//8Auv/sBnsHLwImAmEAAAEHAVIAfwFSAAizASUFJgArNf//AKT/7AWWBd0CJgJiAAABBgFS/wAACLMBHhEmACs1//8Auv6gBnsGFAImAmEAAAAHAmcFTAAA//8ApP6gBZYE8gImAmIAAAAHAmcEsgAA//8AAP6gBHsFtgImADwAAAAHAmcEnAAA//8AAv4UBAYESAImAFwAAAAHAmcFnv/9//8AAAAABHsH4QImADwAAAEHAmYEqgFSAAizAQ0FJgArNf//AAL+FAQGBo8CJgBcAAABBwJmBGoAAAAIswEaESYAKzX//wAAAAAEewcvAiYAPAAAAQcBUv/CAVIACLMBEgUmACs1//8AAv4UBAYF3QImAFwAAAEGAVKKAAAIswEfESYAKzX//wBz/sUE0wYUAiYA0wAAAAcAQgC0AAAAAvvlBNn+tAYhAAkAEwAeQAwECg4OAAAVDwaACwEALzMazTIRATMRMxI5OTEwASMmJic1MxYWFwUjJiYnNTMWFhf+tGA0sSW6HGMx/pxgOK4luxxjMQTZKso/FT2uRBksyD8VPa5EAAAC/HEE2f+uBn8ADQAVAChAERUABhERFwMGChUKFQoRwAYBAC8zGsw5OS8vERI5EQEzETM5OTEwASMmJwYHIzU3NjczFhcnNjczFQYHI/7TXnBjcmFeNXA0sEKXUEk2rFN4YATZS1tlQRk8e01epsJbcBVuYAAAAvuaBNn+1wZ/AA0AFQAqQBIGDhERAAAXAwYKDwoPChPABgEALzMazDk5Ly8REjkRATMRMxI5OTEwASMmJwYHIzU3NjczFhclIyYnNTMWF/7XXmFyamleNXA0sEKX/e5feFSsNEsE2UFlYEYXPHtNXqasXnAVbGEAAvxxBNn/ewb4AA0AHwA0QBgQEwATGwMGBhYODiEDCgYSChIKGR7ABgEALzMazDI5OS8vERI5EQEzETMzEhc5ETMxMAEjJicGByM1NzY3MxYXExQHByMnNjY1NCYjIgc1NjMy/tNecGNyYV41cDSwQpeofwZQCjk/OSsuGhk3wwTZS1tlQRk8e01epgF7Zx1RgwkgJiUZBlAGAAL8aATZ/ucHEAAXACUAOkAbGB4JCRUVJxseIh4ZEQkABQwiAAwMACIDFcAZAC8azBc5Ly8vETMQxDMRMxESOREBMxEzEjk5MTABIi4CIyIGByM2NjMyHgIzMjY3MwYGEyMmJwYHIzU3NjczFhf+LSVHQz8cKCoOWw1lSyVJQz4bKCoMWgtjXl5hcmppXjVwNLBClwY1HiUeMTJqcR4kHjExaHP+pEFlYEYXPHtNXqYAAvx5BNn+xwbBAAcAFAAkQA8HBAoKEhIWA0AHEQqADggALzMa3TLUGs0RATMRMxI5OTEwATY3MxUGByMTIAMzFhYzMjY3MwYG/V5QMaxWd2A+/uwPZglMamJWCGkLlQX0aGUVcl3+/AEESDlBQHiMAAL8eQTZ/scGwQAHABQAJEAPBwQKChISFgRAAREKgA4IAC8zGt0y1BrNEQEzETMSOTkxMAEjJic1MxYXAyADMxYWMzI2NzMGBv3RXndWrDRLNf7sD2YJTGpiVghpC5UF3V1yFWxh/uUBBEg5QUB4jAAC/HkE2f7HBwYAEQAeAC5AFQgAAAUNAxQUHBwgCxAEBBgYGxSAEgAvGs0yMxE5L8QyEQEzETMSFzkRMzEwARQHByMnNjY1NCYjIgc1NjMyAyADMxYWMzI2NzMGBv4xfwZSCjlCOSwlJBY+wJX+7A9mCUxqYlYIaQuVBnlkHSlaCSAlJRoGTgj90wEESDlBQHiMAAL8aATZ/ucHDAAXACQAMEAVGiIJCRUmBQwMHh4YFUARCQAhGoAYAC8a3TLWxDMazREzETkvMxEBMzIROTkxMAEiLgIjIgYHIzY2MzIeAjMyNjczBgYDIAMzFhYzMjY3MwYG/i0lR0M/HCgqDlsNZEwlSUM+GygqDFoLY93+7A9mCUxqYlYIaQuVBjMeJB4wMmhxHiQeMTFncv6mAQRIOUFAeIwAAQAx/kIBbQAAAA8AGkALAAUFAgoDEBENCAMAL8wyERIBFzkRMzEwFzQnMxYVFAYjIic1FjMyNt+Le55mY0EyIDYlM+5nh3iEW2cQbAowAAABABn+dQFxAJoACwAYQAkKAAYADA0IAwAAL8wyERIBOTkRMzEwJREQIyInNRYzMjURAXHkODwpPV6a/t/+/BiME2QBMAAAAQAZ/nUBcQCPAAsAGEAJCgAGAAwNCAMAAC/MMhESATk5ETMxMCURECMiJzUWMzI1EQFx5Dg8KT1ej/7q/vwYjBNkASUA//8ANAAAAkMFtgAHABT/eAAAAAIAc//sBBcEcwALABcAKEAUDAYSAAYAGBkJFUtZCSYDD01ZAxkAPysAGD8rERIBOTkRMxEzMTABEAIjIgIREBIzMhIBFBYzMjY1NCYjIgYEF/fe2fb52tj5/QSbjo2eno+NmgIv/vX+yAE1AQ4BDwE1/sv+8dDo6s7M7OkAAAEALQAAAjcEXgAKACZAEQkBAQAIAAsMBwQHBAEJEAEYAD8/Ejk5Ly8REgE5OREzETMxMCEjETQ3BgcHJwEzAjehCEM+lloBf4sCMe+MQzBwcgEjAAEAKQAAA9cEcwAZACxAGAcTABMXDgEFGhsQCktZECYYFwEXTFkBGAA/KxEAMxg/KxESARc5ETMxMCEhNQE+AjU0JiMiBgcnNjMyFhUUBgcFFyED1/xSAZGdcSyLd1icXFrA8sbagrr+uQICvoUBL3doU0FXZz1KbaiolnO7gOcGAAABAF7+lQQbBHQAJwBHQCYDBBsAEwcHAAQWIg0GKCkEFxYXFktZFxcKJSUeS1klJgoRS1kKJQA/KwAYPysREgA5GC8rERIAORESARc5ETMRMxEzMTABFAYHFRYWFRQEISImJzUWFjMgERAhIzUzMjY1NCYjIgYHJzY2MzIWA+6dkLCq/t7+9XTBW1/XYAF7/l6QkqvIk35gqm1UWuuC1ewDB4yyHggWtJLR4SMsni8xASkBCo+Xhmt6NEZwR1HDAAACABf+qARmBF4ACgASAEJAIRIFCQICCwcDAAMFAxMUAQUSBU1ZCRIODw8HEhIDBxADJAA/PxI5LxI5ETMRMysRADMREgEXOREzMzMRMxEzMTAlIxEjESE1ATMRMyERNDcjBgcBBGbZqP0yAr642f6GDAopRP45G/6NAXN9A8b8RAFc2t5WXP2eAAABAIX+lQQdBF8AGgA6QB8PAxkUCBQXAwQcGwARS1kAAAYVFRhMWRUQBgxLWQYlAD8rABg/KxESADkYLysREgEXOREzETMxMAEyBBUUACMiJzUWFjMyNjUQISIHJxMhFSEDNgIt5wEJ/t/+94JG0GWww/6JXqBWNwLX/bclcwIm5cfj/v5PoC0zpp0BMh03AqyZ/kkXAP//AHX/7AQvBcsCBgAZAAAAAQBe/qkEKwRfAAYAH0AQAQUFAAIDBwgDAkxZAxAAJAA/PysREgEXOREzMTABASE1IRUBAR0CXvzjA839qv6pBR2ZhfrP//8AaP/sBCkFywIGABsAAAACAGr+lQQlBHQAFwAlAEFAIhsRIgoKAAAEEQMmJw4eTVkKFA4OAhQUGEtZFCYCB01ZAiUAPysAGD8rERIAORgvEjkrERIBFzkRMxEzETMxMAEQISInNRYzMhITIwYGIyImNTQSMzIWEgEiBhUUFjMyNjY1NCYmBCX9aHREUGbw9QsMN7ZywuT/0JXfeP4Uj5yQk1uZWFKTAe/8phSPGgEpATNTV+jQ5AEImf7bATC4pJClSoBGabJmAP//AB0AAAXEBh8AJwBJArYAAAAGAEkAAAACAFwC3QWqBcEAIgAzAFpALiwwMC4qJiYoCgAcEQURFgAoLgY1NCsxJAMtLy0pLyMjKBwKFAgDAygpGRQUKQMAPzMvMxDNMi8zEjk5ETMRMxEzERIXORESARc5ETMRMxEzETMRMxEzMTABFAYjIic1FjMyNTQmJicmJjU0NjMyFwcmIyIGFRQWFhcWFgEDIxcRIxEzExMzESMRNyMDAkiVfJFKaneUFzZVeFGObn1cImRTPEsSK1+BUAGmyQgGd7zDy7R/BgjTA6xibSFsKGQhKCEfLFtMVmknYyUuKB0kHCQyWv7sAi+B/lIC0f3RAi/9LwGkif3T//8AEv4UBFoFtgImADcAAAAHAHoBPwAA//8AH/4UAqgFRgImAFcAAAAHAHoAxQAAAAIAcf4UBDcEXAAMACoAR0AmChUaAyoqHh4kFQMrLCEnRlkkIRscDxoPGBIYB0ZZGBASAEZZEhYAPysAGD8rERIAOTkYPz8zKxESARc5ETMRMzMRMzEwJTI2NzU0JiMiBhUUFgU0NyMGIyICERASMzIXMzczERQGIyInNRYWMzI2NQJMqpcEnquQmZcB2wkLcObZ7/PT33sLGIPs+fKVS9J2jqV3t8or4szg0NHZayRjpwEtAQoBCAExppL7pOzsRp4qLqmS//8Acf4UBDcGIQImA5EAAAEGAUsGAAAIswI5ESYAKzX//wBx/hQENwXlAiYDkQAAAQYBTgwAAAizAisRJgArNf//AHH+FAQ3Bd8CJgORAAABBwFPAVYAAAAIswI0ESYAKzX//wBx/hQENwYhAiYDkQAAAQYCOncAAAizAi8RJgArNQABAMkAAAFzBbYAAwARtgAEBQEDABIAPz8REgE5MTAzETMRyaoFtvpKAP//AAUAAAGOB3MCJgOWAAABBwBD/nwBUgAIswEFBSYAKzX//wCzAAACPAdzAiYDlgAAAQcAdv8qAVIACLMBDQUmACs1////xwAAAmkHcwImA5YAAAEHAUv+uwFSAAizARIFJgArNf//AAUAAAI4ByUCJgOWAAABBwBq/tABUgAKtAIBGQUmACs1Nf///6sAAAKTBy8CJgOWAAABBwFS/qMBUgAIswENBSYAKzX////zAAACSwa0AiYDlgAAAQcBTf7GAVIACLMBBwUmACs1////5wAAAlMHNwImA5YAAAEHAU7+wgFSAAizAQQFJgArNf//AFb+QgGiBbYCJgOWAAAABgFRMQD//wC7AAABfwcxAiYDlgAAAQcBTwAZAVIACLMBDQUmACs1//8Ayf5/A6MFtgAmA5YAAAAHAC0COwAA////5AAAAh0GCgAnA5YAqgAAAQcBVP3o/5cAB7IBCAAAPzUA//8AyQAAAXMFtgIGA5YAAP//AAUAAAI4ByUCJgOWAAABBwBq/tABUgAKtAIBGQUmACs1Nf//AMkAAAFzBbYCBgOWAAD//wAFAAACOAclAiYDlgAAAQcAav7QAVIACrQCARkFJgArNTX//wDJAAABcwW2AgYDlgAA//8AyQAAAXMFtgIGA5YAAP//AJkAAAIEB+ECJgOWAAABBwJmA5EBUgAIswEIBSYAKzX//wC4/qABfwW2AiYDlgAAAAcCZwN9AAAAAQAAA6oAigAWAFYABQACABAALwBcAAABDgD4AAMAAQAAAB8AHwAfAB8AUQB3AP8BewHsAmoCgwKuAtkDFQNBA18DdAOWA68D8QQaBFsEuQT7BUYFowXFBjQGkQbHBvsHGwdEB2QHuwhBCIAI2wkZCVUJigm4CggKOQpsCpQKwwrhCx8LVgucC9kMLAx5DMwM8A0kDUsNjw2/DeYOEg42Dk8Ocg6TDqkOyA8kD3kPtBAHEFQQlBEoEWYRlBHSEhASJxJ/ErkS+hNPE6MT1hQoFGgUpRTMFRcVRxWAFawV7hYGFksWhRaFFrYXARdTF6EX9RgaGJUYyxlHGZQZzxntGfUafxqVGs0a2RsTG2MbghvBG/EcExxFHGwcpRzdHPMdCB0eHXsdjB2dHa4dvx3RHd0eKx43HkgeWR5qHnwejR6eHq8ewR8ZHyofOx9MH10fbh+AH64gGSAqIDsgTCBeIG8gsSEYISghOCFIIVghaSF6IgUiESIhIjEiQSJSImMidCKFIpci/yMPIx8jLyM/I08jYCOmJAwkHCQsJDwkTSRdJLQkxSTWJOYk9yUHJRMlHyUwJUAlUSVhJXIlgyWUJaQltSXGJc4mOiZLJlsmbCZ8Jo0mniaqJrYmxybXJugm+CcJJxknKic7J0cnVydoJ3knySgiKDMoRChVKGYodyiIKJMoniivKMYo0ijeKO8pACkMKRcpTCldKW4peSmFKZYppimyKb4p+CotKj4qTipaKmUqdiqGKpcq3isnKzgrSCtZK2kreyuMK+8saSx6LIoslSyhLLIswyzULOQs9S0FLREtHS0uLT4tSS1ULWUtdS2yLgQuFS4lLjYuRi5XLmcueS6KLpwurS65LsUu1i7nLvgvCC8aLysvOy9ML10vbi9+L6Uv+DB3MRYxJzE4MUkxWTFkMW8xmDHBMdcx/zIfMlQyezK0MuYzBTNOM18zZzN4M4oznDOtM78z0DPjM+sz8zQSNBo0IjQqNDI0izSTNJs0wTTJNNE1BjUONTI1OjVxNXk1gTXoNfA2PDaQNqI2tDbENtQ25Db1Nwc3azfQOAY4ZzjFORI5TDmmOdI52josOjQ6XzrKOtI7EDtcO6g77TwlPF08uj0QPV89uT3LPdw97D38Pg0+Hz5vPoA+yj7SPto+7D70P1M/pj/lP/ZAB0A3QD9AhkCOQJZA30DnQSxBiUHBQdJCAUI8QkRCTEJUQlxCZEJsQnRCs0K7QsNC9EMrQ1tDlUPbRCNEYUSvRQ9FVkVeRbpGFUY0RnxGhEbKRyNHW0drR5tH0UgUSElIUUh1SH1IhUiqSLJJE0kbSUxJg0m0Se9KNEp9SrhLCEtlS6lLukwlTDVMg0yLTJNMpUytTQZNWE1gTXBNgE2xTdZN/U4OTh5OL05ATlJOZE51ToZOm06wTrhO2k73TxVPHU86T2lPmk+0T/JQWlB6UIpRJFEsUTRRV1F7UYdRoFHTUhhShlL4U25T1FQsVKBU9FT8VUtVYlV5VZBVp1YKVj5WY1aXVq5W0lcyV2JX41gsWD5YUFh9WIlYlVi8WONZAlkhWUBZdVm3WfxaTVpuWtNbJ1snWydbJ1snWydbJ1snWydbJ1snWydbJ1snXHFczFzdXOVdbF2nXgteHF4tXjleRV5XXoxew17TXuNfQF+XX+BgMWA6YENgTGB6YJlgqmC7YMtg22FOYZlh7WI7Ypti/mM/Y4Bj1mQsZI9k9GVpZeBmjGcwZzhnQGedZ/ZoL2hnaHloi2kBaQ1pgGnzap1rO2vRbDpsfWy/bQNtM21gbYZtrG6QbxtvgW/fcDFwgnDXcUNxe3G0cgZyVXKocvtzB3MTc1BzjHPNdBB0WHSsdOZ1HnVddaJ13XYddnN2xndCd7l3xXfReAJ4NHg8eG94rXjxeTB5cXmueex6MHpzer97C3tDe3p76HxLfMF9LX01fUZ9V32sffx+RH6Hfsx/FX9Vf5Z/2oAegG+AvYDFgNaA5oD4gQmBEYEZgSqBOoGLgdqB7IH9gg+CIYIzgkSCkILaguuC+4MNgx6DMINBg0mDUYNjg3SDhoOXg6iDuIPKg9uD7YP+hBCEIYRMhHeEiYSbhKeEsoS+hMqFEIVWhZSFnIX2hmSGyYcnh4GH1IgriHmIxIkTiWaJsInvii2KioqSip6Kqoq2isKK04rkivaLCIsaiyyLPotQi2KLdIuJi52Lr4vBi9OL5Yv3jAmMG4wtjEKMVoxijG6Mf4yQjKGMsYzDjNWM54z5jQuNHY0vjUGNVo1qjXuNjI2YjaSNsI28jc2N3o3wjgKOFI4mjjiOSo5cjm6Og46XjqiOuI7JjtmO6o77jwyPHI8ojzSPQI9Mj12Pbo9/j4+PoI+wj8GP0o/jj/OP/5ALkBeQI5A0kEWQVpBmkHKQppDhkR2RapHCkfqSMpJ7ks2S9ZMYkzuTRJODk62T7pROlJOU3pTmlQmVEZVulXqV9pYClg6WcZaBlpGWopaylseW2JbplvqXDJcdly6XP5dKl1uXZ5d5l4GXk5ebl62XtZe9l86X2gAAAAEAAAABGdsfPbV9Xw889QAJCAAAAAAAyTUxiwAAAADVK8zV+5r91QmiCGIAAAAJAAIAAAAAAAAEzQDBAAAAAAQUAAACFAAAAiMAmAM1AIUFKwAzBJMAgwaWAGgF1wBxAcUAhQJeAFICXgA9BGoAVgSTAGgB9gA/ApMAVAIhAJgC8AAUBJMAZgSTALwEkwBkBJMAXgSTACsEkwCFBJMAdQSTAF4EkwBoBJMAagIhAJgCIQA/BJMAaASTAHcEkwBoA28AGwcxAHkFEAAABS8AyQUMAH0F1QDJBHMAyQQhAMkF0wB9BecAyQKqAFQCI/9gBOkAyQQnAMkHOQDJBggAyQY7AH0E0QDJBjsAfQTyAMkEZABqBG0AEgXTALoEwwAAB2gAGwSeAAgEewAABJEAUgKiAKYC8AAXAqIAMwRWADEDlv/8BJ4BiQRzAF4E5wCwA88AcwTnAHMEfQBzArYAHQRiACcE6QCwAgYAogIG/5EEMwCwAgYAsAdxALAE6QCwBNUAcwTnALAE5wBzA0QAsAPRAGoC0wAfBOkApAQCAAAGOQAXBDEAJwQIAAIDvgBSAwgAPQRoAe4DCABIBJMAaAIUAAACIwCYBJMAvgSTAD8EkwB7BJMAHwRoAe4EIQB7BJ4BNQaoAGQC1QBGA/oAUgSTAGgCkwBUBqgAZAQA//oDbQB/BJMAaALHADECxwAhBJ4BiQT0ALAFPQBxAiEAmAHRACUCxwBMAwAAQgP6AFAGPQBLBj0ALgY9ABoDbwAzBRAAAAUQAAAFEAAABRAAAAUQAAAFEAAABvz//gUMAH0EcwDJBHMAyQRzAMkEcwDJAqoAPAKqAFQCqv//AqoAPAXHAC8GCADJBjsAfQY7AH0GOwB9BjsAfQY7AH0EkwCFBjsAfQXTALoF0wC6BdMAugXTALoEewAABOMAyQT6ALAEcwBeBHMAXgRzAF4EcwBeBHMAXgRzAF4G3QBeA88AcwR9AHMEfQBzBH0AcwR9AHMCBv/aAgYAqQIG/7MCBv/sBMUAcQTpALAE1QBzBNUAcwTVAHME1QBzBNUAcwSTAGgE1QBzBOkApATpAKQE6QCkBOkApAQIAAIE5wCwBAgAAgUQAAAEcwBeBRAAAARzAF4FEAAABHMAXgUMAH0DzwBzBQwAfQPPAHMFDAB9A88AcwUMAH0DzwBzBdUAyQTnAHMFxwAvBOcAcwRzAMkEfQBzBHMAyQR9AHMEcwDJBH0AcwRzAMkEfQBzBHMAyQR9AHMF0wB9BGIAJwXTAH0EYgAnBdMAfQRiACcF0wB9BGIAJwXnAMkE6QCwBecAAATpABQCqv/iAgb/kAKqACoCBv/aAqoAHgIG/8wCqgBUAgYANQKqAFQCBgCwBM0AVAQMAKICI/9gAgb/kQTpAMkEMwCwBCUAsAQnAMkCBgCjBCcAyQIGAFkEJwDJAgYAsAQnAMkCgwCwBC8AHQIX//wGCADJBOkAsAYIAMkE6QCwBggAyQTpALAFcwABBggAyQTpALAGOwB9BNUAcwY7AH0E1QBzBjsAfQTVAHMHYgB9B4kAcQTyAMkDRACwBPIAyQNEAGAE8gDJA0QAggRkAGoD0QBqBGQAagPRAGoEZABqA9EAagRkAGoD0QBqBG0AEgLTAB8EbQASAtMAHwRtABIC0wAfBdMAugTpAKQF0wC6BOkApAXTALoE6QCkBdMAugTpAKQF0wC6BOkApAXTALoE6QCkB2gAGwY5ABcEewAABAgAAgR7AAAEkQBSA74AUgSRAFIDvgBSBJEAUgO+AFICjwCwBJ4AwwUUAAAEcwBeBvz//gbdAF4GOwB9BNUAcwRkAGoD0QBqBLwBDAS8AQwEsgEtBLwBJQIGAKIEngFvAZMAJQS8AQgEngDnBJ4B/ASeARsFEAAAAiEAmATy/9QGff/UA5j/5AaB/+QFhf/UBoH/5AK2/+kFEAAABS8AyQQpAMkEkwAnBHMAyQSRAFIF5wDJBjsAfQKqAFQE6QDJBNMAAAc5AMkGCADJBG0ASAY7AH0F1QDJBNEAyQSJAEoEbQASBHsAAAZiAGoEngAIBl4AbQZCAFACqgA8BHsAAATjAHMDzQBaBOkAsAK2AKgE3wCkBOMAcwUGALAEGQAKBKQAcQPNAFoD3QBzBOkAsAS8AHMCtgCoBCUAsARG//IE9ACwBFYAAAPNAHEE1QBzBTMAGQTVAKYD2wBzBOcAcwPJABIE3wCkBb4AcwRe/+wGBgCkBi8AcwK2AAkE3wCkBNUAcwTfAKQGLwBzBHMAyQXfABIEKQDJBR0AfQRkAGoCqgBUAqoAPAIj/2AHbwAAB6AAyQXfABIE5QDJBPgAGwXVAMkFEAAABOcAyQUvAMkEKQDJBXcADgRzAMkGwQACBKYASgYZAMsGGQDLBOUAyQWiAAAHOQDJBecAyQY7AH0F1QDJBNEAyQUMAH0EbQASBPgAGwZiAGoEngAIBeUAyQWPAKoIQgDJCEQAyQWBABIG0wDJBSUAyQUKAD0IZgDJBRcAMwRzAF4ExQB3BI0AsANtALAEkwApBH0AcwXjAAQD3QBEBRIAsAUSALAEJwCwBJEAEAXhALAFEgCwBNUAcwT4ALAE5wCwA88AcwO8ACkECAACBbgAcQQxACcFAgCwBN0AnAcfALAHLQCwBY8AKQYpALAEvACwA/AAOQamALAEcQAlBH0AcwTpABQDbQCwA/AAcwPRAGoCBgCiAgb/7AIG/5EGsgAQBxcAsATpABQEJwCwBAgAAgT4ALAENwDJA20AsAdoABsGOQAXB2gAGwY5ABcHaAAbBjkAFwR7AAAECAACBAAAUggAAFIIAABSA0r//AFcABkBXAAZAfYAPwFcABkCzQAZAs0AGQM9ABkEBAB7BBQAewMCAKQGRgCYCZ4AZAHFAIUDJQCFAm8AUgJvAFAD4wCYAQr+eQMnAG0EkwBiBJMARAYbAJoEuAA/BpgAjQQpAHcIJwDJBjUAJQZCAFAE9ABmBj0ARwY9ACAGPQBHBj0AagSmAGYEkwAnBekAyQUMAEwEkwBoBGQAJQWkAHcDEgAMBJMAYgSTAGgEkwBoBJMAaASqAG8EvAAdBLwAHQSeANsCBv+RBAABiQQAAXEEAAGBAscAJwLHABQCxwA7AscAKQLHADkCxwAzAscAIwQAAAAIAAAABAAAAAgAAAACqgAAAgAAAAFWAAAEeQAAAiEAAAGaAAAAzQAAAAAAAAAAAAAIAABUCAAAVAIG/5EBXAAZBPoACgSFAAAGuAASBzkAyQdxALAFEAAABHMAXgZS/t8CqgB1AzMAmAd1AB0HdQAdBj0AfQTfAHMGJQC6BVIApAAA/FMAAP0NAAD8GQAA/QgAAP07BHMAyQYZAMsEfQBzBRIAsAgXAIUGjQAABWYAFwUOABcHWgDJBeMAsAVtAAAEgwAKB14AyQYhALAFxQAUBSMADAfLAMkGxQCwBKgAPwPdABkGXgBtBgYApAY9AH0E1QBzBQIAAAQMAAAFAgAABAwAAAmsAH0IfQBzBo0AfQVCAHMH/gB9BncAcwffAF4GjQAABR0AfQPnAHME3wBqBHUAywSeAPgEngHfBJ4B4QfpACkHpgApBikAyQUlALAE5wAvBLwAFATjAMkE5wCwBDcALwNtABIFIwDJBDMAsAcfAAIGPQAEBKYASgPdAEQFSgDJBFwAsATpAMkERACwBOkALwQjABQFgwAQBOwAKQX4AMkFLwCwBoEAyQXjALAIiQDJBuwAsAY7AH0FHwBzBQwAfQPPAHMEbQAQA7wAKQR7AAAEAgAABHsAAAQCAAAE9AAIBFYAJwbXABAFvAApBYkAqgTfAJwFjwCqBM0AnAWPAMkErgCwBrQAPQVGADMGtAA9BUYAMwKqAFQGwQACBeMABAWDAMkEZACwBaYAAASTABAF0QDJBO4AsAX2AMkFOQCwBY8AqgTdAJwHOwDJBeMAsAKqAFQFEAAABHMAXgUQAAAEcwBeBvz//gbdAF4EcwDJBH0AcwXXAHUEeQBmBdcAdQR5AGYGwQACBeMABASmAEoD3QBEBKoASgPpABsGGQDLBRIAsAYZAMsFEgCwBjsAfQTVAHMGPQB9BNUAcwY9AH0E1QBzBQoAPQPwADkE+AAbBAgAAgT4ABsECAACBPgAGwQIAAIFjwCqBN0AnAQ3AMkDbQCwBtMAyQYpALAENwAvA20AEgT4AAgEUgAnBJ4ABgQxACcE5wCDBOcAcwcxAIMHKwBzBzsATgZqAFAFAABOBC8AUAfZAAAGzwAQCBkAyQdOALAGDAB9BR8AcwWuABAFLQApBKoAbwPNAFoFmgAABJEAEAUQAAAEcwBeBRAAAARzAF4FEAAABHMAXgUQAAAEcwAtBRAAAARzAF4FEAAABHMAXgUQAAAEcwBeBRAAAARzAF4FEAAABHMAXgUQAAAEcwBeBRAAAARzAF4FEAAABHMAXgRzAMkEfQBzBHMAyQR9AHMEcwDJBH0AcwRzAMkEfQBzBHMAXQR9AEoEcwDJBH0AcwRzAMkEfQBzBHMAyQR9AHMCqgBUAgYAewKqAFQCBgCdBjsAfQTVAHMGOwB9BNUAcwY7AH0E1QBzBjsAfQTVAGEGOwB9BNUAcwY7AH0E1QBzBjsAfQTVAHMGPQB9BN8AcwY9AH0E3wBzBj0AfQTfAHMGPQB9BN8AcwY9AH0E3wBzBdMAugTpAKQF0wC6BOkApAYlALoFUgCkBiUAugVSAKQGJQC6BVIApAYlALoFUgCkBiUAugVSAKQEewAABAgAAgR7AAAECAACBHsAAAQIAAIE5wBzAAD75QAA/HEAAPuaAAD8cQAA/GgAAPx5AAD8eQAA/HkAAPxoAaQAMQGkABkBpAAZAy0ANASJAHMC9AAtBBQAKQSTAF4EjwAXBJMAhQSTAHUEkwBeBJMAaASTAGoFbQAdBloAXARtABIC0wAfBOcAcQTnAHEE5wBxBOcAcQTnAHECOwDJAjsABQI7ALMCO//HAjsABQI7/6sCO//zAjv/5wI7AFYCOwC7BF4AyQLl/+QCOwDJAAUAyQAFAMkAyQCZALgAAAABAAAIjf2oAAAJrPua/nsJogABAAAAAAAAAAAAAAAAAAADowADBLYBkAAFAAAFmgUzAAABHwWaBTMAAAPRAGYB8QgCAgsGBgMFBAICBOAAAu9AACBbAAAAKAAAAAAxQVNDAEAAIP/9Bh/+FACECI0CWCAAAZ8AAAAABEgFtgAAACAAAwAAAAEAAwABAAAADAAEA3wAAADGAIAABgBGAEgASQB+AMsAzwEnATIBYQFjAX8BkgGhAbAB8AH/AhsCNwK8AscCyQLdAvMDAQMDAwkDDwMjA4kDigOMA5gDmQOhA6kDqgPOA9ID1gQNBE8EUARcBF8EhgSPBJEEvwTABM4EzwUTHgEePx6FHsceyh7xHvMe+R9NIAsgFSAeICIgJiAwIDMgOiA8IEQgcCB5IH8gpCCnIKwhBSETIRYhICEiISYhLiFeIgIiBiIPIhIiGiIeIisiSCJgImUlyvsE/v///f//AAAAIABJAEoAoADMANABKAEzAWIBZAGSAaABrwHwAfoCGAI3ArwCxgLJAtgC8wMAAwMDCQMPAyMDhAOKA4wDjgOZA5oDowOqA6sD0QPWBAAEDgRQBFEEXQRgBIgEkASSBMAEwQTPBNAeAB4+HoAeoB7IHsse8h70H00gACATIBcgICAmIDAgMiA5IDwgRCBwIHQgfyCjIKcgqyEFIRMhFiEgISIhJiEuIVsiAiIGIg8iESIaIh4iKyJIImAiZCXK+wD+///8////4wNN/+P/wgLL/8IAAP/CAi3/wv+wAL8AsgBh/0kAAAAA/5b+hf6E/nb/aP9j/2L/XQBn/0T90AAX/c/9zgAJ/c79zf/5/c3+gv5/AAD9mv4a/ZkAAP4M/gv9aP4J/ub+Cf7Y/gnkWOQY43rkfQAA5H3jDuR74w3iQuHv4e7h7eHq4eHh4OHb4drh0+HL4cjhmeF24XQAAOEY4QvhCeJu4P7g++D04MjgJeAi4BrgGeAS4A/gA9/n39DfzdxpAAADTwJTAAEAAAAAAAAAAAAAAAAAugAAAAAAAAAAAAAAAAAAAAAAvgAAAAAAAAAAAAAAAAAAAAAAAAAAAAAAAAAAAAAAAAAAAAAAAAAAAAAAAAAAAJgAAAAAAAAArAAAAAAAAAAAAAAAAAAAAAAAAAAAAAAAAACYAAAAAAAAAAAAAAAAAAAAAAAAAAAAAAAAAAAAAAAAAAAAAAAAAAAAdgAAAAAAAAAAAAAAAAAAAAAAAAAAAAAAAAAAAAAAAAAAAAAAAAAAAFIAAAAAAAADmwDrA5wA7QOdAO8DngDxA58A8wOgAUkBSgEkASUCaAGcAZ0BngGfAaADpAOlAaMBpAGlAaYBpwJpAmsB9gH3A6gDRgOpA3UCHAONAjQCNQJdAl5AR1taWVhVVFNSUVBPTk1MS0pJSEdGRURDQkFAPz49PDs6OTg3NjUxMC8uLSwoJyYlJCMiIR8YFBEQDw4NCwoJCAcGBQQDAgEALCCwAWBFsAMlIBFGYSNFI2FILSwgRRhoRC0sRSNGYLAgYSCwRmCwBCYjSEgtLEUjRiNhsCBgILAmYbAgYbAEJiNISC0sRSNGYLBAYSCwZmCwBCYjSEgtLEUjRiNhsEBgILAmYbBAYbAEJiNISC0sARAgPAA8LSwgRSMgsM1EIyC4AVpRWCMgsI1EI1kgsO1RWCMgsE1EI1kgsAQmUVgjILANRCNZISEtLCAgRRhoRCCwAWAgRbBGdmiKRWBELSwBsQsKQyNDZQotLACxCgtDI0MLLSwAsCgjcLEBKD4BsCgjcLECKEU6sQIACA0tLCBFsAMlRWFksFBRWEVEGyEhWS0sSbAOI0QtLCBFsABDYEQtLAGwBkOwB0NlCi0sIGmwQGGwAIsgsSzAioy4EABiYCsMZCNkYVxYsANhWS0sigNFioqHsBErsCkjRLApeuQYLSxFZbAsI0RFsCsjRC0sS1JYRUQbISFZLSxLUVhFRBshIVktLAGwBSUQIyCK9QCwAWAj7ewtLAGwBSUQIyCK9QCwAWEj7ewtLAGwBiUQ9QDt7C0ssAJDsAFSWCEhISEhG0YjRmCKikYjIEaKYIphuP+AYiMgECOKsQwMinBFYCCwAFBYsAFhuP+6ixuwRoxZsBBgaAE6WS0sIEWwAyVGUkuwE1FbWLACJUYgaGGwAyWwAyU/IyE4GyERWS0sIEWwAyVGUFiwAiVGIGhhsAMlsAMlPyMhOBshEVktLACwB0OwBkMLLSwhIQxkI2SLuEAAYi0sIbCAUVgMZCNki7ggAGIbsgBALytZsAJgLSwhsMBRWAxkI2SLuBVVYhuyAIAvK1mwAmAtLAxkI2SLuEAAYmAjIS0sS1NYirAEJUlkI0VpsECLYbCAYrAgYWqwDiNEIxCwDvYbISOKEhEgOS9ZLSxLU1ggsAMlSWRpILAFJrAGJUlkI2GwgGKwIGFqsA4jRLAEJhCwDvaKELAOI0SwDvawDiNEsA7tG4qwBCYREiA5IyA5Ly9ZLSxFI0VgI0VgI0VgI3ZoGLCAYiAtLLBIKy0sIEWwAFRYsEBEIEWwQGFEGyEhWS0sRbEwL0UjRWFgsAFgaUQtLEtRWLAvI3CwFCNCGyEhWS0sS1FYILADJUVpU1hEGyEhWRshIVktLEWwFEOwAGBjsAFgaUQtLLAvRUQtLEUjIEWKYEQtLEUjRWBELSxLI1FYuQAz/+CxNCAbszMANABZREQtLLAWQ1iwAyZFilhkZrAfYBtksCBgZiBYGyGwQFmwAWFZI1hlWbApI0QjELAp4BshISEhIVktLLACQ1RYS1MjS1FaWDgbISFZGyEhISFZLSywFkNYsAQlRWSwIGBmIFgbIbBAWbABYSNYG2VZsCkjRLAFJbAIJQggWAIbA1mwBCUQsAUlIEawBCUjQjywBCWwByUIsAclELAGJSBGsAQlsAFgI0I8IFgBGwBZsAQlELAFJbAp4LApIEVlRLAHJRCwBiWwKeCwBSWwCCUIIFgCGwNZsAUlsAMlQ0iwBCWwByUIsAYlsAMlsAFgQ0gbIVkhISEhISEhLSwCsAQlICBGsAQlI0KwBSUIsAMlRUghISEhLSwCsAMlILAEJQiwAiVDSCEhIS0sRSMgRRggsABQIFgjZSNZI2ggsEBQWCGwQFkjWGVZimBELSxLUyNLUVpYIEWKYEQbISFZLSxLVFggRYpgRBshIVktLEtTI0tRWlg4GyEhWS0ssAAhS1RYOBshIVktLLACQ1RYsEYrGyEhISFZLSywAkNUWLBHKxshISFZLSywAkNUWLBIKxshISEhWS0ssAJDVFiwSSsbISEhWS0sIIoII0tTiktRWlgjOBshIVktLACwAiVJsABTWCCwQDgRGyFZLSwBRiNGYCNGYSMgECBGimG4/4BiirFAQIpwRWBoOi0sIIojSWSKI1NYPBshWS0sS1JYfRt6WS0ssBIASwFLVEItLLECAEKxIwGIUbFAAYhTWli5EAAAIIhUWLICAQJDYEJZsSQBiFFYuSAAAECIVFiyAgICQ2BCsSQBiFRYsgIgAkNgQgBLAUtSWLICCAJDYEJZG7lAAACAiFRYsgIEAkNgQlm5QAAAgGO4AQCIVFiyAggCQ2BCWblAAAEAY7gCAIhUWLICEAJDYEJZsSYBiFFYuUAAAgBjuAQAiFRYsgJAAkNgQlm5QAAEAGO4CACIVFiyAoACQ2BCWVlZWVlZsQACQ1RYQAoFQAhACUAMAg0CG7EBAkNUWLIFQAi6AQAACQEAswwBDQEbsYACQ1JYsgVACLgBgLEJQBuyBUAIugGAAAkBQFm5QAAAgIhVuUAAAgBjuAQAiFVaWLMMAA0BG7MMAA0BWVlZQkJCQkItLEUYaCNLUVgjIEUgZLBAUFh8WWiKYFlELSywABawAiWwAiUBsAEjPgCwAiM+sQECBgywCiNlQrALI0IBsAEjPwCwAiM/sQECBgywBiNlQrAHI0KwARYBLSywgLACQ1CwAbACQ1RbWCEjELAgGskbihDtWS0ssFkrLSyKEOUtQJkJIUggVSABHlUfSANVHx4BDx4/Hq8eA01LJh9MSzMfS0YlHyY0EFUlMyRVGRP/HwcE/x8GA/8fSkkzH0lGJR8TMxJVBQEDVQQzA1UfAwEPAz8DrwMDR0YZH+tGASMzIlUcMxtVFjMVVREBD1UQMw9VDw9PDwIfD88PAg8P/w8CBgIBAFUBMwBVbwB/AK8A7wAEEAABgBYBBQG4AZCxVFMrK0u4B/9SS7AJUFuwAYiwJVOwAYiwQFFasAaIsABVWltYsQEBjlmFjY0AQh1LsDJTWLAgHVlLsGRTWLAQHbEWAEJZc3MrK15zdHUrKysrK3Qrc3QrKysrKysrKysrKysrc3QrKysYXgAAAAYUABcATgW2ABcAdQW2Bc0AAAAAAAAAAAAAAAAAAARIABQAkQAA/+wAAAAA/+wAAAAA/+wAAP4U/+wAAAW2ABP8lP/t/oX/6v6p/+wAGP68AAAAAAAAAAAAAAAAAAAAAAAAAAAAAAAAAAAAAAAAAAAAAAAAAAAAAAAAAAAAAAAAAAAAAAAACAAAAAAAAIsAgQDdAJgAjwCOAJkAiACBAQ8AigAAAAAADQCiAAMAAQQJAAAAcgAAAAMAAQQJAAEAEgByAAMAAQQJAAIADgCEAAMAAQQJAAMANACSAAMAAQQJAAQAIgDGAAMAAQQJAAUAGADoAAMAAQQJAAYAIAEAAAMAAQQJAAcApAEgAAMAAQQJAAgAKAHEAAMAAQQJAAsAOAHsAAMAAQQJAAwAXAIkAAMAAQQJAA0AXAKAAAMAAQQJAA4AVALcAEQAaQBnAGkAdABpAHoAZQBkACAAZABhAHQAYQAgAGMAbwBwAHkAcgBpAGcAaAB0ACAAqQAgADIAMAAxADAALQAyADAAMQAxACwAIABHAG8AbwBnAGwAZQAgAEMAbwByAHAAbwByAGEAdABpAG8AbgAuAE8AcABlAG4AIABTAGEAbgBzAFIAZQBnAHUAbABhAHIAMQAuADEAMAA7ADEAQQBTAEMAOwBPAHAAZQBuAFMAYQBuAHMALQBSAGUAZwB1AGwAYQByAE8AcABlAG4AIABTAGEAbgBzACAAUgBlAGcAdQBsAGEAcgBWAGUAcgBzAGkAbwBuACAAMQAuADEAMABPAHAAZQBuAFMAYQBuAHMALQBSAGUAZwB1AGwAYQByAE8AcABlAG4AIABTAGEAbgBzACAAaQBzACAAYQAgAHQAcgBhAGQAZQBtAGEAcgBrACAAbwBmACAARwBvAG8AZwBsAGUAIABhAG4AZAAgAG0AYQB5ACAAYgBlACAAcgBlAGcAaQBzAHQAZQByAGUAZAAgAGkAbgAgAGMAZQByAHQAYQBpAG4AIABqAHUAcgBpAHMAZABpAGMAdABpAG8AbgBzAC4AQQBzAGMAZQBuAGQAZQByACAAQwBvAHIAcABvAHIAYQB0AGkAbwBuAGgAdAB0AHAAOgAvAC8AdwB3AHcALgBhAHMAYwBlAG4AZABlAHIAYwBvAHIAcAAuAGMAbwBtAC8AaAB0AHQAcAA6AC8ALwB3AHcAdwAuAGEAcwBjAGUAbgBkAGUAcgBjAG8AcgBwAC4AYwBvAG0ALwB0AHkAcABlAGQAZQBzAGkAZwBuAGUAcgBzAC4AaAB0AG0AbABMAGkAYwBlAG4AcwBlAGQAIAB1AG4AZABlAHIAIAB0AGgAZQAgAEEAcABhAGMAaABlACAATABpAGMAZQBuAHMAZQAsACAAVgBlAHIAcwBpAG8AbgAgADIALgAwAGgAdAB0AHAAOgAvAC8AdwB3AHcALgBhAHAAYQBjAGgAZQAuAG8AcgBnAC8AbABpAGMAZQBuAHMAZQBzAC8ATABJAEMARQBOAFMARQAtADIALgAwAAAAAgAAAAAAAP9mAGYAAAAAAAAAAAAAAAAAAAAAAAAAAAOqAAABAgACAAMABAAFAAYABwAIAAkACgALAAwADQAOAA8AEAARABIAEwAUABUAFgAXABgAGQAaABsAHAAdAB4AHwAgACEAIgAjACQAJQAmACcAKAApACoAKwEDAC0ALgAvADAAMQAyADMANAA1ADYANwA4ADkAOgA7ADwAPQA+AD8AQABBAEIAQwBEAEUARgBHAEgASQBKAEsATABNAE4ATwBQAFEAUgBTAFQAVQBWAFcAWABZAFoAWwBcAF0AXgBfAGAAYQCsAKMAhACFAL0AlgDoAIYAjgCLAJ0AqQCkAQQAigEFAIMAkwDyAPMAjQCXAIgAwwDeAPEAngCqAPUA9AD2AKIArQDJAMcArgBiAGMAkABkAMsAZQDIAMoBBgEHAQgBCQDpAGYA0wDQANEArwBnAPAAkQDWANQA1QBoAOsA7QCJAGoAaQBrAG0AbABuAKAAbwBxAHAAcgBzAHUAdAB2AHcA6gB4AHoAeQB7AH0AfAC4AKEAfwB+AIAAgQDsAO4AugEKAQsBDAENAQ4BDwD9AP4BEAERARIBEwD/AQABFAEVARYBAQEXARgBGQEaARsBHAEdAR4BHwEgASEBIgD4APkBIwEkASUBJgEnASgBKQEqASsBLAEtAS4BLwEwATEBMgEzANcBNAE1ATYBNwE4ATkBOgE7ATwBPQE+AT8BQAFBAUIA4gDjAUMBRAFFAUYBRwFIAUkBSgFLAUwBTQFOAU8BUAFRALAAsQFSAVMBVAFVAVYBVwFYAVkBWgFbAPsA/ADkAOUBXAFdAV4BXwFgAWEBYgFjAWQBZQFmAWcBaAFpAWoBawFsAW0BbgFvAXABcQC7AXIBcwF0AXUA5gDnAXYApgF3AXgBeQF6AXsBfAF9AX4A2ADhANoA2wDcAN0A4ADZAN8BfwGAAYEBggGDAYQBhQGGAYcBiAGJAYoBiwGMAY0BjgGPAZABkQGSAZMBlAGVAZYBlwGYAZkBmgGbAZwBnQGeAZ8BoAGhAaIBowGkAaUBpgGnAagBqQGqAasBrAGtAa4BrwGwAbEBsgGzAbQBtQG2AbcAmwG4AbkBugG7AbwBvQG+Ab8BwAHBAcIBwwHEAcUBxgHHAcgByQHKAcsBzAHNAc4BzwHQAdEB0gHTAdQB1QHWAdcB2AHZAdoB2wHcAd0B3gHfAeAB4QHiAeMB5AHlAeYB5wHoAekB6gHrAewB7QHuAe8B8AHxAfIB8wH0AfUB9gH3AfgB+QH6AfsB/AH9Af4B/wIAAgECAgIDAgQCBQIGAgcCCAIJAgoCCwIMAg0CDgIPAhACEQISAhMCFAIVAhYCFwIYAhkCGgIbAhwCHQIeAh8CIAIhAiICIwIkAiUCJgInAigCKQIqAisAsgCzAiwCLQC2ALcAxAIuALQAtQDFAIIAwgCHAKsAxgIvAjAAvgC/AjEAvAIyAPcCMwI0AjUCNgI3AjgAjACfAjkCOgI7AjwCPQCYAKgAmgCZAO8ApQCSAJwApwCPAJQAlQC5Aj4CPwJAAkECQgJDAkQCRQJGAkcCSAJJAkoCSwJMAk0CTgJPAlACUQJSAlMCVAJVAlYCVwJYAlkCWgJbAlwCXQJeAl8CYAJhAmICYwJkAmUCZgJnAmgCaQJqAmsCbAJtAm4CbwJwAnECcgJzAnQCdQJ2AncCeAJ5AnoCewJ8An0CfgJ/AoACgQKCAoMChAKFAoYChwKIAokCigKLAowCjQKOAo8CkAKRApICkwKUApUClgKXApgCmQKaApsCnAKdAp4CnwKgAqECogKjAqQCpQKmAqcCqAKpAqoCqwKsAq0CrgKvArACsQKyArMCtAK1ArYCtwK4ArkCugK7ArwCvQK+Ar8CwALBAsICwwLEAsUCxgLHAsgCyQLKAssCzALNAs4CzwLQAtEC0gLTAtQC1QLWAtcC2ALZAtoC2wLcAt0C3gLfAuAC4QLiAuMC5ALlAuYC5wLoAukC6gLrAuwC7QLuAu8C8ALxAvIC8wL0AvUC9gL3AvgC+QL6AvsC/AL9Av4C/wMAAwEDAgMDAwQDBQMGAwcDCAMJAwoDCwMMAw0DDgMPAxADEQMSAxMDFAMVAxYDFwMYAxkDGgMbAxwDHQMeAx8DIAMhAyIDIwMkAyUDJgMnAygDKQMqAysDLAMtAy4DLwMwAzEDMgMzAzQDNQM2AzcDOAM5AzoDOwM8Az0DPgM/A0ADQQNCA0MDRANFA0YDRwNIA0kDSgNLA0wDTQNOA08DUANRA1IDUwNUA1UDVgNXA1gDWQNaA1sDXANdA14DXwNgA2EDYgNjA2QDZQNmA2cDaANpA2oDawNsA20DbgNvA3ADcQNyA3MDdAN1A3YDdwN4A3kDegN7A3wDfQN+A38DgAOBA4IDgwOEA4UDhgOHA4gDiQOKA4sDjAONA44DjwOQA5EDkgOTA5QDlQOWA5cDmAOZA5oDmwOcA50DngOfACwAzwDMAM0AzgOgA6EDogOjAPoDpAOlA6YDpwOoA6kDqgOrA6wDrQRudWxsBUkuYWx0B3VuaTAwQUQJb3ZlcnNjb3JlCklncmF2ZS5hbHQKSWFjdXRlLmFsdA9JY2lyY3VtZmxleC5hbHQNSWRpZXJlc2lzLmFsdAdBbWFjcm9uB2FtYWNyb24GQWJyZXZlBmFicmV2ZQdBb2dvbmVrB2FvZ29uZWsLQ2NpcmN1bWZsZXgLY2NpcmN1bWZsZXgEQ2RvdARjZG90BkRjYXJvbgZkY2Fyb24GRGNyb2F0B0VtYWNyb24HZW1hY3JvbgZFYnJldmUGZWJyZXZlCkVkb3RhY2NlbnQKZWRvdGFjY2VudAdFb2dvbmVrB2VvZ29uZWsGRWNhcm9uBmVjYXJvbgtHY2lyY3VtZmxleAtnY2lyY3VtZmxleARHZG90BGdkb3QMR2NvbW1hYWNjZW50DGdjb21tYWFjY2VudAtIY2lyY3VtZmxleAtoY2lyY3VtZmxleARIYmFyBGhiYXIKSXRpbGRlLmFsdAZpdGlsZGULSW1hY3Jvbi5hbHQHaW1hY3JvbgpJYnJldmUuYWx0BmlicmV2ZQtJb2dvbmVrLmFsdAdpb2dvbmVrDklkb3RhY2NlbnQuYWx0BklKLmFsdAJpagtKY2lyY3VtZmxleAtqY2lyY3VtZmxleAxLY29tbWFhY2NlbnQMa2NvbW1hYWNjZW50DGtncmVlbmxhbmRpYwZMYWN1dGUGbGFjdXRlDExjb21tYWFjY2VudAxsY29tbWFhY2NlbnQGTGNhcm9uBmxjYXJvbgRMZG90BGxkb3QGTmFjdXRlBm5hY3V0ZQxOY29tbWFhY2NlbnQMbmNvbW1hYWNjZW50Bk5jYXJvbgZuY2Fyb24LbmFwb3N0cm9waGUDRW5nA2VuZwdPbWFjcm9uB29tYWNyb24GT2JyZXZlBm9icmV2ZQ1PaHVuZ2FydW1sYXV0DW9odW5nYXJ1bWxhdXQGUmFjdXRlBnJhY3V0ZQxSY29tbWFhY2NlbnQMcmNvbW1hYWNjZW50BlJjYXJvbgZyY2Fyb24GU2FjdXRlBnNhY3V0ZQtTY2lyY3VtZmxleAtzY2lyY3VtZmxleAxUY29tbWFhY2NlbnQMdGNvbW1hYWNjZW50BlRjYXJvbgZ0Y2Fyb24EVGJhcgR0YmFyBlV0aWxkZQZ1dGlsZGUHVW1hY3Jvbgd1bWFjcm9uBlVicmV2ZQZ1YnJldmUFVXJpbmcFdXJpbmcNVWh1bmdhcnVtbGF1dA11aHVuZ2FydW1sYXV0B1VvZ29uZWsHdW9nb25lawtXY2lyY3VtZmxleAt3Y2lyY3VtZmxleAtZY2lyY3VtZmxleAt5Y2lyY3VtZmxleAZaYWN1dGUGemFjdXRlClpkb3RhY2NlbnQKemRvdGFjY2VudAVsb25ncwpBcmluZ2FjdXRlCmFyaW5nYWN1dGUHQUVhY3V0ZQdhZWFjdXRlC09zbGFzaGFjdXRlC29zbGFzaGFjdXRlDFNjb21tYWFjY2VudAxzY29tbWFhY2NlbnQFdG9ub3MNZGllcmVzaXN0b25vcwpBbHBoYXRvbm9zCWFub3RlbGVpYQxFcHNpbG9udG9ub3MIRXRhdG9ub3MNSW90YXRvbm9zLmFsdAxPbWljcm9udG9ub3MMVXBzaWxvbnRvbm9zCk9tZWdhdG9ub3MRaW90YWRpZXJlc2lzdG9ub3MFQWxwaGEEQmV0YQVHYW1tYQd1bmkwMzk0B0Vwc2lsb24EWmV0YQNFdGEFVGhldGEISW90YS5hbHQFS2FwcGEGTGFtYmRhAk11Ak51AlhpB09taWNyb24CUGkDUmhvBVNpZ21hA1RhdQdVcHNpbG9uA1BoaQNDaGkDUHNpB3VuaTAzQTkQSW90YWRpZXJlc2lzLmFsdA9VcHNpbG9uZGllcmVzaXMKYWxwaGF0b25vcwxlcHNpbG9udG9ub3MIZXRhdG9ub3MJaW90YXRvbm9zFHVwc2lsb25kaWVyZXNpc3Rvbm9zBWFscGhhBGJldGEFZ2FtbWEFZGVsdGEHZXBzaWxvbgR6ZXRhA2V0YQV0aGV0YQRpb3RhBWthcHBhBmxhbWJkYQd1bmkwM0JDAm51AnhpB29taWNyb24DcmhvBnNpZ21hMQVzaWdtYQN0YXUHdXBzaWxvbgNwaGkDY2hpA3BzaQVvbWVnYQxpb3RhZGllcmVzaXMPdXBzaWxvbmRpZXJlc2lzDG9taWNyb250b25vcwx1cHNpbG9udG9ub3MKb21lZ2F0b25vcwlhZmlpMTAwMjMJYWZpaTEwMDUxCWFmaWkxMDA1MglhZmlpMTAwNTMJYWZpaTEwMDU0DWFmaWkxMDA1NS5hbHQNYWZpaTEwMDU2LmFsdAlhZmlpMTAwNTcJYWZpaTEwMDU4CWFmaWkxMDA1OQlhZmlpMTAwNjAJYWZpaTEwMDYxCWFmaWkxMDA2MglhZmlpMTAxNDUJYWZpaTEwMDE3CWFmaWkxMDAxOAlhZmlpMTAwMTkJYWZpaTEwMDIwCWFmaWkxMDAyMQlhZmlpMTAwMjIJYWZpaTEwMDI0CWFmaWkxMDAyNQlhZmlpMTAwMjYJYWZpaTEwMDI3CWFmaWkxMDAyOAlhZmlpMTAwMjkJYWZpaTEwMDMwCWFmaWkxMDAzMQlhZmlpMTAwMzIJYWZpaTEwMDMzCWFmaWkxMDAzNAlhZmlpMTAwMzUJYWZpaTEwMDM2CWFmaWkxMDAzNwlhZmlpMTAwMzgJYWZpaTEwMDM5CWFmaWkxMDA0MAlhZmlpMTAwNDEJYWZpaTEwMDQyCWFmaWkxMDA0MwlhZmlpMTAwNDQJYWZpaTEwMDQ1CWFmaWkxMDA0NglhZmlpMTAwNDcJYWZpaTEwMDQ4CWFmaWkxMDA0OQlhZmlpMTAwNjUJYWZpaTEwMDY2CWFmaWkxMDA2NwlhZmlpMTAwNjgJYWZpaTEwMDY5CWFmaWkxMDA3MAlhZmlpMTAwNzIJYWZpaTEwMDczCWFmaWkxMDA3NAlhZmlpMTAwNzUJYWZpaTEwMDc2CWFmaWkxMDA3NwlhZmlpMTAwNzgJYWZpaTEwMDc5CWFmaWkxMDA4MAlhZmlpMTAwODEJYWZpaTEwMDgyCWFmaWkxMDA4MwlhZmlpMTAwODQJYWZpaTEwMDg1CWFmaWkxMDA4NglhZmlpMTAwODcJYWZpaTEwMDg4CWFmaWkxMDA4OQlhZmlpMTAwOTAJYWZpaTEwMDkxCWFmaWkxMDA5MglhZmlpMTAwOTMJYWZpaTEwMDk0CWFmaWkxMDA5NQlhZmlpMTAwOTYJYWZpaTEwMDk3CWFmaWkxMDA3MQlhZmlpMTAwOTkJYWZpaTEwMTAwCWFmaWkxMDEwMQlhZmlpMTAxMDIJYWZpaTEwMTAzCWFmaWkxMDEwNAlhZmlpMTAxMDUJYWZpaTEwMTA2CWFmaWkxMDEwNwlhZmlpMTAxMDgJYWZpaTEwMTA5CWFmaWkxMDExMAlhZmlpMTAxOTMJYWZpaTEwMDUwCWFmaWkxMDA5OAZXZ3JhdmUGd2dyYXZlBldhY3V0ZQZ3YWN1dGUJV2RpZXJlc2lzCXdkaWVyZXNpcwZZZ3JhdmUGeWdyYXZlCWFmaWkwMDIwOA11bmRlcnNjb3JlZGJsDXF1b3RlcmV2ZXJzZWQGbWludXRlBnNlY29uZAlleGNsYW1kYmwJbnN1cGVyaW9yCWFmaWkwODk0MQZwZXNldGEERXVybwlhZmlpNjEyNDgJYWZpaTYxMjg5CWFmaWk2MTM1Mgllc3RpbWF0ZWQJb25lZWlnaHRoDHRocmVlZWlnaHRocwtmaXZlZWlnaHRocwxzZXZlbmVpZ2h0aHMHdW5pRkIwMQd1bmlGQjAyDWN5cmlsbGljYnJldmUIZG90bGVzc2oQY2Fyb25jb21tYWFjY2VudAtjb21tYWFjY2VudBFjb21tYWFjY2VudHJvdGF0ZQx6ZXJvc3VwZXJpb3IMZm91cnN1cGVyaW9yDGZpdmVzdXBlcmlvcgtzaXhzdXBlcmlvcg1zZXZlbnN1cGVyaW9yDWVpZ2h0c3VwZXJpb3IMbmluZXN1cGVyaW9yB3VuaTIwMDAHdW5pMjAwMQd1bmkyMDAyB3VuaTIwMDMHdW5pMjAwNAd1bmkyMDA1B3VuaTIwMDYHdW5pMjAwNwd1bmkyMDA4B3VuaTIwMDkHdW5pMjAwQQd1bmkyMDBCB3VuaUZFRkYHdW5pRkZGQwd1bmlGRkZEB3VuaTAxRjAHdW5pMDJCQwd1bmkwM0QxB3VuaTAzRDIHdW5pMDNENgd1bmkxRTNFB3VuaTFFM0YHdW5pMUUwMAd1bmkxRTAxB3VuaTFGNEQHdW5pMDJGMwlkYXNpYW94aWEHdW5pRkIwMwd1bmlGQjA0BU9ob3JuBW9ob3JuBVVob3JuBXVob3JuB3VuaTAzMDAHdW5pMDMwMQd1bmkwMzAzBGhvb2sIZG90YmVsb3cHdW5pMDQwMAd1bmkwNDBEB3VuaTA0NTAHdW5pMDQ1RAd1bmkwNDYwB3VuaTA0NjEHdW5pMDQ2Mgd1bmkwNDYzB3VuaTA0NjQHdW5pMDQ2NQd1bmkwNDY2B3VuaTA0NjcHdW5pMDQ2OAd1bmkwNDY5B3VuaTA0NkEHdW5pMDQ2Qgd1bmkwNDZDB3VuaTA0NkQHdW5pMDQ2RQd1bmkwNDZGB3VuaTA0NzAHdW5pMDQ3MQd1bmkwNDcyB3VuaTA0NzMHdW5pMDQ3NAd1bmkwNDc1B3VuaTA0NzYHdW5pMDQ3Nwd1bmkwNDc4B3VuaTA0NzkHdW5pMDQ3QQd1bmkwNDdCB3VuaTA0N0MHdW5pMDQ3RAd1bmkwNDdFB3VuaTA0N0YHdW5pMDQ4MAd1bmkwNDgxB3VuaTA0ODIHdW5pMDQ4Mwd1bmkwNDg0B3VuaTA0ODUHdW5pMDQ4Ngd1bmkwNDg4B3VuaTA0ODkHdW5pMDQ4QQd1bmkwNDhCB3VuaTA0OEMHdW5pMDQ4RAd1bmkwNDhFB3VuaTA0OEYHdW5pMDQ5Mgd1bmkwNDkzB3VuaTA0OTQHdW5pMDQ5NQd1bmkwNDk2B3VuaTA0OTcHdW5pMDQ5OAd1bmkwNDk5B3VuaTA0OUEHdW5pMDQ5Qgd1bmkwNDlDB3VuaTA0OUQHdW5pMDQ5RQd1bmkwNDlGB3VuaTA0QTAHdW5pMDRBMQd1bmkwNEEyB3VuaTA0QTMHdW5pMDRBNAd1bmkwNEE1B3VuaTA0QTYHdW5pMDRBNwd1bmkwNEE4B3VuaTA0QTkHdW5pMDRBQQd1bmkwNEFCB3VuaTA0QUMHdW5pMDRBRAd1bmkwNEFFB3VuaTA0QUYHdW5pMDRCMAd1bmkwNEIxB3VuaTA0QjIHdW5pMDRCMwd1bmkwNEI0B3VuaTA0QjUHdW5pMDRCNgd1bmkwNEI3B3VuaTA0QjgHdW5pMDRCOQd1bmkwNEJBB3VuaTA0QkIHdW5pMDRCQwd1bmkwNEJEB3VuaTA0QkUHdW5pMDRCRgt1bmkwNEMwLmFsdAd1bmkwNEMxB3VuaTA0QzIHdW5pMDRDMwd1bmkwNEM0B3VuaTA0QzUHdW5pMDRDNgd1bmkwNEM3B3VuaTA0QzgHdW5pMDRDOQd1bmkwNENBB3VuaTA0Q0IHdW5pMDRDQwd1bmkwNENEB3VuaTA0Q0ULdW5pMDRDRi5hbHQHdW5pMDREMAd1bmkwNEQxB3VuaTA0RDIHdW5pMDREMwd1bmkwNEQ0B3VuaTA0RDUHdW5pMDRENgd1bmkwNEQ3B3VuaTA0RDgHdW5pMDREOQd1bmkwNERBB3VuaTA0REIHdW5pMDREQwd1bmkwNEREB3VuaTA0REUHdW5pMDRERgd1bmkwNEUwB3VuaTA0RTEHdW5pMDRFMgd1bmkwNEUzB3VuaTA0RTQHdW5pMDRFNQd1bmkwNEU2B3VuaTA0RTcHdW5pMDRFOAd1bmkwNEU5B3VuaTA0RUEHdW5pMDRFQgd1bmkwNEVDB3VuaTA0RUQHdW5pMDRFRQd1bmkwNEVGB3VuaTA0RjAHdW5pMDRGMQd1bmkwNEYyB3VuaTA0RjMHdW5pMDRGNAd1bmkwNEY1B3VuaTA0RjYHdW5pMDRGNwd1bmkwNEY4B3VuaTA0RjkHdW5pMDRGQQd1bmkwNEZCB3VuaTA0RkMHdW5pMDRGRAd1bmkwNEZFB3VuaTA0RkYHdW5pMDUwMAd1bmkwNTAxB3VuaTA1MDIHdW5pMDUwMwd1bmkwNTA0B3VuaTA1MDUHdW5pMDUwNgd1bmkwNTA3B3VuaTA1MDgHdW5pMDUwOQd1bmkwNTBBB3VuaTA1MEIHdW5pMDUwQwd1bmkwNTBEB3VuaTA1MEUHdW5pMDUwRgd1bmkwNTEwB3VuaTA1MTEHdW5pMDUxMgd1bmkwNTEzB3VuaTFFQTAHdW5pMUVBMQd1bmkxRUEyB3VuaTFFQTMHdW5pMUVBNAd1bmkxRUE1B3VuaTFFQTYHdW5pMUVBNwd1bmkxRUE4B3VuaTFFQTkHdW5pMUVBQQd1bmkxRUFCB3VuaTFFQUMHdW5pMUVBRAd1bmkxRUFFB3VuaTFFQUYHdW5pMUVCMAd1bmkxRUIxB3VuaTFFQjIHdW5pMUVCMwd1bmkxRUI0B3VuaTFFQjUHdW5pMUVCNgd1bmkxRUI3B3VuaTFFQjgHdW5pMUVCOQd1bmkxRUJBB3VuaTFFQkIHdW5pMUVCQwd1bmkxRUJEB3VuaTFFQkUHdW5pMUVCRgd1bmkxRUMwB3VuaTFFQzEHdW5pMUVDMgd1bmkxRUMzB3VuaTFFQzQHdW5pMUVDNQd1bmkxRUM2B3VuaTFFQzcLdW5pMUVDOC5hbHQHdW5pMUVDOQt1bmkxRUNBLmFsdAd1bmkxRUNCB3VuaTFFQ0MHdW5pMUVDRAd1bmkxRUNFB3VuaTFFQ0YHdW5pMUVEMAd1bmkxRUQxB3VuaTFFRDIHdW5pMUVEMwd1bmkxRUQ0B3VuaTFFRDUHdW5pMUVENgd1bmkxRUQ3B3VuaTFFRDgHdW5pMUVEOQd1bmkxRURBB3VuaTFFREIHdW5pMUVEQwd1bmkxRUREB3VuaTFFREUHdW5pMUVERgd1bmkxRUUwB3VuaTFFRTEHdW5pMUVFMgd1bmkxRUUzB3VuaTFFRTQHdW5pMUVFNQd1bmkxRUU2B3VuaTFFRTcHdW5pMUVFOAd1bmkxRUU5B3VuaTFFRUEHdW5pMUVFQgd1bmkxRUVDB3VuaTFFRUQHdW5pMUVFRQd1bmkxRUVGB3VuaTFFRjAHdW5pMUVGMQd1bmkxRUY0B3VuaTFFRjUHdW5pMUVGNgd1bmkxRUY3B3VuaTFFRjgHdW5pMUVGOQd1bmkyMEFCB3VuaTAzMEYTY2lyY3VtZmxleGFjdXRlY29tYhNjaXJjdW1mbGV4Z3JhdmVjb21iEmNpcmN1bWZsZXhob29rY29tYhNjaXJjdW1mbGV4dGlsZGVjb21iDmJyZXZlYWN1dGVjb21iDmJyZXZlZ3JhdmVjb21iDWJyZXZlaG9va2NvbWIOYnJldmV0aWxkZWNvbWIQY3lyaWxsaWNob29rbGVmdBFjeXJpbGxpY2JpZ2hvb2tVQxFjeXJpbGxpY2JpZ2hvb2tMQwhvbmUucG51bQd6ZXJvLm9zBm9uZS5vcwZ0d28ub3MIdGhyZWUub3MHZm91ci5vcwdmaXZlLm9zBnNpeC5vcwhzZXZlbi5vcwhlaWdodC5vcwduaW5lLm9zAmZmB3VuaTIxMjAIVGNlZGlsbGEIdGNlZGlsbGEFZy5hbHQPZ2NpcmN1bWZsZXguYWx0CmdicmV2ZS5hbHQIZ2RvdC5hbHQQZ2NvbW1hYWNjZW50LmFsdAZJdGlsZGUHSW1hY3JvbgZJYnJldmUHSW9nb25lawJJSglJb3RhdG9ub3MESW90YQxJb3RhZGllcmVzaXMJYWZpaTEwMDU1CWFmaWkxMDA1Ngd1bmkwNEMwB3VuaTA0Q0YHdW5pMUVDOAd1bmkxRUNBAAABAAMACAAKAA0AB///AA8AAQAAAAwAAAAAAAAAAgAFAAACNQABAjcCNwABAjsCWwABAl0DdgABA4IDqQABAAAAAQAAAAoADAAOAAAAAAAAAAEAAAAKAG4BWgABbGF0bgAIABAAAk1PTCAAKFJPTSAAQgAA//8ACQADAAgACwAAAA4AEQAUABcAGgAA//8ACgAEAAYACQAMAAEADwASABUAGAAbAAD//wAKAAUABwAKAA0AAgAQABMAFgAZABwAHWxpZ2EAsGxpZ2EAsGxpZ2EAsGxudW0AtmxudW0AtmxudW0AtmxvY2wAvGxvY2wAvG9udW0Awm9udW0Awm9udW0AwnBudW0AynBudW0AynBudW0AynNhbHQA0HNhbHQA0HNhbHQA0HNzMDEA0HNzMDEA0HNzMDEA0HNzMDIA2HNzMDIA2HNzMDIA2HNzMDMA3nNzMDMA3nNzMDMA3nRudW0A5HRudW0A5HRudW0A5AAAAAEACQAAAAEABwAAAAEACAAAAAIAAgADAAAAAQAEAAAAAgAAAAEAAAABAAAAAAABAAEAAAACAAUABgAKABYAPAB8AJQAzADgAO4BAgEuAVAAAQAAAAEACAACABAABQORA5IDkwOUA5UAAQAFAEoA3wDhAOMA5QABAAAAAQAIAAIALgAUACwAjgCPAJAAkQDqAOwA7gDwAPIA9AFaAWcBdwGhAaICyQLYA0UDRwACAAEDlgOpAAAAAQAAAAEACAABAAYDcAACAAEAEwAcAAAAAQAAAAEACAACABoACgODA4UDhgOHA4gDiQOKA4sDjAOEAAIAAwATABMAAAAVABwAAQOCA4IACQABAAAAAQAIAAEABgNuAAEAAQAUAAEAAAABAAgAAQA8/JAAAQAAAAEACAABAAb8kgABAAEDggABAAAAAQAIAAIAGgAKABMDggAVABYAFwAYABkAGgAbABwAAgABA4MDjAAAAAEAAAABAAgAAgAOAAQDjwOQASABIQABAAQBJAElAUkBSgAEAAAAAQAIAAEANgABAAgABQAMABQAHAAiACgCXgADAEkATwJdAAMASQBMA40AAgBJAjUAAgBPAjQAAgBMAAEAAQBJAAA=) format('truetype');
}
@font-face {
    font-family: 'OpenSans';
    font-style: normal;
    font-weight: 500;
    src: url(data:font/ttf;base64,AAEAAAARAQAABAAQR0RFRgt8DNQAAYakAAAALkdQT1MAGQAMAAGG1AAAABBHU1VC47MpuAABhuQAAALuT1MvMqIGl/0AAVZAAAAAYGNtYXCuu/X7AAFWoAAAA4hjdnQgEJEaNAABYvQAAACmZnBnbX5hthEAAVooAAAHtGdhc3AACAAbAAGGmAAAAAxnbHlmd+/y2QAAARwAAT60aGVhZAMBHE0AAUdIAAAANmhoZWEN+wnkAAFWHAAAACRobXR4hJkgZQABR4AAAA6abG9jYZeXSFYAAT/wAAAHVm1heHAFOAH3AAE/0AAAACBuYW1lYPyLSgABY5wAAAP2cG9zdH+4CW8AAWeUAAAfA3ByZXB4rJtuAAFh3AAAARgAAgDBAAAECgW2AAMABwAeQAwEAwUCAwIICQQDBwAALzIvMxESATk5ETMRMzEwEyERITchESHBA0n8t2gCef2HBbb6SmgE5gAAAgCF/+MBrgW2AAMADwApQBMKAwQDAgIREAEBDQIDDQdRWQ0TAD8rABg/EjkvERIBOREzMxEzMTABIwMhATQ2MzIWFRQGIyImAXOuNAEV/t9OSEdMTUZHTwG8A/r6x0pNUEdHU1AAAgCFA6YC+AW2AAMABwAfQA0HBAADBAMJCAYCBwMDAD8zzTIREgE5OREzETMxMAEDIwMhAyMDAW0plikCcymWKQW2/fACEP3wAhAAAAIALwAABPoFtAAbAB8AikBKCB8cFQQUCREMDAkSDw4LBAoTExQWHR4HBAYXBAEAGQQYBQUGFAYKIQMaFwMYChggIQgEDAwcAQ0fABAQGRURDRENEQUXEwMKBRIAPzM/MxI5OS8vETMzMxEzMxEzMzMRMzMREgE5OREXMxESOTkRMxESFzkREhc5ETMREhc5MjIRMxESFzkxMAEDIRUhAyMTIwMjEyM1IRMhNSETMwMzEzMDMxUBMxMjA903AQ7+0VCyUPhQrkz6ARs5/vgBJVC0UPxQrlD8/QD6OfoDZv7kqP5eAaL+XgGiqAEcqAGm/loBpv5aqP7kARwAAAMAb/+JBCcGEgAgACYALQBnQDkMFBcdJSoGBAQFIQAnEQAFCBEZBS8uBQYWQA8SSBYXQB0NJAMqKgYXJQwGDE9ZAwYrHBQXFxxPWRcALysRADMRMxgvMysRADMREjkRFzMaGBDNKxDNERIBFzkRMxEzETMSFzkxMAEUBgcVIzUmJzUWFhcRJyYmNTQ2NzUzFRYXByYnERcWFgc0JicRNgEUFhcRBgYEJ9TIhfifVuZbVKSX17iFy7ZJnZtMvpLsUV+w/idHXVBUAcWRvBbZ0wRI0yo5AQF2Hz+vgYqyE6ilB0u3Pgz+lB1JooQ6SyP+wRsC4zlMJQE3DEoAAAUAVP/sBpEFywAJABQAHgApAC0AV0AwLSorLBofFSUFCgAQChAfJSosBi8uHKAnAScnLQNgDQGvDQENDSwtAywSBxIEGCITAD8zPzM/PxI5L11xMxE5L10zERIBFzkRMxEzETMRMxEzETMxMAEUFjMyERAjIgYFFAYjIiY1ECEyFgEUFjMyERAjIgYFFAYjIiY1ECEyFgEBIwEBFzpChIRCOgHCpaGYpwE/nakB9jtCg4NCOwHCpp+YqAFAmqv+1/zVwgMrBACVkgEnASeSk+bn794Bye382pWUASkBJZCV5ubt3wHJ7AMh+koFtgADAGD/7AXpBcsACwAUADIAVEAuLCsSFScoBiEAGysVGyEoBTQzJQ4tKgQsJwMkGAMPJx4sEh4JS1keBDAMTFkwEwA/KwAYPysAGD8SOREXORESFzkREgEXOREzETMRMxEzETMxMAEUFhc2NjU0JiMiBhMyNwEGBhUUFiU0NjcmJjU0NjMyFhUUBgcBNjczAgcBIScGBiMiJAHDQzxxW1dIT12Vt4L+gWpQi/59gKdfRdm3scqHngFaUTbyRpoBLf7RlWbnjOb++gR7P3A/QG9FQU5R+/drAXlEd0xie82Dw2BvmVKYsKuRcrpd/rJrz/7ks/7dkVJT2gAAAQCFA6YBbQW2AAMAFLcAAwMFBAIDAwA/zRESATkRMzEwAQMjAwFtKZYpBbb98AIQAAABAFL+vAJMBbYADQAfQA4DBAsDCgcACgAPDgsDAwA/LxESATk5ETMRFzMxMBMQEjczBgIVFBIXIyYCUpuSzYuUlInLk5oCMQEJAc6uvP4t9PT+NrmqAcYAAQA9/rwCNwW2AA0AH0AOAwoLAwQHAAQADw4ECgMAPy8REgE5OREzERczMTABEAIHIzYSNTQCJzMWEgI3m5LLipOUi82TmgIx/vn+Oqi7Acj09QHRva/+MQAAAQBKAmoEFAYUAA4AG0APAwUEAQcNCgkLCQ8QCA4AAD/EERIBFzkxMAEDJRcFEwcDAycTJTcFAwKgKQGBHP6Y7Memlc3n/pojAXgpBhT+gmzZHf7JawFS/q5rATcd2WwBfgABAGAA4wQxBMMACwAsQBYGAwoKCwsBCAMNDAkBAgFSWQYvAgECAC9dMysRADMREgEXOREzEjk5MTABITUhETMRIRUhESMB7v5yAY60AY/+cbQCebIBmP5osv5qAAEAP/74AZwA7gAGAB5ADwAFAwUIBwNABlAG0AYDBgAvXc0REgE5OREzMTAlBgMjEjczAZwwgK1FIufXuv7bAQ7oAAEASAHBAkoCiQADABVACQMABQQBAE1ZAQAvKxESATk5MTATNSEVSAICAcHIyAABAIX/4wGuARQACwAYQAsGAAANDAkDUVkJEwA/KxESATkRMzEwNzQ2MzIWFRQGIyImhUxISUxNSEhMfUlOUUZHU1IAAAEAEAAAAw4FtgADABxADAMAAQICAAUEAwMCEgA/PxESATk5ETMRMzEwAQEjAQMO/eDeAiEFtvpKBbYAAAIAWP/sBDkFzQALABcAKEAUEgAMBgYAGRgJFU1ZCQcDD01ZAxkAPysAGD8rERIBOTkRMxEzMTABEAIjIgIREBIzMhIBEBIzMhIREAIjIgIEOfX89Pz1+/X8/Q17h4d9fYeHewLb/oP+jgF+AXEBgwFv/oD+jv7V/wABBAEnASYBB/7+AAEAmgAAAwwFtgAKACFAEAAECAkEAQEMCwQHAQkGARgAPz8SOTkREgE5ERczMTAhIxE0NwYGBycBMwMM6wgXQ792Aa7EA7CpYxg6m5UBUgAAAQBaAAAEOQXLABsAMUAaBxQaAgIOFBsEHRwRCk1ZEQcCGgEBGk5ZARgAPysREgA5GD8rERIBFzkRMxEzMTAhITUBPgI1NCYjIgYHJzY2MzIWFRQGBgcHFSEEOfwhAXmnbTJ3aVSdZ3965oLM9keTq/4CtrIBe6uPfkhjcj5Rm2dW1bRjsr2h9goAAQBW/+wELQXLACYAQ0AkEwcbAAAEBw0XIgYoJwMXGBgXT1kYGAokJB5NWSQHChBNWQoZAD8rABg/KxESADkYLysREgA5ERIBFzkRMxEzMTABFAYHFRYWFRQEISInNRYWMzI2NTQmIyM1MyA1NCYjIgYHJzYhMhYEAqKTsLD+1v7t86dd0GCqqLrHf4EBXnp3U5ppc8kBCt34BGaLuSAIFq+R0+VP0S4yfoR1br/yXmYvRKSUvgACACcAAARtBboACgASAEhAJwkBAQ4LBwQSBQUEAAMUEwEFEgVNWQkGUBIBDxIfEgISEgMPBwYDGAA/PzMSOS9dXTMzKxEAMxESARc5ETMRMzMzMxEzMTABIxEjESE1ATMRMyERNDcjBgcBBG3F5f1kApzlxf5WCggcPP6VAT/+wQE/tQPG/EgBb8R9Ql798AABAHX/7AQpBbYAHAA6QB8PAxoVAwgVGAQeHQARTVkAAAYWFhlOWRYGBgxNWQYZAD8rABg/KxESADkYLysREgEXOREzETMxMAEyBBUUACEiJzUWFjMyNjUQISIGBycTIRUhAzY2AkrdAQL+2/7y9YxR0lqfpv6yL4o0aTgC+P3XISNlA5Hqyur++U/VLjKOiQEGEww+AsrR/pYGEAACAF7/7AQ/BckAFwAkAERAIxsRIgoKAAAFEQMmJQoUDg4eT1kODhQCAgdPWQIHFBhNWRQZAD8rABg/KxESADkYLysREgA5ERIBFzkRMxEzETMxMBMQITIXFSYjIgYDMzY2MzIWFRQAIyImAgUyNjU0JiMiBgYVFBZeArtuTExk6+wKDC+qc8fe/v/eneh9Af55g3t7TIBKmQJvA1oRxBb8/upRWfTR5v71lwEh9pyRfpBBcTuNwQAAAQBKAAAEPQW0AAYAJUASBgABBQACBQMIBwAYAwJOWQMGAD8rABg/ERIBFzkRMxEzMTAhASE1IRUBAQACQv0IA/P9wQTlz6T68AADAFj/7AQ5BckAFgAjADAAN0AdAwgOFCshBjIxBREhISsrCwAAJE9ZAAcLGk9ZCxkAPysAGD8rERIAORgvMxI5ORESARc5MTABMhYVFAUWFhUUBCMiJDU0NjcmJjU0NgMUFjMyNjU0JicnBgYBIgYVFBYWFzY2NTQmAkjQ8v7yrJH+9uPu/vqJnIZy+kaSfYGPhIYdhHQBDWR6LFRkeGN7Bcm/oOGFVr51tdrMu3rDTFCyb5+9+7Joc3dmUYY5DTqLAz9jVTRSQy81dU5VYwAAAgBW/+wENwXJABgAJQBEQCMiDAwAHBIABhIDJyYMDxUPH09ZDw8DFRUZTVkVBwMIT1kDGQA/KwAYPysREgA5GC8rERIAORESARc5ETMRMxEzMTABEAAhIic1FjMyEhMjBgYjIiY1NAAzMhYSJSIGFRQWMzI2NTQmJgQ3/qT+ooU6WVru6gsMO6dwwt4BAd6c6H7+AnqCeXt3okV8A0b+UP5WEMUZAQABElpQ8tPlAQ+Y/t/2n5B9j45fWZtaAAIAhf/jAa4EagALABYAKEAUEQwGBgAAGBcOFFFZDhAJA1FZCRMAPysAGD8rERIBOREzEjk5MTA3NDYzMhYVFAYjIiYRNDMyFhUUBiMiJoVMSElMTUhITJRLSk1ISEx9SU5RRkdTUgOel1BHR1NSAAACAD/++AGsBGoABgARADJAGwwHAQYGBAcDExIEAAYQBpAGAw0DBgkPUVkJEAA/KwAYL19eXcYREgEXOREzETMxMCUXBgMjEjcDNDMyFhUUBiMiJgGNDzCArUUiI5RLSk1ISEzuF7r+2wEO6ALll1BHR1NSAAEAYADdBDEE7AAGACZAFgUBAAEEAwgHAA8DAT8DbwOPA+8DBAMAL11xxhESARc5ETMxMCUBNQEVAQEEMfwvA9H9IwLd3QGueQHow/6o/tEAAgBmAbAEKQPyAAMABwAtQBsEBwADBAkIBAVSWQQBAQBSWQ8BLwFPAW8BBAEAL10rABgQxisREgEXOTEwEzUhFQE1IRVmA8P8PQPDAz+zs/5xsrIAAQBgAN0EMQTsAAYAJkAWAQUCBQYDCAcGDwMBPwNvA48D7wMEAwAvXXHGERIBFzkRMzEwEwEBNQEVAWAC3f0jA9H8LwGiAS8BWMP+GHn+UgACABD/4wNtBcsAGwAmAEFAISEcGwAHEwAOExwEKCcEFxcQAAAkEBAKS1kQBCQeUVkkEwA/KwAYPysREgA5GC8SOREzERIBFzkRMxEzETMxMAE1NDY3NjY1NCYjIgYHJzYzMhYVFAYGBwYGFRUDNDMyFhUUBiMiJgEbUGR3RXBpX6JNVMvoxOYsWW1dP+2TSExNR0dMAbxAbpJOXmhIVFo2JrBxwKlLdWpVSWBRLf7Bl09IR1NRAAIAb/9WBr4FvgA1AD8ATEAmGwA7FDoHFjYOIy4ADhQWKC4GQUAICz0RETIYODgECwsrHzIDJisALzM/MxI5LzMzETMROS8zEjkREgEXOREzETMRMzMRMxEzMTABFAYGIyImJyMGBiMiJjU0EjMyFhcDFRQzMjY1NAIkIyIEAhUQACEyNxUGIyAAERASJDMyBBIBFDMyEzcmIyIGBr5ao2tPdBQMMZBao7v40Uy5SBZoT12M/v6n1f7FpgE2ASLd8NL3/o7+YuABjfvZAVO7+/y3wRIMP0iAjwLjj+2EVEhOTtKzzgEBGxj+LxigzJ6rAQOMsP652P7e/shapFYBjwFlAQUBl9i0/rP+p+kBJe8RqgACAAAAAAVKBbwABwAPADdAHgYFDAAHAwQBAgQHCAwPBxEQDwJMWQ8PBQAEEgwFAwA/Mz8zEjkvKxESARc5ETMRMxEzMzEwIQMhAyMBIQEBAyYmJwYHAwRMkv3Rj/wCIwEEAiP+MYkPNQobNIQBlv5qBbz6RAJkAY4orCh7kv6DAAMAwQAABNkFtgAPABgAIQBJQCYUBB4LEBoaDwQICw8EIyIIGRAQGUtZEBAPAAAYTFkAAw8aTFkPEgA/KwAYPysREgA5GC8rERIAORESARc5ETMRMxEzETMxMBMhIAQVFAYHFRYWFRQEIyETMzI2NTQmIyMRETMyNjU0JiPBAbIBLgENhHyakf7t9f3w7+aWipWiz/6WmZyfBbawvoCqFgodq5LF3wNaX3JnXP2q/jFzfHJuAAEAef/sBM8FywAYACZAFAMPCQ8VAxoZEwBMWRMEDAZMWQwTAD8rABg/KxESARc5ETMxMAEiAhEQEjMyNjcVBiMgABE0EiQzMhcHJiYDL87s49ddrl6s2v6//qinATzV4L5WSqUE/v7c/v/+8/7sJR3NQQGFAWrkAVa2XscjNQAAAgDBAAAFZgW2AAgADwAoQBQNBAkABAAQEQUMTFkFAwQNTFkEEgA/KwAYPysREgE5OREzETMxMAEQACEhESEgAAMQISMRMyAFZv5u/ob+ZwHEAV0BhPz+Fc+qAhAC6f6W/oEFtv6I/qMCDfvbAAABAMEAAAP8BbYACwA9QCAEAAYKCgEAAQgDDQwGCUxZBgYBAgIFTFkCAwEKTFkBEgA/KwAYPysREgA5GC8rERIBFzkRMxEzETMxMCEhESEVIREhFSERIQP8/MUDO/20Aif92QJMBbbK/nLI/jUAAAEAwQAAA/oFtgAJADhAHgYAAAEEBwEDCgsGCUxZDwYBCwMGBgIBEgIFTFkCAwA/KwAYPxI5L19eXSsREgEXOREzETMxMCEjESEVIREhFSEBru0DOf20Aif92QW2yv43ywAAAQB5/+wFMQXLABoAOkAfGAITCAIIGg0EHBsAGkxZAAAFCwsQTFkLBAUWTFkFEwA/KwAYPysREgA5GC8rERIBFzkRMxEzMTABIREGBiMgABEQACEyFwcmIyIAFRASMzI3ESEDFwIahPON/rT+mAGWAWTlzVSysur+8PXmdIT+0QMZ/SIrJAGJAWYBYQGPWMdS/tr//vT+6R0BeQAAAQDBAAAFQgW2AAsAM0AZCAQEBQkBAQAFAAwNCANMWQgIBQoGAwEFEgA/Mz8zEjkvKxESATk5ETMRMxEzETMxMCEjESERIxEzESERMwVC8P1e7+8CovACk/1tBbb9qgJWAAABAEoAAAKYBbYACwA3QBwFAgoDCAsLAwIDDA0JBAYES1kGAwoDAQNLWQESAD8rEQAzGD8rEQAzERIBFzkRMxEzETMxMCEhNTcRJzUhFQcRFwKY/bKwsAJOr6+JOgQvO4mJO/vROgAB/2T+aAGqBbYADAAfQA4KAwcHDg0IAwAFTFkAIwA/KwAYPxESATkRMzMxMBMiJzUWMzI1ETMRFAYIYkJUPsTw1f5oGckV+AWJ+n/g7QABAMEAAAUdBbYADgA1QBwLDAEACAQEBQACBQwOBRAPAg4DCAQFCwYDAQUSAD8zPzMSFzkREgEXOREzETMRMxEzMTAhIQEHESMRMxE2NwEhAAcFHf7r/jWN7+9iYQGLARD+gaYClnP93QW2/UZ4bwHT/j6/AAEAwQAABBsFtgAFAB9ADgMABQAHBgEDAANMWQASAD8rABg/ERIBOTkRMzEwMxEzESEVwe8CawW2+xfNAAEAwQAABqIFtgAUAD5AHxILDg4NFAAJAggFBQYGCQ0DFhUCEgkDBgsHAwAOBhIAPzMzPzMSFzkREgEXOREzETMzETMzETMRMzMxMCEBIxIVESMRIQEzASERIxE0EjcjAQM5/lgIEdkBUQGWBgGiAVLmCwQI/kkExf7w7v05Bbb7dQSL+koC020BXiX7PQABAMEAAAWDBbYAEQAyQBcMARAQAAMKBwcICAATEgMMCBAJAwEIEgA/Mz8zEjk5ERIBOTkRMxEzMxEzETMzMTAhIQEjFxYVESMRIQEzJgI1ETMFg/7b/TEIBQ7ZASICzQYCDNsEjUG6mv0IBbb7eRcBIVEC/gAAAgB5/+wF0wXNAAsAFwAoQBQMBhIABgAYGQkVTFkJBAMPTFkDEwA/KwAYPysREgE5OREzETMxMAEQACEgABEQACEgAAEQEjMyEhEQAiMiAgXT/pv+uf61/p0BZQFLAUYBZPuk2tbV2dfV19sC3f6b/nQBiQFqAWoBhP52/pr+8v7pARQBEQENARb+6gACAMEAAASJBbYACgATADJAGQ8ACwUFBgYAFRQLBExZCwsHBhIHE0xZBwMAPysAGD8SOS8rERIBOTkRMxEzETMxMAEUBCEjESMRISAEATMyNjU0JiMjBIn+1P7rmO8BpQESARH9J3+4rJqjpgP85fT93QW24P4WgIh+fAAAAgB5/qQF0wXNAA8AGwA7QB8FBAMGFgAQCgAEBgoEHRwNGUxZDQQFBwMHBxNMWQcTAD8rEQAzGBDGPysREgEXOREzETMRMxEzMTABEAIHASEBIyAAERAAISAAARASMzISERACIyICBdPLwgFe/r7+7Cf+tf6dAWUBSwFGAWT7pNrW1dnX1dfbAt3+9v6USv6HAUgBiQFqAWoBhP52/pr+8v7pARQBEQENARb+6gAAAgDBAAAFCgW2AAgAFQBEQCMSFQQQFBMACgoLCxATFQQXFhIJAAlLWQAADBQLEgwITFkMAwA/KwAYPzMSOS8rEQAzERIBFzkRMxEzETMRMxEzMTABMzI2NTQmIyMRESMRISAEFRAFASEBAbCmp5aio57vAZ0BGwEQ/uQBnf7w/qIDDnx6fGz9XP24BbbU1v7vdP15AkgAAQBk/+wEDAXLACQANEAbDAAdEgUSFwAEJiUMHQMVFRpMWRUEAwlMWQMTAD8rABg/KxESADk5ERIBFzkRMxEzMTABFAQjIic1FhYzMjY1NCYnJiY1NCQzMhcHJiMiBhUUFhYXHgIEDP7m+PieZOFhjod8wsikAQTb0tBMw5l0eDBuj6GWRgGNw95N4i82bFtSck5R0JK30lzDUmVTOVFIO0N0kgABAB0AAARoBbYABwAlQBIAAQEDBgMJCAESBwMEA0xZBAMAPysRADMYPxESARc5ETMxMCEjESE1IRUhArrv/lIES/5SBOnNzQABALT/7AU7BbYAEQAlQBEQAQsICAETEhEJAwUOTFkFEwA/KwAYPzMREgE5OREzETMxMAERFAYEIyAANREzERQWMyAREQU7i/75t/7w/tLwqK4BUgW2/E6i84MBIPwDrvxjtawBYwObAAEAAAAABPoFtgAMACpAFAMCCQABBQQBBAkDDg0JAwAEAwMSAD8/MxI5ERIBFzkRMxEzETMzMTABMwEjATMBFhYXNjY3BAL4/gD8/gL2ATEYNggNNhEFtvpKBbb8c0HNMkzIMAABAAwAAAeDBbYAHABAQCEBABgKCRAVFAUbHA0MBQwQGBwFHh0QBRgDChsUDAMBChIAPzM/MzMSFzkREgEXOREzETMRMzMRMzMRMzMxMCEhAyYmJwYGBwMhAwMzExYXNjY3EzMTFhc2NxMzBgb+/PgQMAUKLQ/y/vy9wPTRMRULLBLu7fQjJw850PIDaDnXKkDMMvycAtwC2vyszZ1V0kEDVvymd+2P3QNSAAEABAAABPYFtgALADVAHAEACQoHBgMEBAACBQYICgsIDQwCCAQJBgMBBBIAPzM/MxI5ORESARc5ETMRMxEzETMxMCEhAQEhAQEhAQEhAQT2/u3+kv6P/wAB5f46AQoBUgFSAQL+NwJW/aoC9gLA/dcCKf08AAABAAAAAAS8BbYACAAsQBUBAggHAAQEBQIFBwMKCQAFAQcDBRIAPz8zEjkREgEXOREzEjkRMxEzMTABASEBESMRASECXgFaAQT+GfD+GwEEAxsCm/yB/ckCLwOHAAEAQgAABFgFtgAJADhAHQMHCAIAAgQHBAsKBwQFBQRMWQUDAggBAQhMWQESAD8rERIAORg/KxESADkREgEXOREzETMxMCEhNQEhNSEVASEEWPvqAuH9MwPu/RwC+KYEQ82o+78AAAEAmv68AnEFtgAHAB9ADQQABgEBAAkIBgEFAgMAPzMvMxESATk5ETMRMzEwASERIRUhESECcf4pAdf/AAEA/rwG+rD6ZwABABAAAAMOBbYAAwAcQAwCAQADAwEFBAMDAhIAPz8REgE5OREzETMxMBMBIwHuAiDd/d8FtvpKBbYAAQAz/rwCCAW2AAcAH0ANAwABBgYACQgABwMEAwA/My8zERIBOTkRMxEzMTAXIREhNSERITMBAP8AAdX+K5MFmbD5BgABAB0CFwQvBb4ABgAnQBICAQUEAwYAAAMFAwgHBQAEAgMAP80yORESARc5ETMRMxEzMzEwEwEzASMBAR0BtHkB5cL+o/7NAhcDp/xZArb9SgAAAf/8/sEDc/9IAAMAEbUDBQIEAQIALzMRATMRMzEwASE1IQNz/IkDd/7BhwABAWoE2QNQBiEACQATtggDCwoFgAAALxrNERIBOTkxMAEmJic1IRYWFxUCskXTMAERJoMsBNk0xToVRrYzGQAAAgBa/+wEBARmABsAJgBJQCYMAR8fGyQICBQbAygnAgUXDCBKWQwMBRcAFRcQSFkXEAUcSFkFFgA/KwAYPysAGD8REjkvKxESADkREgEXOREzETMRMzMxMCEnIwYGIyImNTQ2JTc1NCYjIgYHJzY2MzIWFRElMjY1NQcGBhUUFgNcLwhQon+jt/4BBL9jaFWcSExa1l/T1/36gJuOppdYmmVJsKGrrggGO2ppMiKoLzG4xf0XoI+BYAYGY2ZKUQAAAgCo/+wEkwYUABMAHwBAQCEJGBEDDR4DDQsLAyEgCBEGAAwACxUAFEZZABAGG0ZZBhYAPysAGD8rABg/PxESOTkREgE5OREzETMRFzMxMAEyEhEQAiMiJyMHIxEzERQGBzM2FyIGBxUUFjMyNjUQAt3P5+rQ0nQQK7DrCAIKcJ2OfQKAkX2BBGb+1P7x/vD+0ZeDBhT+jimiFqXAp8QQyrXGuwF5AAEAZv/sA7QEZgAVACZAFA0DAwgSAxcWBgtGWQYQABBGWQAWAD8rABg/KxESARc5ETMxMAUiABEQACEyFwcmIyARFBYzMjcVBgYCZvv++wERAQKvjEeVYf7hj4qdjD+PFAElARIBFwEsQb06/oO6u07NJSAAAgBm/+wEVAYUABIAHwBAQCEQFwkDDAwOHQMOAyEgCREABgwADxUGGkZZBhAAE0ZZABYAPysAGD8rABg/PxESOTkREgE5OREzETMRFzMxMAUiAhEQEjMyFzMmNREzESMnIwYnMjY3NTQmIyIGFRQWAh3P6OvQ2nIMEey4KQtxm5GEAoiRfIaCFAEsAQ8BEAEvoXdFAZP57JGlvqO3IdGwybq4wQACAGb/7AQ5BGYAFAAbAEdAJxkKGAsLAwMKEQMdHBgLSFkMGBwYAhADGBgABgYVSFkGEAAOR1kAFgA/KwAYPysREgA5GC9fXl0rERIBFzkRMxEzETMxMAUgABEQADMyEhUVIRYWMzI2NxUGBgMiBgchJiYCi/7+/t0BDuzb/v0fBaSVYqlhVrCccIcNAfYCgBQBLQEIAQ8BNv726X+hrSUrvykiA8iOiImNAAEAIwAAA0IGHwAVADtAHg0UFAcCAgMAAwUDFxYDFQsQRlkLAAUBFAFIWQcUDwA/MysRADMYPysAGD8REgEXOREzEjk5ETMxMAEhESMRIzU3NTQ2MzIXByYjIgYVFSEC0/7y7La2uL18eD5XT1BJAQ4DoPxgA6BuSEjEvSmyHGNjSAADABf+FAROBGYAKwA4AEMAckA9KwIlPgU5JQwfMhMsGQAFExkfJQZFRCIICDxKWQgIFigcNg8PNkZZDw8WKChBSlkoECsCSVkrDxYvSVkWGwA/KwAYPysAGD8rERIAORgvKxESADkREjkYLysRADMREgEXOREzETMRMxEzETMSOTkxMAEVBxYWFRQGIyInBhUUFjMzMhYVFAQhIiY1NDY3JiY1NDY3JiY1NDYzMhYXARQWMzI2NTQmIyMiBhMUFjMyNTQmIyIGBE69GiLszzUrTEdfwbe+/sr+2+LugXQvPUZFVmvj0i9nGv4aiXzAvGeMsmV3ZWtkzGVnZmkEUoEjI2Y5q8QILz8mJpyTvMyglGaLGxRZMT5WKiWncLTGDQf7AkxSbltIPV8DR2hw2mx1dAABAKgAAAR1BhQAFQAzQBkBAA8NCQkKAAoXFg8KExMFRlkTEAsAAQoVAD8zPz8rERIAORESATk5ETMRMzMRMzEwISMRNCYjIgYVESMRMxEUBzM2NjMgEQR17GdwlIvr6wwPMKtyAZICqIB+sdD92wYU/nVfbFBY/msAAAIAmgAAAaIF+gADAA8ANkAiCgAEAAEBERANHwcvBwJfB28HfwefB68H3wfvBwcHAg8BFQA/Py9dcc0REgE5ETMzETMxMCEjETMDNDYzMhYVFAYjIiYBk+vr+UVAPkVFPkBFBFIBJT9ERD88RUUAAv+H/hQBogX6AAwAGABDQCoTCgoNAwMHBxoZFkAPEB8QLxBPEF8QjxCfEM8Q3xAJDgMQCA8ABUZZABsAPysAGD8vX15dGs0REgE5ERczETMxMBMiJzUWMzI1ETMRFAYDNDYzMhYVFAYjIiY3akZER5brs0ZFQD5FRT5ARf4UGboSqgTT+x2rsAdjP0REPzxFRQABAKgAAASJBhQADgA6QB8CAwYFDgwJCQoDBAUHCgUQDw4IBwQECgILAAIPBgoVAD8zPz8REhc5ERIBFzkRMxEzMxEzETMxMAE3ASEBASEBBxEjETMRBwGLhQFOAQ/+QwHZ/uz+nYHp6QwCSKYBZP4l/YkB5Wr+hQYU/QnVAAABAKgAAAGTBhQAAwAWQAkAAQEFBAIAARUAPz8REgE5ETMxMCEjETMBk+vrBhQAAQCoAAAHBgRmACMARkAjHBsTAAABDQkJCgEKGwMlJBQNChELDxwBChUgBREFRlkXERAAPzMrEQAzGD8zMz8REjk5ERIBFzkRMxEzETMSOREzMTAhIxE0JiMiBhURIxEzFzM2NjMyFzM2NjMyFhURIxE0JiMiBhUETOxgZoh/67ghDC6vaf9TEDGyc8a162FmiX8Cqn99sc792QRSkU9WrlJcyM39LwKqf32rsQAAAQCoAAAEdQRmABMAMUAYDQkJCgEACgAUFQ0KEREFRlkREAsPAQoVAD8zPz8rERIAORESATk5ETMRMxEzMTAhIxE0JiMiBhURIxEzFzM2NjMgEQR17GdwlYrruCEMMrhwAY4CqIB+sM/92QRSkU9W/msAAgBm/+wEfQRmAAwAFQAoQBQNBxEABwAWFwoTRlkKEAMPRlkDFgA/KwAYPysREgE5OREzETMxMAEQACMiJgI1EAAzMgABECEgERAhIgYEff7q+JvugAEU+/ABGPzbARsBGP7mlIUCK/7x/tCMAQatAQ0BLv7L/vr+gQF/AXvEAAACAKj+FASTBGYAEwAgAD9AIBgLAwYGBx4RBxEhIgMLAA4OFEZZDhAIDwcbABtGWQAWAD8rABg/Pz8rERIAOTkREgE5OREzETMRMzMzMTAFIicjFhURIxEzFhczNjMyEhEQAgEiBhUVFBYzMjY1NCYC2dJ0Dg7rvggZDG7cz+fr/viMgYCReoSDFJeMHv47Bj4fdaj+1P7x/vH+0AO6pLQjyrXIubq/AAACAGb+FARUBGYACwAgAEBAIB4WAxoaGQoPGQ8iIRobFw8fFgwSEgdGWRIQDABGWQwWAD8rABg/KxESADk5GD8/ERIBOTkRMxEzETMzMzEwJTI2NTU0JiMiBhUQFyICERASMzIWFzM3MxEjETQ2NyMGAl6UgYWUfoTDzejsz2ilQQgaw+wIAw1oqKutJc20yLv+hbwBLQEOAQ4BMU1YkfnCAdUsYhqlAAABAKgAAANOBGYAEAAjQBANCQkKAgoSEQsPDQoVBQAQAD8yPzk/ERIBOTkRMxEzMTABMhcHJiMiBhURIxEzFzM2NgLZRy4XMjaNr+u4Hww3sQRmCtsMuJP9vgRSw2N0AAABAGL/7AOPBGYAIQA0QBsKABsRAAYRFgQjIgobAxQUGUdZFBADCEhZAxYAPysAGD8rERIAOTkREgEXOREzETMxMAEUBiMiJzUWMzI1NCYmJyYmNTQ2MzIXByYjIhUUFhceAgOP7NzdhsOo2TBuYr+H5cXDrkyzerpho4l8PAE7oq1Dy1qDKjg8JkqUdo6dT7FKajRIPzVYcwAAAQAn/+wC8AVIABUAPUAfDwwTEwgCCAoRBBcWDQ9ACRIMDw8SSFkPDwYARlkGFgA/KwAYPysRADMRMxoYEM0REgEXOREzEjk5MTAlMjcVBgYjIBERIzU3NzMVIRUhERQWAkRWVid7Qv6yl6JQkQE7/sVVqhuxERcBYAJUaFbq9rL9sFVRAAABAJ7/7ARtBFIAFAAwQBcBEREUCwgUCBYVAgUSCQ8AFQUORlkFFgA/KwAYPz8zEjkREgE5OREzETMRMzEwIScjBgYjIiY1ETMRFBYzMjY1ETMRA7QhDDG1dMnG7WhvlIvskU1YyMsC0/1Wf3+x0AIn+64AAAEAAAAABEgEUgALAChAEwkKAgELAAUBCgUDDQwJAQ8FABUAPzI/MxESARc5ETMzETMRMzEwIQEzExYXMzY3EzMBAaT+XPjhOgwICT3h+v5aBFL9faJkSL4Cg/uuAAABABQAAAZzBFIAHQA+QCEdABcTEgQIBw4bHAoJBAkOFxwFHx4ADRcDCBUJGwQDEg8APxczPxczERIBFzkRMxEzETMzETMzETMzMTAhAyYDIwIHAyEBMxMWFzM2NjcTIRMWFhczNjcTMwEEM48aRAk6IpP+/P7K8I0wFAYKKQ+oAQKjDy0ECA83j+z+yAIEUgEr/vJx/f4EUv3fypBJvS8CRv26Mco4e90CIfuuAAABABkAAAROBFIACwAzQBoIBwQFAgEKCwABBQYHCwYNDAkDCwQBDwgLFQA/Mz8zEjk5ERIBFzkRMxEzETMRMzEwAQEhExMhAQEhAQEhAZ7+jQEM/P4BCv6MAYf+9v7v/vD+9gI1Ah3+fQGD/eP9ywGe/mIAAAEAAP4UBEoEUgAUADNAGhQKBAgJAQAABAkPBBYVBBQVCAAPDBFGWQwbAD8rABg/Mz8zERIBFzkRMxEzETMzMTARIRMWFzM2NhMzAQIhIic1FjMyNzcBAOEzEQgJMOb+/ieB/tNOSjVEqkUpBFL9jYZ2N50Cm/sb/qcRugzFaAAAAQBEAAADiwRSAAkAOEAdAwcIAgIEBwkECwoHBAUFBEhZBQ8CCAEBCEhZARUAPysREgA5GD8rERIAORESARc5ETMRMzEwISE1ASE1IRUBIQOL/LkCL/3zAxX93QIzkQMNtKT9BgAAAQAt/rwC6QW2ABwARUAnCxgSAg4HFRUcAhgcAx4dEQICDwN/A48DrwO/A88DBgMDChgZCwoDAD8zLzMSOS9dMxI5ERIBFzkRMxI5ORE5ETMxMAE0ITUyNjURNDYzFQYGFREUBxUWFREUFhcVJiY1ATf+9oeD2dlyZ+XlZnPnywEfur9bXQE3nJO2BVNS/tfHJwwkyf7VUlQCtwKZqwABAdn+HwKNBhAAAwAUtwIDAwUEAwAAAD8vERIBOREzMTABMxEjAdm0tAYQ+A8AAQAt/rwCywW2AB4ARUAnCxsSBBcOBwcAAAQbAyAfDBsbDxp/Go8arxq/Gs8aBhoaEwQDEhMDAD8zLzMSOS9dMxI5ERIBFzkRMxI5OREzETkxMAUUBgc1NjY1ETQ2NzUmNRE0Jic1MhYVERQWMxUiBhUBz8fbX2pqe+Vbbt/Df317gRSckgK3AUtcAQZ5hBUMJ8cBKVJTBbaZrv7hZFS/VWUAAQBgAjsEMQNoABUAQEAkDwMXFg4GAxERC1JZABEQEQIJAxEGQAYAUlkPBh8GPwZvBgQGAC9dKwAaGBDNX15dKwAQGMQQxhESATk5MTABIgYHNTYzMhYXFjMyNjcVBiMiJicmAUoyez1jl0J2WINZNH06aZFBfVR/ArQ8Pb9sGiU3Pjq+bx8jNwAAAgCF/o0BrgReAAMADwAoQBIEAgoCAwMREAAADQMNB1FZDRAAPysAGC8SOS8REgE5ETMzETMxMBMzEyEBFAYjIiY1NDYzMhbBrjP+6wEhS0pITExISE0ChfwIBThKTk9JRVRRAAEApv/sA/YFywAcAEpAKQ4CCwIFFggFCBAcBB4dBQICGU1ZAAIQAgIQAwIEGQ4TTVkLkA4BDgwHAD/NXTIrABg/xV9eXSsRADMREgEXOREzETMzETMxMCUGBxUjNSYCNTQSNzUzFRYXByYjIgYVFBYzMjY3A9t3i5zPyMnOnpiDRpJokoyQikuHV+47BcLIHwEY+v4BHiCqogU9vDu+wcKyHiUAAQBIAAAEVgXJAB0AVUAuGggLCxcPEwIJEBMXGAYfHgsYGRhPWQgPGQELAxkZEgAABU1ZAAcTDxIPTlkSGAA/KxEAMxg/KxESADkYL19eXTMrEQAzERIBFzkRMxEzEjk5MTABMhcHJiMiFRUhFSEVFAYHIRUhNTY2NTUjNTMRNDYCssK1TKJ6zQGN/nNCUAL0+/JiXry84wXJUrZH2/SstluALc/DHoRwuKwBALzUAAACAHUBAgQbBKQAGwAnADpAJSIOHAAAAgUJDA4QExcaCikoCQwQExcaAgUIHxUlDwcfB28HAwcAL10zxDIXORESARc5ETMRMzEwEzQ3JzcXNjMyFzcXBxYVFAcXBycGIyInByc3JjcUFjMyNjU0JiMiBrpAhXmDZHNzYoV5gz8/gXeFY3J+WYN3g0CoiF5hiIhhXYkC021ohXeBP0GDdYVkc3digXeBPT1/d4FjdGKFhWJhiIgAAAEAEgAABH0FtgAWAFtAMwAHEAMLCwwCBQkMDhIVBxgXBhITElBZAAMPEx8TAgkDExMMFQoODw5QWQcPDwwBFQYMGAA/PzMSOS8zKxEAMxESORgvX15dMzMrEQAzERIBFzkRMxIXOTEwAQEzATMVIRUhFSEVIzUhNSE1ITUzATMCSAFB9P5x4/7nARn+5+H+5QEb/uXg/nb2Ax0Cmf0Il5qZ9PSZmpcC+AAAAgHZ/h8CjQYQAAMABwAkQBADAgUFBAQJCAMEAwQHGwAAAD8/OTkvLxESATkRMxI5OTEwATMRIxEzESMB2bS0tLQGEPzm/kX85AACAHP/8gOJBiMALQA5AE1ALDQXJhsuABEFMhk3AwADBQsXGRshCDs6Axk3FDIqBh4ICA9JWQgBHiRJWR4WAD8rABg/KxESABc5ERIBFzkRMxEzETMRMxEzETMxMBM0NjcmNTQ2MzIWFwcmJiMiFRQWFxYWFRQHFhUUBiMiJzUWFjMyNTQmJicuAjcUFhYXNjU0JicGBoFNSZLbuVumY0R0eD3CboivlouL7NDUhk3AUesqZGGNgj24MG2MbXyfNkUDJ1CDK1OYgZIiKqIyGm02TzNEnW2xWVCPjqVHsygzgys2NiY3XXVhLUZEOEFnS2c1EFsAAgElBQIDlgXsAAsAFwAeQAwMEgYAEgAZGA8DFQkALzPNMhESATk5ETMRMzEwATQ2MzIWFRQGIyImJTQ2MzIWFRQGIyImASVDMDU/QDQwQwGJQzA1QEIzMEMFdz43Pjc1QDo7Pjc+NzY/OgAAAwBk/+wGRAXLABYAJgA2AEZAKAMPLx8nFwkPFBcfBTg3AAASEBICEhIbBg8MHwyfDAMMDCMzGwQrIxMAPzM/MxI5L10zETkvXTMREgEXOREzETMRMzEwASIGFRQWMzI2NxUGIyImNTQ2MzIXByYBNBIkMzIEEhUUAgQjIiQCNxQSBDMyJBI1NAIkIyIEAgN9b3hsezd+LnN4xdncxIqIQWr8hsgBXsrIAV7Kwv6i0M/+osN7qQEkqKoBJKep/tunqP7frAQKoY6Tnh4VnjPx3tb3Ro83/tHIAV7KyP6iysX+ptDPAVrGqv7dqKsBIamoASWopv7cAAACADkDAgKTBccAFwAhADlAHQsBISEXGwcHERcDIyIhCwsTHQEAAAQQBAIEDhMEAD8z1F3EMzMSOS8zERIBFzkRMxEzETMzMTABJwYGIyImNTQ2Nzc0JiMiByc2MzIWFREBBgYVFDMyNjU1AiMdLnZHcXGoqGtFRVp4NpCNior+/kdtYFtcAw5hNzZpamhvBgRISDhzRn19/kEBPAJAMVhSUisAAAIAUgBoBCED4QAGAA0AKUATAwYKDQIECwkJBA0GBA4PDAUIAQAvM8QyERIBFzkRMxEzETMRMzEwEwEXAQEHASUBFwEBBwFSAWSo/uYBGqj+nAHCAWWo/uUBG6j+mwIxAbBe/qL+pGEBrxoBsF7+ov6kYQGvAAABAGABAAQxAysABQAjQBABAAMABwYBBAQDUlkvBAEEAC9dKwAYEMQREgE5OREzMTABIxEhNSEEMbL84QPRAQABebIA//8ASAHBAkoCiQIGABAAAAAEAGT/7AZEBcsACAAVACUANQBdQDMECQsODQwAEBARLh4mFgkMDhEWHgY3Ng8AABINDxEfEQIRERoIABIQEgISEiIyGgQqIhMAPzM/MxI5L10zETkvXTMSOS8zERIBFzkRMxEzETMRMxEzETMRMzEwATMyNjU0JiMjBRQHEyMDIxEjESEyFgE0EiQzMgQSFRQCBCMiJAI3FBIEMzIkEjU0AiQjIgQCAuxFSkxJT0MBmZnt08BavQEGrqL738gBXsrIAV7Kwv6i0M/+osN7qQEkqKoBJKep/tunqP7frAMCRkFIOX2rPv5zAVr+pgOHiP7FyAFeysj+osrF/qbQzwFaxqr+3airASGpqAElqKb+3AAAAf/6BhQEBga4AAMAEbUABQEEAQIALzMRATMRMzEwASE1IQQG+/QEDAYUpAACAG0DOQL+BcsADAAYAB9ADRMGDQAGABoZEAkWAwQAPzPEMhESATk5ETMRMzEwEzQ2MzIWFRQGIyImJjcUFjMyNjU0JiMiBm2+i4q+wIhYmViZZkpKZmhISGgEgYfDwIqLvVeYWUZoZ0dMZmgAAAIAYAAABDEE4QALAA8AN0AeBgMKCgsMDwEICwUREAwNUlkMEgkBAgFSWQafAgECAC9dMysRADMYPysREgEXOREzEjk5MTABITUhETMRIRUhESMBNSEVAe7+cgGOtAGP/nG0/nID0QKYsgGX/mmy/mr+/rKyAAABADMCSgKmBckAFgAnQBMGERUCAgwRFgQYFwkOHwIVFQEgAD8zEjk/MxESARc5ETMRMzEwASE1NzY2NTQmIyIHJzYzMhYVFAYHByECpv2N5nVBQDNdbF6LqoiXXImLAY0CSofhcGo7NDZYeXeEclOXf4EAAAEALQI5AqIFyQAjADlAHxcAEAYABgsTHgMGJSQDExMfFAEfFAEUFAkaIR8OCSEAPzM/MxI5L11xMxI5ERIBFzkRMxEzMTABFAYHFhYVFAYjIic1FjMyNTQjIzUzMjU0JiMiBgcnNjYzMhYChVFPXl+6rZR6kX2zx3NpuEU4OWE5VD2SYoadBONLXycVbk1/ij6dT4d9hYE0OCglci47ewABAWoE2QNQBiEACQATtgUACwoFgAAALxrNERIBOTkxMAE1NjY3IRUGBgcBajl5IwERNM9HBNkZRqw9FT3BNQAAAQCo/hQEdQRSABgAO0AdCgUFCBEAFRUWFggaGRELDgYXDwkVFhsOAkZZDhYAPysAGD8/PzMSOTkREgE5OREzETMzETMRMzEwARQzMjY1ETMRIycjBgYjIicjFhYVESMRMwGT2pKK7LciDTCPaIxPBAMH6+sBpvyx0AIn+66TU1RaHLIk/sAGPgAAAQBx/vwEdwYUAA8ALUAVAQAEBQAFCwMREAEFCAgOBQ4DS1kOAC8rABgvEjkvETMREgEXOREzETMxMAEjESMRIxEGIyImNRA2MyEEd4m/iT5U2Mva6AJE/vwGf/mBAzMS+vsBBP4AAQCFAjkBrgNqAAsAF0AKBgAADQwDCVFZAwAvKxESATkRMzEwEzQ2MzIWFRQGIyImhUxISUxNSEhMAtNJTlFGR1NSAAABAAD+FAGqAAAAEQAtQBcPDAoAAAUMAxMSDA9ACw5IDw8OBwIbDgAvPzMSOS8rMxESARc5ETMRMzEwARQhIic1FjMyNjU0JzczBxYWAar+z0I3NkU2P7NUmClQWv7y3g+JDiEtVRmmWBVfAAABAFQCSgIUBbYACgAiQBAABAkDAQgBDAsHCQEgBAkeAD8zPxI5ERIBOTkRFzMxMAEjETc3BgYHJyUzAhS6AwURL3ZYARmnAkoCAGdbEixZcNEAAgA9AwICzwXHAAsAFwAlQBISAAwGAAYZGA8AAxADAgMVCQQAPzPEXTIREgE5OREzETMxMAEUBiMiJjU0NjMyFgUUFjMyNjU0JiMiBgLPr52WsLGZmLD+EE5YWE5OWFhOBGSkvr+jqbq9pm9ubm9xbW0AAgBQAGgEIQPhAAYADQAlQBILCQQCAAMHAgoJBg4PCAEBDAUALzPELzIREgEXOREzETMxMAEBJwEBNwEFAScBATcBBCH+magBG/7lqAFn/j3+mqgBGv7mqAFmAhf+UWEBXAFeXv5QGv5RYQFcAV5e/lD//wA8AAAGMQW2ACcCFwKmAAAAJgB76AABBwI8A1z9twAJswMCERgAPzU1AP//AC4AAAZIBbYAJwIXAoMAAAAmAHvaAAEHAHQDov23AAeyAhAYAD81AP//ADcAAAZoBckAJwIXAvgAAAAnAjwDk/23AQYAdQoAAAmzAgEHGAA/NTUAAAIAN/53A5YEXgAbACcASEAmHCIAGwcTExsiAykoBBcXABsQGwILAxsbECUlH1FZJRAQCktZECIAPysAGD8rERIAORgvX15dOREzERIBFzkRMxEzETMxMAEVFAYHBgYVFBYzMjY3FwYjIiY1NDY2NzY2NTUTFAYjIiY1NDYzMhYCi1JmfD5sa1qoUlLczM/oKlZyXj7vS0pITExISE0ChT9qllBiYktOXjcms26/qUlyaFpMYU8tAUBKTk9JRVRR//8AAAAABUoHcwImACQAAAEHAEP/5AFSAAizAhkFJgArNf//AAAAAAVKB3MCJgAkAAABBwB2AKoBUgAIswIZBSYAKzX//wAAAAAFSgdzAiYAJAAAAQcBSwA7AVIACLMCHAUmACs1//8AAAAABUoHSAImACQAAAEHAVIALQFSAAizAhgFJgArNf//AAAAAAVKBz4CJgAkAAABBwBqAEYBUgAKtAMCJQUmACs1Nf//AAAAAAVKBwkCJgAkAAABBgFQVm0ACbMDAiQDAD81NQAAAv/+AAAG0wW2AA8AEwBlQDYGExMREQoODgEIAAQFBQABDBASBRUUCg1MWQoKAQYQA0xZEBABBgUSCRMGE0xZBgMBDkxZARIAPysAGD8rEQAzGD8REjkvKxESADkYLysREgEXOTMRMxEzETMSOTkRMxEzMTAhIREhAyMBIRUhESEVIREhASERIwbT/NX+CLz2AqYEL/3FAhT97AI7+zcBnnsBlv5qBbbK/nLI/jUBmQKB//8Aef4UBM8FywImACYAAAAHAHoCDgAA//8AwQAAA/wHcwImACgAAAEHAEP/twFSAAizARUFJgArNf//AMEAAAP8B3MCJgAoAAABBwB2AE4BUgAIswEVBSYAKzX//wDBAAAD/AdzAiYAKAAAAQcBS//5AVIACLMBGAUmACs1//8AwQAAA/wHPgImACgAAAEHAGoABAFSAAq0AgEhBSYAKzU1//8ANAAAApgHcwImACwAAAEHAEP+ygFSAAizARUFJgArNf//AEoAAALSB3MCJgAsAAABBwB2/4IBUgAIswEVBSYAKzX////uAAAC8AdzAiYALAAAAQcBS/8LAVIACLMBGAUmACs1//8AOgAAAqsHPgImACwAAAEHAGr/FQFSAAq0AgEhBSYAKzU1AAIALwAABV4FtgAMABgAR0AlDQASCBYWBAAEBhQEGhkVBgcGTFkSBwcECQkRTFkJAwQWTFkEEgA/KwAYPysREgA5GC8zKxEAMxESARc5ETMSOTkRMzEwARAAISERIzUzESEgAAMQAiMjESEVIREzIAVe/m7+hv5vkpIBvgFbAYT8+fTFATP+zaACEgLp/pj+fwJvyAJ//of+pAEEAQn+Scj+WgD//wDBAAAFgwdIAiYAMQAAAQcBUgCyAVIACLMBGgUmACs1//8Aef/sBdMHcwImADIAAAEHAEMAdwFSAAizAiEFJgArNf//AHn/7AXTB3MCJgAyAAABBwB2AScBUgAIswIhBSYAKzX//wB5/+wF0wdzAiYAMgAAAQcBSwC6AVIACLMCJAUmACs1//8Aef/sBdMHSAImADIAAAEHAVIArgFSAAizAiAFJgArNf//AHn/7AXTBz4CJgAyAAABBwBqAMsBUgAKtAMCLQUmACs1NQABAIMBDgQOBJgACwAcQA8BAwUHCQsGDQwvAF8AAgAAGS9dERIBFzkxMAEBNwEBFwEBBwEBJwHJ/rp9AUgBSX3+twFFe/63/rx9AtMBRn/+ugFGe/62/rh9AUb+un0AAwB5/7QF0wX8ABMAGwAjAE5ALRYXHh8EFBwUABwKAAUICg8FJSQXHhYfBCEZDxIIBQQDDQ0hTFkNBAMZTFkDEwA/KwAYPysREgAXORESFzkREgEXOREzETMREhc5MTABEAAhIicHJzcmERAAITIXNxcHFgM0JwEWMzISARQXASYjIgIF0/6b/rnVlF6NYrwBZQFLx5tajmPD/lD9tmGL1dn8ok4CS1yL19sC3f6b/nRRiV6QxAF5AWoBhFKBXIzH/pDhiPyuPAEUARHngwNSO/7qAP//ALT/7AU7B3MCJgA4AAABBwBDADcBUgAIswEbBSYAKzX//wC0/+wFOwdzAiYAOAAAAQcAdgDuAVIACLMBGwUmACs1//8AtP/sBTsHcwImADgAAAEHAUsAiwFSAAizAR4FJgArNf//ALT/7AU7Bz4CJgA4AAABBwBqAJgBUgAKtAIBJwUmACs1Nf//AAAAAAS8B3MCJgA8AAABBwB2AFgBUgAIswESBSYAKzUAAgDBAAAEkQW2AAwAFQBGQCURAA0JBQUGBgAXFgkVTFkACRAJAgwDCQkGBw0ETFkNDQYHAwYSAD8/EjkvKxESADkYL19eXSsREgE5OREzETMzETMxMAEUBCEjESMRMxUzIAQBMzI2NTQmIyMEkf7c/uuo7+/FAQwBEP0fhbusnKykAwjj9P7PBbbz4P4Vfox/ewABAKj/7AUCBh8AMwBBQCIlAAYfGQ4sLQAOFB8tBTU0GSURMS0VMShGWTEAERdIWREWAD8rABg/KwAYPxESOTkREgEXOREzETMRMxEzMTABFAYHBgYVFBYXFx4CFRQGIyInNRYWMzI1NCYnJiY1NDY3NjY1NCYjIgYVESMRNCQzMgQEfU1CWjYtOV9cVyzWzL5tOqJDwEV5d2hER0tAhm9/husBAe/hAQQE5UqFM0U6HB4zJkA+X3BHpaxBxyUxlz1YSkl8VD9pNTdVM0hRbGn7cwSRwc2oAP//AFr/7AQEBiECJgBEAAABBgBDmQAACLMCMBEmACs1//8AWv/sBAQGIQImAEQAAAEGAHZMAAAIswIwESYAKzX//wBa/+wEBAYhAiYARAAAAQYBS+gAAAizAjMRJgArNf//AFr/7AQEBfYCJgBEAAABBgFS5AAACLMCLxEmACs1//8AWv/sBAQF7AImAEQAAAEGAGr1AAAKtAMCPBEmACs1Nf//AFr/7AQEBpwCJgBEAAABBgFQDgAACrQDAioRJgArNTUAAwBa/+wGuARmACYAMAA3AHNAPyEPFgQtNBYWLTUVJwAAChUaLQU5OA8hJA0ELUpZBAQkDTQWSVk0NCQNETFIWQ0HSFkRDRAeGEdZJClIWR4kFgA/MysrABg/MysrERIAORgvKxESADkYLysREgA5ORESARc5ETMRMxEzETMRMxI5OTEwEzQ2Nzc1NCMiByc2NjMyFzYzMhIVFSESITI3FQYGIyImJwYGIyImNxQzMjY1NQcGBgEiBgchNCZa8/m8yY2mSljRY/FjeOLO9P04CgEjuKxWq26M2UNewZGlu/SmfJCHm5ADpHCDCQHZdQE9rK0IBkzCUqYvMZub/vPkf/6wUL8pIm1ufV60m5uRf2AGBmECEYuLgpT//wBm/hQDtARmAiYARgAAAAcAegFkAAD//wBm/+wEOQYhAiYASAAAAQYAQ68AAAizAiURJgArNf//AGb/7AQ5BiECJgBIAAABBgB2YAAACLMCJREmACs1//8AZv/sBDkGIQImAEgAAAEGAUsAAAAIswIoESYAKzX//wBm/+wEOQXsAiYASAAAAQYAag4AAAq0AwIxESYAKzU1////uwAAAaEGIQImAPMAAAEHAEP+UQAAAAizAQ0RJgArNf//AJwAAAKCBiECJgDzAAABBwB2/zIAAAAIswENESYAKzX///+cAAACngYhAiYA8wAAAQcBS/65AAAACLMBEBEmACs1////5wAAAlgF7AImAPMAAAEHAGr+wgAAAAq0AgEZESYAKzU1AAIAZv/sBH0GIQAbACcAUEArDBwcACIGAAYQExgFKSgWGREOEAUXDw8UDAMJCR9HWQkJAxcUAQMlR1kDFgA/KwAYP8YSOS8rERIAORI5GC8SFzkREgEXOREzETMRMzEwARAAIyIANTQAMzIXNyYnByc3Jic3Fhc3FwcWEgM0JiMiBhUUFjMyNgR9/u376/7iAQbc1lcIPqX6WMxWUVSMdudYvJif8JeDl4aUiZSGAjf+6f7MARDl5wENbwS9nJaFdzsrkj9RioFxjP6E/ul/lqSemaK2AP//AKgAAAR1BfYCJgBRAAABBgFSIQAACLMBHBEmACs1//8AZv/sBH0GIQImAFIAAAEGAEO7AAAIswIfESYAKzX//wBm/+wEfQYhAiYAUgAAAQYAdm8AAAizAh8RJgArNf//AGb/7AR9BiECJgBSAAABBgFLDAAACLMCIhEmACs1//8AZv/sBH0F9gImAFIAAAEGAVL/AAAIswIeESYAKzX//wBm/+wEfQXsAiYAUgAAAQYAahIAAAq0AwIrESYAKzU1AAMAYADsBDEEtgADAA8AGwA0QBoWEAoEAAMEEAQdHAcNGRMNEwEBAFJZLwEBAQAvXSsRADMzGC8zLzMREgEXOREzETMxMBM1IRUBNDYzMhYVFAYjIiYRNDYzMhYVFAYjIiZgA9H9mD9APUBEOTxDP0A9QEQ5PEMCebKy/vxAR0g/P0pHAvxAR0g/P0pHAAADAGb/uAR9BIsAEwAbACIAT0AuFhceHwQcFBwAFAoABQgKDxIGJCMXHhYfBCEZDxIIBQQDDQ0ZRlkNEAMhRlkDFgA/KwAYPysREgAXORESFzkREgEXOREzETMREhc5MTABEAAjIicHJzcmERAAMzIXNxcHFgEUFwEmIyIGBTQnARYzIAR9/ur4kGpMh1KOART7kHJFiE6H/NslAYc8V5SFAjMh/n02VgEYAiv+8f7QOW1adZsBCQENAS4/ZFxsmP8Ah1QCLyfEt3lS/dch//8Anv/sBG0GIQImAFgAAAEGAEO3AAAIswEeESYAKzX//wCe/+wEbQYhAiYAWAAAAQcAdgCLAAAACLMBHhEmACs1//8Anv/sBG0GIQImAFgAAAEGAUshAAAIswEhESYAKzX//wCe/+wEbQXsAiYAWAAAAQYAaicAAAq0AgEqESYAKzU1//8AAP4UBEoGIQImAFwAAAEGAHYnAAAIswEeESYAKzUAAgCo/hQEkwYUABUAIQBBQCIfBgwSFRoEDw8QEAYjIgwVCQMRABAbAxZGWQMQCR1GWQkWAD8rABg/KwAYPz8REjk5ERIBOTkRMxEXMxEzMTABNjYzMhIREAIjIicjFxcRIxEzEQcHBSIGFRUUFjMyETQmAZM9o2rO6OnN228OCAbr6wcDARmOgYCR/nsDwVZP/tL+8/7w/tGVSFz+NwgA/lKKGxuksiXKtQGBvrv//wAA/hQESgXsAiYAXAAAAQYAasoAAAq0AgEqESYAKzU1//8AAAAABUoG2QImACQAAAEHAU0ATAFSAAizAhMFJgArNf//AFr/7AQEBYcCJgBEAAABBgFNAAAACLMCKhEmACs1//8AAAAABUoHWgImACQAAAEHAU4APwFSAAizAhAFJgArNf//AFr/7AQEBggCJgBEAAABBgFO+QAACLMCJxEmACs1//8AAP4rBUoFvAImACQAAAAHAVEDjQAA//8AWv4rBCUEZgImAEQAAAAHAVECngAA//8Aef/sBM8HcwImACYAAAEHAHYBCAFSAAizASIFJgArNf//AGb/7AO0BiECJgBGAAABBgB2WAAACLMBHxEmACs1//8Aef/sBM8HcwImACYAAAEHAUsAqgFSAAizASUFJgArNf//AGb/7APHBiECJgBGAAABBgFL4gAACLMBIhEmACs1//8Aef/sBM8HTAImACYAAAEHAU8B+gFSAAizASIFJgArNf//AGb/7AO0BfoCJgBGAAABBwFPAUYAAAAIswEfESYAKzX//wB5/+wEzwdzAiYAJgAAAQcBTAC2AVIACLMBHgUmACs1//8AZv/sA+AGIQImAEYAAAEGAUz7AAAIswEbESYAKzX//wDBAAAFZgdzAiYAJwAAAQcBTABgAVIACLMCFQUmACs1//8AZv/sBdMGFAImAEcAAAAHAjgDPQAA//8ALwAABV4FtgIGAJIAAAACAGb/7ATwBhQAGwAnAHBAQgkQGSAEDRMNFiYDAw4VFgQpKAkaAAYWDg8OSVkTDw8fDy8PAxMDDw8GEQAYFQYjRlkABhAGIAYDCQMGDwAcRlkAFgA/KwAYP19eXSsAGD8/EjkvX15dMysRADMREjk5ERIBFzkRMxEzMxEXMzEwBSICERASMzIXMyYmNTUhNSE1MxUzFSMRIycjBicyNjU1NCYjIgYVEAIZzuXd2t5yDAMO/oEBf+ycnMErCmyQjoOBmH17FAEnAQQBFQEcogqKLF2jrq6j+z2Rpb6frSHMpLHC/pYA//8AwQAAA/wG2QImACgAAAEHAU0ABAFSAAizAQ8FJgArNf//AGb/7AQ5BYcCJgBIAAABBgFNAgAACLMCHxEmACs1//8AwQAAA/wHWgImACgAAAEHAU7//wFSAAizAQwFJgArNf//AGb/7AQ5BggCJgBIAAABBgFO/wAACLMCHBEmACs1//8AwQAAA/wHLwImACgAAAEHAU8BTgE1AAizARUFJgArNf//AGb/7AQ5BfoCJgBIAAABBwFPAUoAAAAIswIlESYAKzX//wDB/isD/AW2AiYAKAAAAAcBUQJUAAD//wBm/kQEOQRmAiYASAAAAAcBUQJSABn//wDBAAAD/AdzAiYAKAAAAQcBTAACAVIACLMBEQUmACs1//8AZv/sBDkGIQImAEgAAAEGAUz/AAAIswIhESYAKzX//wB5/+wFMQdzAiYAKgAAAQcBSwDRAVIACLMBJwUmACs1//8AF/4UBE4GIQImAEoAAAEGAUvUAAAIswNQESYAKzX//wB5/+wFMQdaAiYAKgAAAQcBTgDfAVIACLMBGwUmACs1//8AF/4UBE4GCAImAEoAAAEGAU7YAAAIswNEESYAKzX//wB5/+wFMQdMAiYAKgAAAQcBTwIvAVIACLMBJAUmACs1//8AF/4UBE4F+gImAEoAAAEHAU8BEgAAAAizA00RJgArNf//AHn+OwUxBcsCJgAqAAAABwI5AR8AAP//ABf+FAROBiECJgBKAAABBgI6TgAACLMDSBEmACs1//8AwQAABUIHcwImACsAAAEHAUsAmgFSAAizARgFJgArNf//AKgAAAR1B6oCJgBLAAABBwFLACkBiQAIswEiAiYAKzUAAgAAAAAGAgW2ABMAFwBYQC8AERQDBQUEDRAXAwgICQIECQsEGRgDFgsMC0tZABAMDAkOFwdMWRcXCRIOAwUJEgA/Mz8zEjkvKxESADkYLzMzKxEAMzMREgEXOREzEhc5ETMSFzkxMAEzFSMRIxEhESMRIzUzNTMVITUzAzUhFQVCwMDw/V7vwcHvAqLw8P1eBNmq+9ECk/1tBC+q3d3d/arPzwABAAwAAAR1BhQAHgBpQEABAA4RFBgECQkKAAoMEwQgHxgKHBQMDQxJWRENDRwPHAVGWQ8cAa8cvxzPHO8c/xwFABwQHCAcAxwcCg8AAQoVAD8zPxI5L11dcSsREgA5GC8zKxEAMxESORESARc5ETMSFzkRMzEwISMRNCYjIgYVESMRIzUzNTMVIRUhFRQGBzM2NjMgEQR17GdwlIvrnJzrAX3+gwQIDzavagGQAnd/f7HQ/gwEw6OurqNrHVFdV1H+awD////rAAAC/QdIAiYALAAAAQcBUv7/AVIACLMBFAUmACs1////lwAAAqkF9gImAPMAAAEHAVL+qwAAAAizAQwRJgArNf//ADQAAAKzBtkCJgAsAAABBwFN/xEBUgAIswEPBSYAKzX////gAAACXwWHAiYA8wAAAQcBTf69AAAACLMBBxEmACs1//8AEwAAAtIHWgImACwAAAEHAU7/DwFSAAizAQwFJgArNf///70AAAJ8BggCJgDzAAABBwFO/rkAAAAIswEEESYAKzX//wBK/isCmAW2AiYALAAAAAYBUW8A//8AMP4rAaIF+gImAEwAAAAGAVEZAP//AEoAAAKYB0wCJgAsAAABBwFPAFIBUgAIswEVBSYAKzUAAQCoAAABkwRSAAMAFkAJAAEBBQQCDwEVAD8/ERIBOREzMTAhIxEzAZPr6wRS//8ASv5oBIsFtgAmACwAAAAHAC0C4QAA//8Amv4UA8kF+gAmAEwAAAAHAE0CJwAA////ZP5oArcHcwImAC0AAAEHAUv+0gFSAAizARkFJgArNf///4f+FAKaBiECJgI3AAABBwFL/rUAAAAIswEZESYAKzX//wDB/jsFHQW2AiYALgAAAAcCOQCRAAD//wCo/jsEiQYUAiYATgAAAAYCOVAAAAEAqAAABIcEUgANADdAHQUEAQILAAgICQIDBAYJBQ8OBgMHAAQJAQoPBQkVAD8zPzMSFzkREgEXOREzETMzETMRMzEwAQEhAQEhAQcRIxEzERQBjwHTAQv+VAHG/u7+sIvy8gItAiX+Dv2gAdFn/pYEUv7fgP//AMEAAAQbB3MCJgAvAAABBwB2/5IBUgAIswEPBSYAKzX//wCoAAACkAesAiYATwAAAQcAdv9AAYsACLMBDQImACs1//8Awf47BBsFtgImAC8AAAAGAjk9AP//AF3+OwGTBhQCJgBPAAAABwI5/vcAAP//AMEAAAQbBbcCJgAvAAABBwI4AUj/owAHsgEJAwA/NQD//wCoAAADEwYUAiYATwAAAAYCOH0A//8AwQAABBsFtgImAC8AAAAHAU8CGf1r//8AqAAAAx8GFAAmAE8AAAAHAU8Bff04AAEADgAABBsFtgANAENAJQcECwsAAAMJDQQPDgEEBwoEAkAPCE8IAgsDCAgABQMAC0xZABIAPysAGD8SOS9fXl0azRc5ERIBFzkRMxI5OTEwMxEHJzcRMxE3FwURIRXBWVqz79tc/skCawH0M5trAu/9oIOeuP5KzQAAAf/+AAACZAYUAAsAPUAlCQAEBAUFCAIDDQwGCQMIBAEPBx8HLwdPB18HnwcGBwcFCgAFFQA/PxI5L13NFzkREgEXOREzEjk5MTABNxcHESMRByc3ETMBoGZexOxcWrbsA4FEmn/9VAIZOpp1AyYA//8AwQAABYMHcwImADEAAAEHAHYBIwFSAAizARsFJgArNf//AKgAAAR1BiECJgBRAAABBwB2AJEAAAAIswEdESYAKzX//wDB/jsFgwW2AiYAMQAAAAcCOQDhAAD//wCo/jsEdQRmAiYAUQAAAAYCOWQA//8AwQAABYMHcwImADEAAAEHAUwAyQFSAAizARcFJgArNf//AKgAAAR1BiECJgBRAAABBgFMNQAACLMBGREmACs1//8AAwAABTYFtgAnAFEAwQAAAAYCB+oAAAEAwf5oBYMFtgAaADxAHhMIFhYYEQoODg8DDxgDHBsKEw8WEAMPEgAFTFkAIwA/KwAYPz8zEjk5ERIBFzkRMxEzMxEzETMzMTABIic1FjMyNjcBIxcWFREjESEBMyYRETMRFAYD32hGSlZqcAX83wgFDtkBIgLNBg7b2v5oGcsVamEEiz7Bpf0XBbb76nsBrgHt+lDJ1QAAAQCo/hQEdQRmAB0APEAfBxsTDw8QAxAbAx8eExAXEQ8QFRcLRlkXEAAFRlkAGwA/KwAYPysAGD8/ERI5ERIBFzkRMxEzETMxMAEiJzUWMzI1ETQmIyIGFREjETMXMzY2MzIWFREUBgMxYkI6P4NpbpWK67ghDjGzcsvFpv4UGboSqgM1eniwz/3ZBFKRT1bKy/yeqbL//wB5/+wF0wbZAiYAMgAAAQcBTQDFAVIACLMCGwUmACs1//8AZv/sBH0FhwImAFIAAAEGAU0OAAAIswIZESYAKzX//wB5/+wF0wdaAiYAMgAAAQcBTgDDAVIACLMCGAUmACs1//8AZv/sBH0GCAImAFIAAAEGAU4MAAAIswIWESYAKzX//wB5/+wF0wdzAiYAMgAAAQcBUwErAVIACrQDAioFJgArNTX//wBm/+wEfQYhAiYAUgAAAQYBU2oAAAq0AwIoESYAKzU1AAIAef/sBxsFzQAUAB8AVkAvDQAPExMdGAYABhEdBCEgDxJMWQ8PAQsLDkxZCwMJFUxZCQQBE0xZARMDG0xZAxIAPysAGD8rABg/KwAYPysREgA5GC8rERIBFzkRMxEzETMRMzEwISEGIyAAERAAITIXIRUhESEVIREhASICERASMzI3ESYHG/zMZm3+wP6lAVgBP3NeAzr9wAIb/eUCQPv+0NbU0IFUUBQBiQFqAWgBhhfK/nLI/jUENf7q/vP+8/7oIwQAJQAAAwBm/+wHTARmAB0AKQAwAG9APQ0CJC0UFCQuEx4HBxMaJAQyMQ0CBAotFEhZDC0cLQIQAy0tBAoPKkhZDwoKJ0ZZChAAF0dZAAQEIUZZBBYAPysRADMrABg/KxEAMysREgA5GC9fXl0rERIAOTkREgEXOREzETMRMxEzEjk5MTAFICcGISIAERAAMzIWFzYzMgAVFSEWFjMyNjcVBgYBFBYzMjY1NCYjIgYlIgYHITQmBZ7+54uE/vTs/ugBEvV5zEKD+N0BAP0eC5WaZqpgVK/7R4OSjYOEkY+BBBluhwsB8X4UwsIBNgEJARABK2Jgwv716H+kqiUrvygjAj+9wr+8wL++zIuLhpAA//8AwQAABQoHcwImADUAAAEHAHYAhQFSAAizAh8FJgArNf//AKgAAANOBiECJgBVAAABBgB28wAACLMBGhEmACs1//8Awf47BQoFtgImADUAAAAHAjkAmAAA//8AYf47A04EZgImAFUAAAAHAjn++wAA//8AwQAABQoHcwImADUAAAEHAUwAJwFSAAizAhsFJgArNf//AGsAAANtBiECJgBVAAABBgFMiAAACLMBFhEmACs1//8AZP/sBAwHcwImADYAAAEHAHYATgFSAAizAS4FJgArNf//AGL/7AOPBiECJgBWAAABBgB2+wAACLMBKxEmACs1//8AZP/sBAwHcwImADYAAAEHAUv/6gFSAAizATEFJgArNf//AGL/7AOPBiECJgBWAAABBgFLnQAACLMBLhEmACs1//8AZP4UBAwFywImADYAAAAHAHoBRAAA//8AYv4UA48EZgImAFYAAAAHAHoBAAAA//8AZP/sBAwHcwImADYAAAEHAUz/6AFSAAizASoFJgArNf//AGL/7AOPBiECJgBWAAABBgFMowAACLMBJxEmACs1//8AHf47BGgFtgImADcAAAAGAjkhAP//ACf+OwLwBUgCJgBXAAAABgI5qQD//wAdAAAEaAdzAiYANwAAAQcBTP/iAVIACLMBDQUmACs1//8AJ//sA04GHgImAFcAAAAHAjgAuAAKAAEAHQAABGgFtgAPAD9AIQwFAAABAQMHCg4FERAPAwQDS1kMBAQIARILBwgHTFkIAwA/KxEAMxg/EjkvMysRADMREgEXOREzEjk5MTAhIxEhNSERITUhFSERIRUhArrv/ucBGf5SBEv+UgEX/ukCe8QBqs3N/lbEAAEAJ//sAvAFSAAdAFdALw4RFxQEGxsKAgoLDxYZBh8eEhRAGxgLDAwLSVkMDAYUDhcUF0hZERQPBgBGWQYWAD8rABg/MysRADMREjkYLysREgA5ORoYEM0REgEXOREzEhc5MTAlMjcVBgYjIiY1NSM1MzUjNTc3MxUhFSEVIRUhFRQCRk1dJn1Bq6OHh5eiUJEBO/7FASH+36obsREXsrTJo+JoVur2suKjw64A//8AtP/sBTsHSAImADgAAAEHAVIAhQFSAAizARoFJgArNf//AJ7/7ARtBfYCJgBYAAABBgFSEgAACLMBHREmACs1//8AtP/sBTsG2QImADgAAAEHAU0AlgFSAAizARUFJgArNf//AJ7/7ARtBYcCJgBYAAABBgFNIwAACLMBGBEmACs1//8AtP/sBTsHWgImADgAAAEHAU4AkQFSAAizARIFJgArNf//AJ7/7ARtBggCJgBYAAABBgFOIQAACLMBFREmACs1//8AtP/sBTsH7gImADgAAAEHAVAAqgFSAAq0AgEVBSYAKzU1//8Anv/sBG0GnAImAFgAAAEGAVA3AAAKtAIBGBEmACs1Nf//ALT/7AU7B3MCJgA4AAABBwFTAP4BUgAKtAIBJAUmACs1Nf//AJ7/7AR4BiECJgBYAAABBwFTAJEAAAAKtAIBJxEmACs1Nf//ALT+KwU7BbYCJgA4AAAABwFRAjMAAP//AJ7+KwR9BFICJgBYAAAABwFRAvYAAP//AAwAAAeDB3MCJgA6AAABBwFLAWIBUgAIswEpBSYAKzX//wAUAAAGcwYhAiYAWgAAAQcBSwDfAAAACLMBKhEmACs1//8AAAAABLwHcwImADwAAAEHAUv/+wFSAAizARUFJgArNf//AAD+FARKBiECJgBcAAABBgFLxgAACLMBIREmACs1//8AAAAABLwHPgImADwAAAEHAGoAAAFSAAq0AgEeBSYAKzU1//8AQgAABFgHcwImAD0AAAEHAHYASAFSAAizARMFJgArNf//AEQAAAOLBiECJgBdAAABBgB2/wAACLMBExEmACs1//8AQgAABFgHTAImAD0AAAEHAU8BLQFSAAizARMFJgArNf//AEQAAAOLBfoCJgBdAAABBwFPAMsAAAAIswETESYAKzX//wBCAAAEWAdzAiYAPQAAAQcBTP/vAVIACLMBDwUmACs1//8ARAAAA4sGIQImAF0AAAEGAUyQAAAIswEPESYAKzUAAQCoAAADDAYfAAwAIUAPCgMDBAQODQQVCABGWQgAAD8rABg/ERIBOREzETMxMAEiFREjETQ2MzIXByYCL5zrtcKDajldBWDA+2AEpr67K7IeAAEAw/4UBCMFywAfAERAJBoMHh4IAwgKExwFISAJHRodSFkMGhoQABAWRlkQBwAFRlkAGwA/KwAYPysREgA5GC8zKxEAMxESARc5ETMSOTkxMAEiJzUWMzI2NREjNTc1NDYzMhYXByYjIgYVFTMVIxEQAWJXSD4+UEbDw6a+TnIqOldCTkH9+/4UFb4SWmcDnXFFb7+0Hg+wHldhbbT8Tv6TAAQAAAAABUwHqgAQABcAIQAuAHRAMwkCFAQDBwgAAwUGCAsRFBcYHQswLxhADRNIGA4OJUtZFAkCAywXBkxZFywXLAAOEA4CDrj/wEASDRBIDg4IDxwBHEANE0gcBAgSAD8zLytdEjkvK105OS8vKxEAFzMrABgQxisREgEXOREzETMRMzMxMAEUBwEjAyEDIwEmNTQ2MzIWAwMmJwYGAxM1NjY3IRUGBgcTNCYjIgYVFBYzMzI2A5NLAgT8jf3CifwCBEyBa2eIDHVRGwwbuHAecCABER+/Qzk8Li88MzIKLTkFpmo++wIBbf6TBPw6bmZ7efwvATTGayZQ/hEEfxMdizUOJ5Eq/uozNzczMjk5AAAFAFr/7AQEB6oAGwAmAC4AOgBGAJJAFkQ4PjIMAR8fGyQICBQbMjgnKgdIRy64/8BAPgoOSC4uNW8qAQ8qPypfKgMMKjsANVA1YDWQNaA1BRADNUEvF0ACBRcMIEpZDAwFFwAVFxBIWRcQBRxIWQUWAD8rABg/KwAYPxESOS8rERIAORoYEN4yxF9eXTLEXl1xETkvKxESARc5ETMRMxEzMxEzETMxMCEnIwYGIyImNTQkJTc1NCYjIgYHJzY2MzIWFRElMjY1NQcGBhUUFhM1NjchFQYHAyImNTQ2MzIWFRQGAyIGFRQWMzI2NTQmA1wvCEO4dqC6AQEBAb9mZUecVkxgx2jV1f36f5yOn55YMWJMAS07/h9og4NoZIyJZzU1NTU1NjaaV1ewoamwCAY7aWoqKqgwML++/Regj4FgBgdoYE5NBjkQW2YMQIX96nhraHl3aG14AU01NTY1NTY1Nf////4AAAbTB3MCJgCIAAABBwB2AnUBUgAIswIdBSYAKzX//wBa/+wGuAYhAiYAqAAAAQcAdgGqAAAACLMDQREmACs1//8Aef+0BdMHcwImAJoAAAEHAHYBJQFSAAizAy0FJgArNf//AGb/uAR9BiECJgC6AAABBgB2aAAACLMDLBEmACs1//8AZP47BAwFywImADYAAAAGAjkAAP//AGL+OwOPBGYCJgBWAAAABgI5wgAAAQDjBNkD5QYhAAwAKEASCQgCAAwEBQIFDAMODQIJgAUAAC8yGs0yERIBFzkRMxEzETMzMTABJicGByM1NjchFhcVA0Z7aWd6nr8/AQQ/wQTZSWtnTRnGaW7BGQABAOME2QPlBiEADQAoQBIFBAsNAQkHAQcLAw8OCACACwUALzMazTIREgEXOREzETMRMzMxMAEVBgYHISYnNTMWFzY3A+V+Zxv+/EG9nopXYYMGIRuDfC5pxBtaXWRTAAABASME2QOiBYcAAwARtQMCBQQAAwAvMxESATk5MTABIRUhASMCf/2BBYeuAAEBBATZA8MGCAAOACRAEAsMBAMMAxAPC38EAQSACAAALzIazF0yERIBOTkRMxEzMTABIiYnMx4CMzI2NzMGBgJenbUIiQUsUVNpZQeMDMAE2Z+QMDkYQj+NogAAAQCaBPYBogX6AAsAE7YGAAANDAMJAC/NERIBOREzMTATNDYzMhYVFAYjIiaaRUA+RUU+QEUFdz9ERD88RUUAAAIBYATXAzsGnAALABYAKkAWDAASBgYAGBcPcAkBDwkfCS8JAwkUAwAvM8RdXTIREgE5OREzETMxMAEUBiMiJjU0NjMyFgc0JiMiBhUUMzI2AzuDbGyAf21oh4U8Li88ay48Bbxmf31mZX18ZjI5OTJqNwAAAQAX/isBhwAAABAAIkAQDQ4ACgQKDgMSEQJgBwEHDgAvL10zERIBFzkRMxEzMTAXFDMyNxUGIyImNTQ2NzMGBsdYKz1FRnF0TF6VRUrpWRGQFHFgQXxHQm0AAQDsBNcD/gX2ABUAMkAYEhMHCBMIFxYQAAULAAsAC38TjxMCE4AIAC8azF05OS8vETMRMxESATk5ETMRMzEwASIuAiMiByM2NjMyHgIzMjczBgYDCCpRTkoiURx6DINmK1JOSSJPG30MggTZIysjc4uSIysjc4aXAAACAMEE2QPnBiEACAASABtADAAECQ4EFBMNBIAJAAAvMhrNMhESARc5MTATNTY3MxUGBgczNTY2NzMVBgYHwWhS9B3CTvcrcR/zHcJOBNkZkJ8VMcY8GTm1QRUxxjwAAQHpBNkDKQZoAAkAGEAJAwQJBAsKBIAJAC8azRESATk5ETMxMAE2NjczFQYGByMB6RsyCeoYZjaMBPZS1UsYR9ZaAAADAOkFAgOyBrQACQAVACAAN0AdAwQWGxAKBAkKGwQiIRgNAAkQCSAJAwkNCQ0EHhMALzPMOTkvL10RMxESARc5ETMRMxEzMTABNjY3MxUGBgcjJTQ2MzIWFRQGIyImJTQzMhYVFAYjIiYB9BcvCOEcaT5s/vU+MTM8QC8xPgHsby5AQC4yPQWFSbUxFD2mUAo+Nzw5Ozo6O3U4PTs6OgD////yAAAFSgX/AiYAJAAAAQcBVP4J/5cAB7ICEwAAPzUAAAEAhQI5Aa4DagALABdACgYAAA0MAwlRWQMALysREgE5ETMxMBM0NjMyFhUUBiMiJoVLSUlMTkdHTQLRS05QSUhQTgD///+5AAAEgQX/ACcAKACFAAABBwFU/dD/lwAHsgEPAAA/NQD///+5AAAF0wX/ACcAKwCRAAABBwFU/dD/lwAHsgEPAAA/NQD////BAAADjAX/ACcALAD0AAABBwFU/dj/lwAHsgEPAAA/NQD////W/+wGHQX/ACYAMkoAAQcBVP3t/5cAB7ICGwAAPzUA////rwAABdAF/wAnADwBFAAAAQcBVP3G/5cAB7IBDAAAPzUA////1gAABk4F/wAmAXZMAAEHAVT97f+XAAeyASMAAD81AP///9j/7ALVBrQCJgGGAAABBwFV/u8AAAAMtQMCASwRJgArNTU1//8AAAAABUoFvAIGACQAAP//AMEAAATZBbYCBgAlAAAAAQDBAAAEJQW2AAUAG0AMBAEHBgQSBQJMWQUDAD8rABg/ERIBOTkxMAEVIREjEQQl/YvvBbbN+xcFtgD//wAvAAAEugW4AgYCKAAA//8AwQAAA/wFtgIGACgAAP//AEIAAARYBbYCBgA9AAD//wDBAAAFQgW2AgYAKwAAAAMAef/sBdMFzQADAA8AGwA6QB8WBBAKAQIECgQdHAMCTFkDAwcNDRlMWQ0EBxNMWQcTAD8rABg/KxESADkYLysREgEXOREzETMxMAEVITUFEAAhIAAREAAhIAABEBIzMhIREAIjIgIERv3AA83+m/65/rX+nQFlAUsBRgFk+6Dc2Nfb29XZ3QNMyclv/pv+dAGJAWoBagGE/nb+mv7z/ugBEwESAQ8BFP7pAP//AEoAAAKYBbYCBgAsAAD//wDBAAAFHQW2AgYALgAAAAEAAAAABQIFtgALAChAEwcGAAkIBAUABQgDDQwABgMJBRIAPzM/MxESARc5ETMRMxEzMzEwAQ4CASMBIQEjASYCfwkiH/7D+AIAAQACAvj+00EE0yyHavxKBbb6SgOHwgD//wDBAAAGogW2AgYAMAAA//8AwQAABYMFtgIGADEAAAADAEwAAAQxBbYAAwAHAAsAOkAfBggHCwIDCAsEDQwAA0xZAAAKBAQHTFkEAwoLTFkKEgA/KwAYPysREgA5GC8rERIBFzkRMxEzMTATIRUhAyEVIQEVITXHAu/9EVIDk/xtA7z8GwNeyAMgyvvfy8v//wB5/+wF0wXNAgYAMgAAAAEAwQAABSUFtgAHACVAEQEABAUFAAkIAQUSBgNMWQYDAD8rABg/MxESATk5ETMRMzEwISMRIREjESEFJfD9e+8EZATp+xcFtgD//wDBAAAEiQW2AgYAMwAAAAEATAAABGoFtgANAENAIwIJCAMKAAADBgkNBQ8OAgkJAAQDBwQHTFkEAwELAAtMWQASAD8rEQAzGD8rEQAzERI5ETMREgEXOREzETMRMzEwMzUBATUhFSEnAQElIRVMAdv+MQPX/gjXAcn+IQE5AefBAjsB/L7NB/4O/ccGywD//wAdAAAEaAW2AgYANwAA//8AAAAABLwFtgIGADwAAAADAGL/7AY9BcsACAAiACsAYUA3ABQXKwQiIgkEHCcPCQ8cAy0sCCQTJEtZFxMAExATAhADACsKK0tZIQpQCmAKAhMKEwoJFQQJEwA/PxI5OS8vXREzKxEAM19eXREzKxEAMxESARc5ETMRMxEzEhc5MTABMzI2NTQmIyMDNSMiJAI1NDYkMzM1MxUzMgQWFRQCBCMjFQMjIgYVFBYzMwPBFLTLvaUx4iGz/vGajAEGsDviPbEBBYma/vO1IOIxprzKtxIBi8GsoLz7mOGDAQagm/mNtLSM956j/vyC4QRovZ+qw///AAQAAAT2BbYCBgA7AAAAAQBtAAAGRAW2ABsAQEAgFBMFBhobBQYNDAYMGwMdHBURCBFMWQQICAYaEwwDBhIAPz8zMxI5LzMrEQAzERIBFzkRMxEzETMREjk5MTABEAAhIxEjESMgABERMxEUFjMzETMRMzI2NREzBkT+0/7hMeAx/uX+0ue3wBzgHra/6gPV/vn+6v5IAbgBEQEKAeP+IbCoAzf8yaupAeMAAQBEAAAGAgXNAB8AP0AjFhoKBh0TAw0GCA0TGBoGISAQAExZEAQWBhoDCQgJTFkZCBIAPzMrEQAXMxg/KxESARc5ETMRMxEzETMxMAEiBhUUEhcVITUhJgI1EAAhIAARFAIHIRUhNTYSNTQmAyPU3JOi/ZwBbpihAWwBPgE+AWykmAFx/Zqemd0FAO/i0f7Zas3NawFQyAEkAVn+qv7Zy/6yas3NZAEp1ePu//8AOgAAAqsHPgImACwAAAEHAGr/FQFSAAq0AgEhBSYAKzU1//8AAAAABLwHPgImADwAAAEHAGoAAAFSAAq0AgEeBSYAKzU1//8AZv/sBOMGaAImAX4AAAEGAVQnAAAIswI1ESYAKzX//wBU/+wD1QZoAiYBggAAAQYBVPcAAAizAS0RJgArNf//AKj+FAR1BmgCJgGEAAABBgFUWAAACLMBHREmACs1//8ApP/sAtUGaAImAYYAAAEHAVT+6AAAAAizARcRJgArNf//AJr/7ASWBrQCJgGSAAABBgFVPwAADLUDAgE0ESYAKzU1NQACAGb/7ATjBGYACwArAEpAJxgZGSkWAwMdCQ8PHSIDLSwWKgwSGA8SB0ZZEhAmIEZZDABGWSYMFgA/MysrABg/KwAYPxESOTkREgEXOREzETMSOTkzETMxMCUyNjc1NCYjIBEUFhciAhEQEjMyFhczNjczBgIVERQWMzI3FQYGIyImJyMGAl6SfwKGj/78fk/S7fXceJ01DBspvhsiLCgfHhBPHl9oGhBzqqnIDM6x/n29vL4BLAENARUBLFVTYTNS/v9l/ok5PAqyChBOWacAAgCo/hQE0wYfABIAJQBNQCkjAxoIFg4ODwMGCA8eBScmBR4fHx5GWR8fCwAPGwATRlkAAAsYRlkLFgA/KwAYPysAGD8REjkvKxESADkREgEXOREzETMRMxEzMTABMgQVEAUVBBEUBCMiJxEjETQkFyARERYzIBE0JiMjNTMyNjU0JgKk4gEF/tEBd/746MyE6wEL7f7zipsBK6GYXEiAiIcGH9C5/ts0Biz+m9TmQf3nBjTh9r3+0/zDTgEOhI++gXdtdAAAAQAG/hQETARSABMANkAaBAsBCxAFAAEPEAYFAQUQAxUKBAEUDwUPARsAPz8zERI5ORIBFzkRMxEzETMREjkREjkxMAEjNBI3ATMTFhYXMz4CEzMBBgICUPw4Lv5M9MscRAoGBiMp0fT+Zio4/hRWAR6EBEb95UrhOSKKhQJO+8Vt/tsAAgBm/+wEewYZAB0AKQBCQCIhAB4PAh4VJBsCCBUbBCsqEgAhIRgFBQxHWQUAGCdGWRgWAD8rABg/KxESADkRMzMREgEXOREzETMRMxI5OTEwASY1NDYzMhYXByYmIyIGFRQWFxYWFRQAIyIkNTQ2ATQmJwYGFRQWMzI2AgL22rxpwo1gVaphT1d0oMes/u377P7lzgJVcHejpZOAiZMDnpDEiZ4tQq4rO0M4OmxTbPGh9/7z99Oy+f6EcqY+KsiPeZWhAAEAVP/sA9UEZgAjAE1AKyAVBQ8ACg8SFRoGJSQTASMjAkhZDCMcIwIQAyMjDBgYHkdZGBAMB0dZDBYAPysAGD8rERIAORgvX15dKxESADkREgEXOREzETMxMAEVIyIGFRQhMjcVBiMiJDU0Njc1JjU0NjMyFwcmJiMiFRQWMwMInpyRARnBvJj18v8Ae4XR89Dcs05viUfskZgCmLFTUpxWxUupmmmDIAs2yIiaT7MwHIVMRwAAAQBm/nsDyQYUACEAQEAgERcCAwMGBgAbDQANFBcEIyIfCgoVAyIXERQVFEdZFQAAPysRADMzGD8SOREzERIBFzkRMxEzETMRMxEzMTAFFAcjNjY1NCYmJyYmNTQSEjcGIyE1IRUGAAIVFBYWFxYWA8mF7DtMKGBR1ct03f8s3v72AyPU/u6FN3WSnpM9kbdNmjEhJSEOJuDBmQEUAQ/fDLabsv7J/uabWm1BHSB0AAABAKj+FAR1BGYAEwAyQBkNCQkKAQAKABQVDQoREQVGWREQCw8BGwoVAD8/Pz8rERIAORESATk5ETMRMxEzMTABIxE0JiMiBhURIxEzFzM2NjMgEQR17Gxxk4bruCEMMrhwAY7+FASUhHq1yv3ZBFKRT1b+awAAAwBm/+wEbwYrAAsAEgAZAD9AIBcPDwAWEBAGBgAbGhYQR1kWFgMJCRNIWQkBAwxIWQMWAD8rABg/KxESADkYLysREgE5OREzETMRMxEzMTABEAAhIgAREAAhMgABMhITIRISEyICByEmAgRv/wD++fz++gEBAQH/AQj9+Y6DBv3XBIWLin8JAiUJgQMM/mv+dQGWAYoBlgGJ/mr8CwEMARD+6f77BNf+/f//AQMAAQCk/+wC1QRSAA0AH0AOAA0NBg8ODQ8JA0ZZCRYAPysAGD8REgE5OREzMTABERQzMjcVBgYjIiY1EQGPkllbJXpCraMEUvz+phuxERewsgME//8AqAAABIcEUgIGAPoAAAAB//z/7ASTBiEAIgA+QCAbDwEeIgAABw8VHgQkIx4fHwoAFQoFRlkKARgSRlkYFgA/KwAYPysAGD8SOREzERIBFzkzETMRMxEzMTAjAScmJiMiBzU2MzIWFhcBFhYzMjcVBgYjIiYnAiYnIwYHAwQB2S0lXVE4NURSZ41lNgFCHTwqEi8aUiNabiWPQgkGIz3nBCt/Y08MwBFBipP8g05KCrIMDldpAY7IK4eP/ekA//8AqP4UBHUEUgIGAHcAAAABAAIAAAQ5BFIADQAoQBMNDAQICQEAAAQJAw8OCAAPBA0VAD8zPzIREgEXOREzETMRMzMxMBMzExYXMzYSETMQAgcjAvTZIEIIlYDrzObnBFL9pFPWpwGiATz+kv4F6QABAGb+ewPJBhQALQBiQDMJDwYDGAAlJiYpKSMTBhwAAAYMDxgjBi8uICwsDSYEGRYWGUhZFhYNJiIQCQwNDEdZDQAAPysRADMzGD8SOS8rERIAORESOREzERIBFzkRMxEzETMRMxEzERI5ERI5MTATNDY3NSY1NDY3BiMjNSEVIyIGFRQWMzMVIyIGFRQWFhcWFhUUByM2NjU0JickZpaH246bwEItAu8/xf6WoKisq7w2a6GhjIHoOktoc/5cAayFyDAKPNBwkCsMtqyegGhfqpOITl86ISN2Wo+5TpozLDMTSP//AGb/7AR9BGYCBgBSAAAAAQAZ/+wFSgRSABUAN0AdCBQLDAIMDhIUBRcWDBUTCg4QDkdZEA8GAEdZBhYAPysAGD8rEQAzMxg/ERIBFzkRMxEzMTAlMjcVBgYjIBERIREjESM1NyEVIxEUBMk2NBldOP76/mjr458EkuCoG7EPFwEiAor8aAOYZlS6/YNzAAACAI/+FAR7BGYAEAAcAD1AHhoAFQYJCQoKAB4dFRcGAw4KGw4RRlkOEAMXRlkDFgA/KwAYPysAGD8REjkSORESATk5ETMRMzMRMzEwARACIyInIxYVESMREAAzMgAlIgYVERYzMjY1NCYEe/rhp3wMDO4BCfPkAQz+CoaCaJ6Le3oCKf7v/tRWeJf+4QQdAQ4BJ/7LdbS7/tNeusPEuQAAAQBm/nkDyQRmAB0ANUAaCQoKDQ0HABMHExgDHx4EEBAWCiIWG0ZZFhAAPysAGD8SOREzERIBFzkRMxEzETMRMzEwARQWFhcWFhUUByM2NjU0JicmJjUQACEyFwcmIyIGAVg2fpCii4HoP0Zge9bOARMBDLGTSJJym4oCAGR1Rx0ld16Rv1qaLy0zGCrzyQE0AThDuzrVAAACAGb/7ATjBFIADQAZADdAHBYMDAcUAA4HAAcLAxsaDBcJF0dZCQ8EEUZZBBYAPysAGD8rEQAzERIBFzkRMxEzEjkRMzEwARQGBiMiABEQISEVIRYFFBYzMjY1NCcjIgYEg4Duovb+6QJlAhj+7rL815OKh5OXOcKlAeyY6n4BIwEFAj62t9Guuq2l86u6AAABAB3/6QPJBFIAEQAsQBcBCwsNEQUEExIADQ8NR1kPDwgDRlkIFgA/KwAYPysRADMREgEXOREzMTABERQzMjcVBiMiJjURITU3IRUCK6hZXWV+uq/+4KEDCwOa/byuG7EpsrECTmRUuAAAAQCa/+wElgRSABUAK0AUDxAQDBMGAxMDFxYPBA8ACUZZABYAPysAGD8zERIBOTkRMxEzMxEzMTAFIiYRETMRFBYzMjY1NCYnMxYWFRAAAoHz9Ot+ipSJHCjuJxv++RT+AQwCXP2ko6nV423bqJjnef7H/ssAAAIAZv4UBaIEZAAYACEARkAkHwwYGAcAChkTCgQABBMDIyIGEAAbEBxIWRAQHwwBDEdZFwEWAD8zKxEAMxg/KwAYPz8REgEXOREzETMREjkyETk5MTABESQAERATFwYGFRAFETQ2MzISFRQCBAcRATQmIyIVETY2AoX+8/7u3LBcTAE7wabH743+/K0BVm1fip64/hQB3BUBJQEBAS0BCnR62Hf+rywCObrJ/t37rv78mAz+JAQwqsLN/cUP2wAB/93+FASLBFwAIABIQCkEBQkUFRkGDh4GBwcOHgMiFhchFQUYCAQXBg8XGwAcRlkAEBEMRlkRGwA/KwAYPysAGD8/Ehc5EQEzMhEXOREzERIXOTEwEzIWFhcTATMBExYWMzI3FQYjIiYnAwEjAQMmJiMiBzU20UdfRixvASn0/kfBI01ALDJBWnqVN3/+rvwB5JodSDMtK0wEXC5he/7ZAif9Av4hWEYKthd+nwFl/X4DXQGNUEwPuxYAAAEAmv4UBeUGFAAaAENAIhkBDg4PBwgIBAoWEwoPEwMcGxoABxQPDxsBGRAZR1kNEBYAPzMrEQAzGD8/Mz8REgEXOREzETMzETMRMxI5OTEwARE2NjU0JiczEhEQAAURIxEkABERMxEUFhcRA6S0rh4q4kX+3f7i3/7t/ujjnasGFPqWD8XBcfGx/vD/AP7v/s0Q/iYB2gkBHwETAin90bq2CwVsAAABAG//7AYbBFIAJQBLQCUaGxsXHiQRERAHBgYKAwMQHgMnJiQGEBAAGgYPFA0ADUdZIQAWAD8yKxEAMxg/MxI5LxE5ERIBFzkRMzMRMxEzEjkRMzMRMzEwBSICETQSNzMGAhUUFjMyEREzERAzMjY1NAInMxYSFRACIyInIwYCEMTdOD7oQjtuZbTdsmZtPUDqPzbdxeZJC0kUASoBA50BC5GR/vaascQBAgEv/tH+/sCznAEPjJL+8Jf+/v7VxMQA//8ACf/sAtUF7AImAYYAAAEHAGr+5AAAAAq0AgEjESYAKzU1//8Amv/sBJYF7AImAZIAAAEGAGovAAAKtAIBKxEmACs1Nf//AGb/7AR9BmgCJgBSAAABBgFUMQAACLMCHxEmACs1//8Amv/sBJYGaAImAZIAAAEGAVQ5AAAIswEfESYAKzX//wBv/+wGGwZoAiYBlgAAAQcBVAD+AAAACLMBLxEmACs1//8AwQAAA/wHPgImACgAAAEHAGoACgFSAAq0AgEhBSYAKzU1AAEAHf/sBaIFtgAdAERAJQgbFg4ODwMPERQbBR8eFg1MWRYWEg8SFRESEUxZEgMABUxZABMAPysAGD8rEQAzGD8SOS8rERIBFzkRMxEzETMxMAUiJzUWMzI2NTU0JiMhESMRITUhFSERITIWFRUUBgQdZ0lUS1dPaHf+mvD+oAQI/kgBctrpyBQeyx9iYYFsXf09BOnNzf6myLWJxtf//wDBAAAEJQdzAiYBYQAAAQcAdgBvAVIACLMBDwUmACs1AAEAef/sBQIFywAaADpAHwMGBhEEDBEXBBwbAwZMWQMDDhUVAExZFQQOCUxZDhMAPysAGD8rERIAORgvKxESARc5ETMRMzEwASIGByEVIRYWMzI3FQYjIAARNBIkMzIXByYmA0bI8RQCpv1YCujdoeS05v6w/pitAUfh581afZYE/t7My9/yQs1BAYABb+QBVbdeyTcj//8AZP/sBAwFywIGADYAAP//AEoAAAKYBbYCBgAsAAD//wA6AAACqwc+AiYALAAAAQcAav8VAVIACrQCASEFJgArNTX///9k/mgBqgW2AgYALQAAAAIACP/pB2IFtgAaACMATEApHwAXGxsEBhUABA8VBCUkFyNMWRcXBBUEG0xZBBIVBkxZFQMMEUxZDBMAPysAGD8rABg/KxESADkYLysREgEXOREzETMRMxEzMTABFAQhIREhBwICBgYjIic1FjMyNhITIREzIAQBMzI2NTQmIyMHYv7j/u7+kv64HTJFWo9tSUI5NkhTZjwDAHcBFAEj/VJxo6WiwVYBuNnfBOnf/oj+fcdfGccZswJ3Adz9rtv+QHF+eGwAAAIAwQAAB30FtgASABsATkApFwAPDBMTBAsHBwgABAgDHRwPG0xZDwsLBkxZCwsEDQkDCBIEE0xZBBIAPysAGD8/MxI5LysAGBDEKxESARc5ETMRMxEzEjk5ETMxMAEUBCEhESERIxEzESERMxEzIAQBMzI2NTQmIyMHff7l/u7+j/3R7+8CL/J1ARYBIf1UcaGmocFWAbjZ3wKT/W0Ftv2qAlb9rt3+QnF+dm4AAAEAHQAABaIFtgATADtAHwATDgYGBwcJDBMEFRQOBUxZDg4KAAcSDQkKCUxZCgMAPysRADMYPzMSOS8rERIBFzkRMxEzETMxMCERNCYjIREjESE1IRUhESEyFhURBLJfcP6K8P6gBCn+JwGHz98B/Ghf/T0E6c3N/qbHtv3u//8AwQAABSMHcwImAbQAAAEHAHYAzQFSAAizARQFJgArNf//AAz/7AUZB3cCJgG9AAABBwI2AFABUgAIswEXBSYAKzUAAQDB/m0FJQW2AAsAMEAYCQAIBQIDAAMFAw0MCgYDAyMFCExZAQUSAD8zKwAYPz8zERIBFzkRMxEzETMxMCEhESMRIREzESERMwUl/kHt/kjvAoXw/m0BkwW2+xcE6QD//wAAAAAFSgW8AgYAJAAAAAIAwQAABJ4FtgAKABMAPUAgDwAICwsDAAMGAxUUCBNMWQgIAwQEB0xZBAMDC0xZAxIAPysAGD8rERIAORgvKxESARc5ETMRMxEzMTABECEhESEVIREzIAEzMjY1NCYjIwSe/cz+VwN8/XOuAkD9EqysoKHIjwG4/kgFts3+e/1lcX55awD//wDBAAAE2QW2AgYAJQAA//8AwQAABCUFtgIGAWEAAAACAAz+bQWeBbYADQATAEVAJAkIEgYOBBEBDA0BBAYIDQUVFAkNIwQOTFkEAwYRAAsATFkLEgA/KxEAMzMYPysAGD8zERIBFzkRMxEzETMRMxEzMTA3MxISEyERMxEjESERIwEGAgchEQxxkcQcAvO95vw65gKqFrRzAnnNAQkClAFM+xf9oAGT/m0GeuP9qeAEGgD//wDBAAAD/AW2AgYAKAAAAAEAAAAAByMFtgARAExAKQkGDQADDQMOBwgCAQsKEBEBCAoOEQUTEgkMAwYPBQAAEQcEAQMOCxESAD8zMz8zMxI5ERczERIBFzkRMxEzETMRMxEXMxEzMzEwAQEhAREzEQEhAQEhAREjEQEhAi/96gEAAgjjAggBAP3qAi3++P3p4/3p/vYC9ALC/TwCxP08AsT9Pv0MAuX9GwLl/RsAAQBY/+wEhQXLACUAQ0AkGgASBwAEBwwWIQYnJgMWFxcWS1kXFwojIx1LWSMEChBLWQoTAD8rABg/KxESADkYLysREgA5ERIBFzkRMxEzMTABFAYHFRYWFRQEISAnNRYWMyA1NCYjIzUzIDU0JiMiBgcnNiEyBARgvafAyf7B/uf+3K9h8WQBgefjsKUBtZWGasBnbeEBMegBDgRgj7YZBhe1kszmT9EuMvx0esDpXWw4Q6KcxgABAMEAAAWYBbYAEAAyQBcNBwoKCQ8FAQEACQASEQ4FEAcAAwoQEgA/Mz8yETk5ERIBOTkRMxEzMxEzETMzMTATMxEUBgczASERIxE0NyMBIcHbDAMJAusBF9wTCP0S/ugFtv0Id/MrBI36SgLyrff7av//AMEAAAWYB3cCJgGyAAABBwI2AO4BUgAIswERBSYAKzUAAQDBAAAFIwW2AAoANkAaCAkBAAoHAwMEAAQJAwwLAgcKCgQIBQMBBBIAPzM/MxI5ETMzERIBFzkRMxEzMxEzETMxMCEhAREjETMRASEBBSP+5/2m7+8CUAEG/bIC5f0bBbb9PALE/T4AAAEACP/mBQoFtgARAC9AGAEAAxAACRADExIBEhADTFkQAwcMTFkHEwA/KwAYPysAGD8REgEXOREzETMxMCEjESECAgYnIic1FjMyNhITIQUK7/5gT1+sjklCOTZIUWFDA1YE6f2A/jK1AxnHGa0CUAIJ//8AwQAABqIFtgIGADAAAP//AMEAAAVCBbYCBgArAAD//wB5/+wF0wXNAgYAMgAA//8AwQAABSUFtgIGAW4AAP//AMEAAASJBbYCBgAzAAD//wB5/+wEzwXLAgYAJgAA//8AHQAABGgFtgIGADcAAAABAAz/7AUZBbYAFgAxQBkWAA8OAAgNDhMFGBcNEhIFFg4DBQpMWQUTAD8rABg/MxI5ETMREgEXOREzETMxMAEBDgIjIic1FjMyNjcBIQEWFzM2NwEFGf4zVY67hXRjYmtbezL95QECAWUwCwoGGAFJBbb78L+rUB7XJ1l0BC/9I2gjGjkDFQD//wBi/+wGPQXLAgYBcwAA//8ABAAABPYFtgIGADsAAAABAMH+bQXnBbYACwAyQBkEAQkACAUAAQUDDQwKBgMDIwAIBQhMWQUSAD8rEQAzGD8/MxESARc5ETMRMxEzMTAlMxEjESERMxEhETMFJcLn+8HvAoXwx/2mAZMFtvsXBOkAAAEAiwAABPAFtgATADhAGxEBAQAKCQkAFRQCBREOCQUOTFkFBQESCQMBEgA/PzMSOS8rERIAORI5ERIBOTkRMxEzETMxMCEjEQYGIyImNREzERQWMzI2NxEzBPDwh9Nrz+HwcYFftIDwAkgwKsOzAlL95nJwIysCrgAAAQDBAAAHsAW2AAsAMUAYAQQACQgFBAUJAw0MCgIGAwAIBQhMWQUSAD8rEQAzGD8zMxESARc5ETMRMxEzMTAlIREzESERMxEhETMEsAIO8vkR7wIO8s0E6fpKBbb7FwTpAAABAMH+bQhiBbYADwA7QB4BBAcGAA0MCQQGCQ0EERAOAgoDByMEAAwJDExZCRIAPysRADMzGD8/MzMREgEXOREzETMRMxEzMTAlIREzETMRIxEhETMRIREzBKgCCPDC5/lG7wIG8s0E6fsR/aYBkwW2+xcE6QAAAgAIAAAFRgW2AAwAFQA5QB4RAA0EAAQGAxcWCRVMWQkJBAcHBkxZBwMEDUxZBBIAPysAGD8rERIAORgvKxESARc5ETMRMzEwARQEISERITUhETMgBAEzMjY1NCYjIwVG/uX+7v5P/qACULYBFAEk/RKyoaWhv5gBuNnfBOnN/a7b/kBxfnZuAAMAwQAABkgFtgAKABMAFwA9QCAVFA8ABwsLBAAEFAMZGAcTTFkHBwQWBQMVEgQLTFkEEgA/KwAYPz8zEjkvKxESARc5ETMRMxEzETMxMAEUBCEhETMRMyAEATMyNjU0JiMjASMRMwSL/uf+8P5f76oBEgEf/SWkoKSdvI8EmPDwAbjZ3wW2/a7c/j9zfndr/WYFtgACAMEAAAS8BbYACgATADJAGQ8ABwsLBAQAFRQHE0xZBwcEBQMEC0xZBBIAPysAGD8SOS8rERIBOTkRMxEzETMxMAEUBCEhETMRMyAEATMyNjU0JiMjBLz+3/7u/jjvzwEWASf89MmhrabDrgG41+EFtv2u3f5CcX52bgAAAQBC/+wEsAXLABkAOkAfFxQUCAMIDRUEGxoWFUxZFhYLBQUATFkFBAsRTFkLEwA/KwAYPysREgA5GC8rERIBFzkRMxEzMTABIgcnNjMgABEQACEiJzUWFjMyNjchNSEmJgH+psBWyfcBRgFo/pP+qeS0ZLpj5u8I/VwCog7oBP5WxV7+d/6l/pD+dUHNHSXt5svI4AAAAgDB/+wIAAXNABIAHgBHQCYZABMNBgwICAkACQYDIB8MB0xZDAwJCgMJEhAcTFkQBAMWTFkDEwA/KwAYPysAGD8/EjkvKxESARc5ETMRMxEzMxEzMTABEAAhIAADIREjETMRIRIAISAAARASMzISERACIyICCAD+rf7K/tf+sRH+wu/vAUIcAUwBHQE1AVT75crGycjKw8jMAt3+mv51AWMBRP1tBbb9qgEtAUD+dP6c/vH+6gEYAQ0BDwEU/uoAAgAUAAAEcwW2AAwAFQBEQCMVCwsKAwARBQECAAIFCgQXFgMAFABLWRQUCAsCEggOTFkIAwA/KwAYPzMSOS8rEQAzERIBFzkRMxEzETMRMxEzMTABASEBJBE0JCEhESMRESMiBhUUFjMzAo/+lv7vAZz+6AEWAQ4Bt/C+l6GcpLYCSv22AoFhATfJ1PpKAkoCpGt5doT//wBa/+wEBARmAgYARAAAAAIAaP/sBHkGIwAXACIAPUAfGhILICAAAAYSAyQjCxUPDxxHWQ8PFQYFARUYRlkVFgA/KwAYPzMSOS8rERIAORESARc5ETMRMxEzMTATEBIlNiUXBAcGBgczNjYzMhIVEAAjIgAFIBEQIyIGBgcUFmj7ARLPAQ4h/riYnYsLDzm4aczk/uv18/7sAhcBBu1BemcclgKYAXIBjjkqKM8yHB3IyVNb/v7p/vX+3AFoqAFYAUw4XDHs8wADAKgAAASLBFIADQAVAB4AVkAuAxMWAA4GGxMTCgAGCgMgHwISGxsSSFkMGxwbAhADGxsKCwsaSFkLDwoTSFkKFQA/KwAYPysREgA5GC9fXl0rERIAORESARc5ETMRMxEzETMSOTEwARQHFRYWFRQGIyERISADNCYjIREhMgM0JiMhETMyNgRo5YCI7+T98AIOAbLOfHz+8QEV8h1nZv7j+nZ6AzfEKQgPhGmdqQRS/QJQQ/7HAnVCO/72PQAAAQCoAAADcwRSAAUAH0AOAwQEAQcGBBUFAkdZBQ8APysAGD8REgE5OREzMTABFSERIxEDc/4g6wRSuPxmBFIAAAIAI/55BM0EUgANABMARUAkAg0ODBAKEwcDBgYHCgwNBRUUAQUiChBIWQoPDBMGAwZHWQMVAD8rEQAzMxg/KwAYPzMREgEXOREzETMRMxEzETMxMAEjESERIxEzNhITIREzIREjBgIHBM3b/QrZWnaLDQKgov537hN5V/55AYf+eQI9qQHfART8ZALozv5wigD//wBm/+wEOQRmAgYASAAAAAEAAgAABm0EUgARAExAKAQFCAcGAwoKDwALERANDgUHCw4QBRMSAwAMCQYFDw8OBAEQDwsIDhUAPzMzPzMzEjkRFzMREgEXOREzETMRMzMzETMzETMRMzEwAREzEQEzAQEhAREjEQEhAQEzAsnbAar4/k0B2v79/jrb/jv+/gHZ/k74AjkCGf3nAhn96f3FAjH9zwIx/c8COwIXAAEASP/sA9EEZgAjAE1AKwMNHhMIDRATGSMGJSQPIiMjIkhZDCMcIwIQAyMjFgoKBUdZChAWG0dZFhYAPysAGD8rERIAORgvX15dKxESADkREgEXOREzETMxMAEyNjU0IyIHJzYzMhYVFAcVFhYVFAQjICc1FjMyNjU0JiMjNQGcoZjwoKdMwenO5NWFc/717/77irfEjZmaoYcCmEdKh0ivT5eNujoIJIZjmLVFy1ZPUVNOsQAAAQCoAAAEwwRSAA4AMkAXCwQHDAMABwYADQ0GEA8LAw0EDg8HDRUAPzM/MxI5ORESATk5ETMRMxEzMxEzMzEwAREUBwEhESMRNDY3ASERAYkQAisBH+ILBP3X/uEEUv3JY8ADWvuuAi0uzi/8qARS//8AqAAABMMGJQImAdIAAAEGAjZoAAAIswEPESYAKzUAAQCoAAAEfwRSAAoANkAaAAEEAwoCBgYHAQMHAwwLBQoCAgcACA8EBxUAPzM/MxI5ETMzERIBFzkRMxEzMxEzETMxMAEhAQEhAREjETMRA1YBAv43AfD+8v4i6+sEUv3r/cMCMf3PBFL95wAAAQAI/+4ENQRSABAAL0AYAQADDwAJDwMSEQEVDwNHWQ8PBwxGWQcWAD8rABg/KwAYPxESARc5ETMRMzEwISMRIQICBiMiJzUWMzISEyEENe3+zxxfmXpNNCUlZnUhAucDmv6c/nC4FrgOAcsB2QABAKgAAAWoBFIAFgA6QB0NDAAEBwcGFBEREgAGEgMYFxAIAAMSBBMPDQcSFQA/MzM/MxIXORESARc5ETMRMxEzETMRMzMxMCU3NjcTIREjEQcGBwMjAyYnESMRIRMWAyMNKR74ATnZEi0f8rLyMirXATfwIOEwlVACXPuuA308oUz9rAJYgqP8gwRS/bZRAAABAKgAAASHBFIACwAzQBkCBgYFAQkJCgoFDQwBCEdZAQEKAwsPBgoVAD8zPzMSOS8rERIBOTkRMxEzETMRMzEwAREhETMRIxEhESMRAZMCCevr/ffrBFL+RAG8+64B3f4jBFL//wBm/+wEfQRmAgYAUgAAAAEAqAAABG8EUgAHACVAEQIBBQYGAQkIAgYVBwRHWQcPAD8rABg/MxESATk5ETMRMzEwAREjESERIxEEb+z+EOsEUvuuA5j8aARSAP//AKj+FASTBGYCBgBTAAD//wBm/+wDtARmAgYARgAAAAEAKwAAA+cEUgAHACVAEgMEAQQGAwkIBBUCBgcGR1kHDwA/KxEAMxg/ERIBFzkRMzEwARUhESMRITUD5/6Y7P6YBFK4/GYDmrj//wAA/hQESgRSAgYAXAAAAAMAZv4UBbYGFAARABgAHwBLQCgMDxUdBAQEBRkAEgkABQkDISANAAUbHBYMFkdZDwwQHRUGFUdZAwYWAD8zKxEAMxg/MysRADMYPz8REgEXOREzETMRMxIXOTEwARQABREjESQANTQAJREzEQQABRQWFxEGBgU0JicRNjYFtv7T/vbf/vn+zQEqARLdAQoBLfukpKSlowNpo6GjoQIp+f7YFP4gAeAUAS30/QElEwG2/koY/tbzpMgRAvoTxqSixBP9ChPH//8AGQAABE4EUgIGAFsAAAABAKj+ewUhBFIACwAyQBkDAgkACAUAAgUDDQwKBg8DIgAIBQhHWQUVAD8rEQAzGD8/MxESARc5ETMRMxEzMTAlMxEjESERMxEhETMEgaDd/GTrAgPrtv3FAYUEUvxoA5gAAAEAiwAABGYEUgASADhAGwYKCgkBEREJFBMGAwsSDg4DSFkODgoHEg8KFQA/PzMSOS8rERIAORE5ERIBOTkRMxEzETMxMAERFDMyNjcRMxEjEQYGIyImNREBd7BVol3r62G1a63CBFL+bKovNAHb+64B1Tw5s6EBngAAAQCoAAAGxwRSAAsAMUAYCQAIBQQBAAEFAw0MCgYCDwgEAQRHWQEVAD8rEQAzGD8zMxESARc5ETMRMxEzMTAhIREzESERMxEhETMGx/nh6wGv6wGu7ARS/GgDmPxoA5gAAQCo/nsHZgRSAA8AO0AeAwINAAwJCAUAAgUJBBEQDgoGDwMiAAwIBQhHWQUVAD8rEQAzMxg/PzMzERIBFzkRMxEzETMRMzEwJTMRIxEhETMRIREzESERMwbHn936H+sBr+sBruy2/cUBhQRS/GgDmPxoA5gAAAIAFAAABUIEUgAMABQAPUAgDQUBEhIJBQkLAxYVARFIWQEBCQwMC0dZDA8JEkhZCRUAPysAGD8rERIAORgvKxESARc5ETMRMxEzMTABESEyFhUUBiMhESE1ATQmIyERITICYAEI8ens6f4I/p8EQnl7/v4BCO4EUv5GoKCprwOauP0AU0L+xwADAKgAAAXTBFIACgATABcAN0AcFRQAEBAIFAgZGAAPSFkAAAgWCQ8VFQgQSFkIFQA/KwAYPz8zEjkvKxESATk5ETMRMxEzMTABMzIWFRQGIyERMwE0JiMjETMyNgUjETMBk+Do3uff/jXrAb17c8+xjn4Cg+zsApigoKutBFL9AFNC/sdQ/gRSAAACAKgAAAR3BFIACQASADJAGQoDAA8PBwcDFBMADkhZAAAHCA8HD0hZBxUAPysAGD8SOS8rERIBOTkRMxEzETMxMAEhIBEUBiMhETMBNCYjIREhMjYBkwEVAc/s4/4A6wH4fnP++QELdHkCmP7Aqa8EUv0AU0L+x1QAAAEAQv/sA5wEZgAYAERAJgoHBxYCCBAWBBoZCQhIWQwJHAkCEAMJCQATEw1HWRMQAAVHWQAWAD8rABg/KxESADkYL19eXSsREgEXOREzETMxMAUiJzUWMyATITUhJiYjIgcnNjYzIAAREAABe7mAn5YBHhP+GQHnDIqDYqBBQ69VAQUBBP7pFD/BRgE5rJWMOa4fJv7g/un+6f7UAAIAqP/sBm0EZgASAB4AUUAtGQATDQYMCAgJAAYJAyAfDAdHWQwMHAwCEAMMDAkKDwkVEBxGWRAQAxZGWQMWAD8rABg/KwAYPz8SOS9fXl0rERIBFzkRMxEzETMzETMxMAEQACMiACcjESMRMxEzNiQzMgABFBYzMjY1NCYjIgYGbf737dr+/xX06+v2GQED1uYBDP0KeYmIenqIiXkCK/7w/tEBAfD+IwRS/kTc9P7L/vq9wsK9u8DAAAIAEgAAA/AEUgANABYAREAjAg0SCwsKDgUAAQEFCg0EGBcCDRENSFkREQgLARUIFEhZCA8APysAGD8zEjkvKxEAMxESARc5ETMRMxEzETMRMzEwISEBJiY1NDYzIREjESMDFBYzMxEhIgYBGf75ATRwgODCAfjs3+qBbdv/AGBpAcUgpXqdsfuuAaoBWFVVAUhSAP//AGb/7AQ5BewCJgBIAAABBgBqBAAACrQDAjERJgArNTUAAQAM/hQEdQYUACYAd0BIByQWGR0DDhMODwMPERgkBSgnHQ8hGRESEUlZFhISIRQhCkZZDyEBryG/Ic8h7yH/IQUAIRAhICEDCQMhIQ8UAA8VAAVGWQAbAD8rABg/PxI5L19eXV1xKxESADkYLzMrEQAzERI5ERIBFzkRMzMRFzMRMzEwASInNRYzMjURNCMiBhURIxEjNTM1MxUhFSEVFAYHMzY2MyARERQGAzVbQjo6fdeUi+ucnOsBZ/6ZBAgPNq9qAZCl/hQZvBKqAwD0tM3+DATDo66uo2sdUV1XUf5r/NGotf//AKgAAANzBiECJgHNAAABBgB2BgAACLMBDxEmACs1AAEAZv/sA80EZgAYAERAJg4REQMDCA8WBBoZDhFIWQwOHA4CEAMODgAGBgtHWQYQABRHWQAWAD8rABg/KxESADkYL19eXSsREgEXOREzETMxMAUgABEQACEyFwcmIyIGByEVIRYWMzI3FQYCg/74/usBDwEQt5FGmm6GjhEB6P4YC4yImKOEFAEiARUBHQEmQbI5jpOsoZhGv0EA//8AYv/sA48EZgIGAFYAAP//AJoAAAGiBfoCBgBMAAD////pAAACWgXsAiYA8wAAAQcAav7EAAAACrQCARkRJgArNTX///+H/hQBogX6AgYATQAAAAIACP/wBokEUgAXACAATEApGBQQHR0AAg4ACA4UBCIhEBxIWRAQAA4OAkdZDg8AHUhZABUGC0ZZBhYAPysAGD8rABg/KxESADkYLysREgEXOREzETMRMxEzMTAhESMCAgYjIic1FjMyEhMhETMyFhUUBiMTNCYjIxEzMjYDDvccXpl5VC8lJWZ1IQK4webc6eLgeXW0uHN3A5r+l/51thS4DgHLAdn+RqCgq60BUlNC/sdUAAIAqAAABroEUgASABoATkApEwQQABgYCA8LCwwECAwDHBsAF0hZAA8PCkdZDw8IEQ0PDBUIGEhZCBUAPysAGD8/MxI5LysAGBDEKxESARc5ETMRMxEzEjk5ETMxMAEzMhYVFAYjIREhESMRMxEhETMBNCYjIxEzMgQvx+jc5eP+Tf5X7u4BrO0Bonl1trrqApigoKquAd3+IwRS/kQBvP0AU0L+xwABAAwAAAR1BhQAHgBpQEABAA4RFBgECQkKAAoMEwQgHxgKHBQMDQxJWRENDRwPHAVGWQ8cAa8cvxzPHO8c/xwFABwQHCAcAxwcCg8AAQoVAD8zPxI5L11dcSsREgA5GC8zKxEAMxESORESARc5ETMSFzkRMzEwISMRNCYjIgYVESMRIzUzNTMVIRUhFRQGBzM2NjMgEQR17GdwlIvrnJzrAX3+gwQIDzavagGQAnd/f7HQ/gwEw6OurqNrHVFdV1H+awD//wCoAAAEfwYhAiYB1AAAAQYAdnEAAAizARQRJgArNf//AAD+FARKBiUCJgBcAAABBgI22gAACLMBFREmACs1AAEAqP57BIMEUgALADBAGAgLBAcDAAAHCwMNDAUBDwoiAANHWQgAFQA/MisAGD8/MxESARc5ETMRMxEzMTAzETMRIREzESERIxGo6wIF6/6D2wRS/GgDmPuu/nsBhQABAMEAAARCBucABwAvQBcDBgABBgEJCAESDwQBCgMEAgIHTFkCAwA/KwAYEMZfXl0/ERIBOTkRMxEzMTAhIxEhETMRIQGw7wKp2P1uBbYBMf4CAAABAKgAAAOJBYsABwAnQBIDBgABBgEJCAQCARUCB0hZAg8APysAGD8QxhESATk5ETMRMzEwISMRIREzESEBk+sCBN3+CgRSATn+FQD//wAMAAAHgwdzAiYAOgAAAQcAQwEIAVIACLMBJgUmACs1//8AFAAABnMGIQImAFoAAAEGAEN9AAAIswEnESYAKzX//wAMAAAHgwdzAiYAOgAAAQcAdgG0AVIACLMBJgUmACs1//8AFAAABnMGIQImAFoAAAEHAHYBPwAAAAizAScRJgArNf//AAwAAAeDBz4CJgA6AAABBwBqAWgBUgAKtAIBMgUmACs1Nf//ABQAAAZzBewCJgBaAAABBwBqAOUAAAAKtAIBMxEmACs1Nf//AAAAAAS8B3MCJgA8AAABBwBD/4gBUgAIswESBSYAKzX//wAA/hQESgYhAiYAXAAAAQcAQ/9dAAAACLMBHhEmACs1AAEAUgHHA64ChQADABG1AwAFBAABAC8zERIBOTkxMBM1IRVSA1wBx76+AAEAUgHHB64ChQADABG1AwAFBAABAC8zERIBOTkxMBM1IRVSB1wBx76+AAEAUgHHB64ChQADABG1AwAFBAABAC8zERIBOTkxMBM1IRVSB1wBx76+AAL//P4xA07/0wADAAcAMEALBwMJBgIIAoABAQG4/8C1CQxIAQUGuP/Asw0WSAYALyszxitdMhEBMzMRMzMxMAEhNSE1ITUhA078rgNS/K4DUv4xi4yLAAABABkDwQFzBbYABwAXQAkBBwcFCQgABAMAP80REgE5OREzMTATJzYSNzMCByUMFGY2qkAlA8EWUwEacv8A9QAAAQAZA8EBcwW2AAYAF0AJAQYGBAgHBAYDAD/GERIBOTkRMzEwARcGAyMSNwFkDzV7qkUfBbYW0f7yASHUAAABAD/++AGcAO4ABgAeQA8ABQUDCAcDQAZQBtAGAwYAL13NERIBOTkRMzEwJQYDIxI3MwGcMICtRSLn17r+2wEO6AABABkDwQF1BbYABwAXQAkGAAIACQgDBwMAP80REgE5OREzMTABFhMjJgInNwEOIkWsNWUWDgW25v7xcAETXBYAAgAZA8EDFAW2AAYADgAiQBAHDQAFAwULDQQQDwYOAgoDAD8zzTIREgEXOREzETMxMAE2EzMCByMlNhI3MwIHIwG4NX2qRR/p/lIUZjaqQCXpA9fLART+2M0WUwEacv8A9QACABkDwQMUBbYABgANACJAEAcMAAUDBQoMBA8OCgMMBQMAPzPGMhESARc5ETMRMzEwAQYDIxI3MwUGAyMSNzMBczV7qkUf5wGwNXusRSLnBaDR/vIBIdQW0f7yAQ/mAAACACv++AMpAO4ABgANAClAFgcMAAUDBQoMBA8OCgMMQAZQBtAGAwYAL10zzTIREgEXOREzETMxMCUGAyMSNzMFBgMjEjczAYc3eaxCJOgBsDCArEIk6NfW/vcBBPIXuv7bAQTyAAABAHsAAAOYBhQACwA+QCQBBAcICQoGAgIDAAMFAw0MBwoLAAEEBgUGBgVMWQYGAwgAAxIAPz8SOS8rERIAFzkREgEXOREzEhc5MTABJRMjEwU1BQMzAyUDmP6qM+41/r8BQTXuMwFWA8Me/B8D4R7OHgGh/l8eAAABAHsAAAOqBhQAFQBpQEMAAwYJCgsODxARFBUMBAQFAgUHDBMFFxYGAwIBAAkGCAcHCExZDwcBDgMOERITFAsGDA0NDExZUA0BBw0HDQUPAAUSAD8/Ejk5Ly9dKxESABc5X15dKxESABc5ERIBFzkRMxIXOTEwASUVJRMjEwU1BQM3BTUFAzMDJRUlFwJUAVb+qjPtM/6uAVItLf6uAVIz7TMBVv6qLQIKH80d/ocBeR3NHwEI+B7MHgF6/oYezB74AAEAgwHRAn8EBgALABO2BgAADQwJAwAvzRESATkRMzEwEzQ2MzIWFRQGIyImg4R6eYWGeHiGAuyKkJGJh5SRAAADAIX/4wYIARQACwAXACMAL0AXHhgSDAYAAAwYAyUkGw8DCQNRWSEVCRMAPzMzKxEAMzMREgEXOREzETMRMzEwNzQ2MzIWFRQGIyImJTQ2MzIWFRQGIyImJTQ2MzIWFRQGIyImhUxISUxNSEhMAi1MSElMTUhITAItTEhJTE1ISEx9SU5RRkdTUkhJTlFGR1NSSElOUUZHU1IABwBS/+wJngXLAAoAFQAZACQALwA6AEUAbUA8GRYXGCAlGis2OzBBBgsAEQsRFhglKztBCEdGIjg4LaBDAUNDGQNgDgGvDgEODhgZAxgSCBMEHTMzKD4TAD8zMxEzPzM/PxI5L11xMxE5L10zMxEzERIBFzkRMxEzETMRMxEzETMRMxEzMTABFBYzMjY1ECMiBgUUBiMiJjUQITIWJQEjAQEUFjMyNjUQIyIGBRQGIyImNRAhMhYFFBYzMjY1ECMiBgUUBiMiJjUQITIWARJASEdEi0hAAdWqo5ysAUigrQKM/NXBAysDF0BHR0SLR0AB1aqknKwBSJ+v+zk+R0dEi0c+AdOqpJysAUifrwQAlZKRlgEnkpPm5+3gAcnt2PpKBbb8ApWUkpcBJZCV5ubt3wHJ7N2VlJKXASWQlebm7d8Byez//wCFA6YBbQW2AgYACgAA//8AhQOmAvgFtgIGAAUAAAABAFIAaAJeA+EABgAYQAoDBgIEBgMIBwUBAC/EERIBFzkRMzEwEwEXAQEHAVIBZKj+5gEaqP6cAjEBsF7+ov6kYQGvAAEAUABoAl4D4QAGABhACgMAAAIEAwgHAQUAL8QREgEXOREzMTABAScBATcBAl7+mqgBGv7mqAFmAhf+UWEBXAFeXv5QAP//AIX/4wPkBbYAJgAEAAAABwAEAjYAAAAB/ncAAAKPBbYAAwAaQAsDAAUBAgIEAwMCEgA/PxEBMxEzETMyMTABASMBAo/8qMADWgW2+koFtgAAAQBoAw4C5QXHABIAKkATDAgAEggJEgkUEwwPAAkKAwQPBAA/Mz/NMhEzERIBOTkRMxEzETMxMAERNCYjIgYVESMRMxczNjMgFRECSEVFZlKegRUMSZABAgMOAZpQQ2Zz/qwCqlZl+v5BAAEAQgAABCUFtgARAExAKQAJDgMEBAUCBQcMEAUTEgMHCAdQWQAICAUODhFNWQ4OCgUYCg1NWQoGAD8rABg/EjkvKxESADkYLzMrEQAzERIBFzkRMxIXOTEwASEVIREjESM1MxEhFSERIRUhAdEBN/7J7KOjA0D9rAIt/dMBopr++AEImgQUyv5LygAAAQBKAAAEWAXJACIAekBEERUPCAwMHxgbCg0dGgINExUaGwYkIwsdHh1QWQgPHh8eLx6/HgQJAx4ZDBoZGlBZDxkZFAAABU1ZAAcVFBEUEU5ZFBgAPysREgA5GD8rERIAORgvMysRADMYEMZfXl0yKxEAMxESARc5ETMRMxEzMzMRMzMRMzEwATIXByYjIhUVIRUhFSEVIRQHIRUhNTY2NyM1MzUjNTM1NDYCuMWuTJ+CyAGF/nsBhf55kAL0+/JhVgu+vr6+3AXJULRD25WYjZq2VM/DHIB6mo2Yf9nZAAADAKj/7AZcBbYAFAAeACcAY0A1CwcOEhIHIxUfGhobAwcJEBUbBikoCBEOEVBZCw4OGxwfGU1ZHx8cGxgcJ01ZHAYFAE9ZBRkAPysAGD8rABg/EjkvKxESADkYLzMrEQAzERIBFzkRMxEzETMRMxEzETMxMCUyNxUGIyARESM1NzczFTMVIxEUFgEUBCEjESMRISABMzI2NTQmIyMFy09CSYL+7piiTH34+D7+av7g/u084wE9AhX9kTympZSfVKAapigBMwGFXlbV36r+i0VKA1zm8/3dBbb9NnqOf3sAAAEAP//sBIUFxQAmAHFAQgwDCAgWHwMbBQoRGBsdJAcoJwYdHh1QWQMPHh8eLx6/HgQJAx4XCRgXGFBZDAMXARQDFxcTIiIATVkiBxMOTVkTGQA/KwAYPysREgA5GC9fXl0zKxEAMxgQxl9eXTIrEQAzERIBFzkRFzMRMzMxMAEiBgchFSEHFRchFSESITI3FQYjIgAnIzUzJzU3IzUzNgAzMhcHJgMfjbMeAcj+KQICAZj+eUABLI+Wg67x/tMumIgCAoiWJgEy8sieVJoE/qiqmi03J5n+yD7LPQEI+pklJUGa+wEeWLtMAAQAZv/yBhIFwQADAA8AGAAsAExAKQMAAQIUBBAKJhwAAgQKHCEqBy4tKAAZARkZAxYNDQIDAwISJB8DEgcTAD8zPzM/PxI5LzMROS9xMxESARc5ETMRMxEzETMRMzEwAQEjAQEUBiMiJjU0NjMyFgUUMzI1NCMiBgEiJjU0NjMyFwcmIyIVFDMyNxUGBR/81cMDKwG2rpmSrqyakq/+IZyZmVVH/ZSoubitbl8uWEu5tW1XTAW2+koFtvuco72/oaW7wKDb29lyAUu2pK22K4Il2dUlgykAAAIAUP/sA7wFyQAbACQASUAkHBcDBCIQGRkLBAsNFwQmJQMDFAciEB4OGQsODQ0UAAcZHhQHAD8zPzMSOS8zOTkREjk5ERI5LxESARc5ETMSOTkRMxEzMTAlMjY3MwYGIyImNTUGBzU2NxE0NjMyFhUQBREUEzQjIgYVETY2An9KVweVCauip7VEdmpQpKyLov5l2206NG9slmhmwbfEtLsXH5odHAHHmqyklP6Puv7+zgP1qEtd/oM2xQAABACoAAAH1wW2AA8AGwAnACsAWUAvIhAcFgsBDg4ACQMGBgcABxAWKSoGLSwDCygIJRkfDxMfEwITEygOCAMpKCgBBxIAPzMzETM/MxI5L10zxDIREjk5ERIBFzkRMxEzMxEzETMzETMRMzEwISEBIxYVESMRIQEzJjURMwEUBiMiJjU0NjMyFgUUFjMyNjU0JiMiBgM1IRUEy/7+/agNFdEBBgJSDBLRAwyrmZGuq5mSrf4jSFRRSEhRUkqFAj8Ecf+Z/ScFtvuU+JEC4/y/qLu8p6e7wqBrbGxrbGlp/R+iogAAAgAbAuUFkwW2AAcAGABMQCcRFBQTGAgQDwwMDQABAwEGDRATBhoZBwMDFBANCAABAQEWEQ4JBAMAPzMzMzPEXTIyMjIzETMREgEXOREzETMRMxEzMxEzETMxMAEjESM1IRUjAQMjFxEjETMTEzMRIxE3IwMBd5LKAinNAky5BgSN2bK70pMEBsEC5QJQgYH9sAIfd/5YAtH96gIW/S8BnoH94f//AEQAAAYCBc0CBgF2AAAAAgBm/90EiwRIABcAHwA1QBsYDA0fHwQEDBUDISANLx8/HwIfFB8IEQAcCA8APzMvMhI5OS9dMxESARc5ETMRMxEzMTAFIiYCNTQ2NjMyFhIVIREWFjMyNjcXBgYTESYmIyIHEQJ5nfGFivSVmPOH/MUxplKDt1FIYtmTMqNYrXojkwEFnav/jI7+/aX+nDVGaYEpm3wCiwEVNUJ1/ukA//8AQf/qBlAFtgAnAhcChwAAACYAe+0AAQcCQAOa/bMAC7QEAwIaGQA/NTU1AP//AC3/6gZqBckAJwIXAs0AAAAnAkADtP2zAQYAdQAAAAu0AwIBDxkAPzU1NQD//wBQ/+oGaAW2ACcCFwLJAAAAJgI9CAABBwJAA7L9swALtAQDAiwZAD81NTUA//8AVv/qBkwFtgAnAhcCcQAAACcCQAOW/bMBBgI/HQAAC7QDAgEPGQA/NTU1AAACAFD/7ARMBckAFgAhAERAIxcBAQwcEgYMEgMjIgAPFRUZSFkVFQ8JCQRGWQkHDx9GWQ8WAD8rABg/KxESADkYLysREgA5ERIBFzkRMxEzETMxMAE3NCYjIgc1NjMyEhEQACEiJjU0ACEyEyYjIgIVFBYzMhIDWAJ5eYGRkaLh4v6q/tvBwAEaAQCMRyKci6pHSnnAA6wMpqZe10z+6f7s/oX9ycrL+AGH/rKa/uGobG0BFwACAC8AAAS6BbgABQANADdAGwIBBgoDCQAAAwYDDw4GBQEDAwAJBQUJTFkFEgA/KxESADk5GD8SORESARc5ETMRMxEzMzEwNwEhARUhAQYHASEDJiYvAcUBAgHE+3UCRish/wAClf0XLo0FK/rTiwTZrV/9AAL8QKgAAAEAtv4jBTMFtgAHACRAEAAHAwQHBAkIAAQFAkxZBQMAPysAGC8zERIBOTkRMxEzMTABESERIxEhEQQ//Wv0BH3+IwbE+TwHk/htAAABADn+IwTwBbYACwBEQCMCCAcDCQEBAwYICgUNDAIICAADBwQEB0xZBAMBCQAACUxZAAAvKxESADkYPysREgA5EjkRMxESARc5ETMRMxEzMTATNQEBNSEVIQEBIRU5Al39tARm/N8CGf3PA3n+I4sDbwMQicr9NfzNywAAAQBgAnkEMQMrAAMAGUAMAwAFBAEAUlkvAQEBAC9dKxESATk5MTATNSEVYAPRAnmysgABACX/8gTbBroACAAuQBQBAAYFAgIDBgMJBwgKAwQECAYBCAAvLzMSOS8zEQEzMhEXOREzETMzMTAxMAUjASM1IRMBMwKDnP7wsgEz2wH2sg4C96/9jQWVAAADAHMBhwUxBBcAEwAfACsAQEAkKQAdCgAFCg8XIwYtLA8XIwUEDSYUFAMHIBoaET8Nfw2fDQMNAC9dMzMRM8QyMhEzERc5ERIBFzkRMxEzMTABFAYjIicGIyImNTQ2MzIXNjMyFgEyNjcmJiMiBhUUFgEiBgcWFjMyNjU0JgUxroO3eoGki6yxhrF4fLGKp/yBOF8wLV4+RVBSAoU2XzItYTtDVFYCzYi+x8O2ko62xcC1/tJPVVFRXkZIWgFCT1NSUlxISFoAAAEABv4UAyEGFAAWAB5ADgkTAw8TAxgXEQwcBQAAAD8yPzMREgEXOREzMTABMhcVJiMiBhURFAYjIic1FjMyNRE0NgKDYD5DQkxEtK5iQk86lLIGFBzFH2lW+vS2vR3DH8EFDLW9AAIAXAFxBDMELwAWAC4AcUBCAw8aJwQwLyYdAxEaKQ4GEQtSWREAERARAgkDEQZABgBSWQYdKSNSWQApECkCCQMpHUAdF1JZDx0fHT8dXx1/HQUdAC9dKwAaGBDNX15dKwAYEMQrABoYEM1fXl0vKwAQGMQQxBDGEMQREgEXOTEwASIGBzU2MzIWFxYzMjY3FQYjIiYnJiYDIgYHNTYzMhYXFhYzMjY3FQYjIiYnJiYBSDWAN22TSIFIf1w1fjhmmkNzWEdjMzR/OWqWRnlSSWIwNXw6ZZtFdlNVXwHpQTe+byMfNz86v2waJR0aAZRAOb9sHyIfGT86vm0dIyMWAAABAGAAmgQxBQwAEwBVQDQDAQAGEQcQCg0LCgwCCAQPEwIMBhUUAQARBAUEBVJZBAkLEA0ICQkIUlkPCS8JTwlvCQQJAC9dKxESADk5MxgQxisREgA5OTMREgEXORESFzkxMAEDJzcjNSE3ITUhExcHIRUhByEVAiGBomD+AVJn/kcCCoajZAEC/qxoAbwBsP7qRdGy3bMBGkfTs92yAAIAXgAABDEFCgAGAAoAJUAUBQEAAQQHCgUMCwcIUlkHAz8AAQAAL13GLysREgEXOREzMTAlATUBFQkCNSEVBDH8LwPR/SMC3fwtA9H8Aa55AefC/qj+0f4/srIAAgBgAAAEMQUKAAYACgAnQBUBBQIFBgcKBQwLBwhSWQcDAD8GAQYAL10Qxi8rERIBFzkRMzEwEwEBNQEVARU1IRVgAt39IwPR/C8D0QHBAS8BWML+GXn+UvyysgACAGIAAARGBcEABQAJADVAHAIBBwUECQYDCAAAAwcJBAsKBwAIBgMJBgIFAgMAPy8SFzkREgEXOREzETMRMzMRMzMxMBMBMwEBIwkDYgHDXgHD/j1eAUj+5/7nARkC3wLi/R79IQLfAdf+Kf4p//8AIwAABIkGHwAmAEkAAAAHAEwC5wAA//8AIwAABHoGHwAmAEkAAAAHAE8C5wAAAAEAogTZA/gGJQAOACBADQsMBAMMAxAPCwSACAAALzIazDIREgE5OREzETMxMAEiJiczHgIzMjY3MwYGAkbUxQvVBitRU2JmC9kP1ATZmbNIUCNXZKygAAAB/4f+FAGTBFIADAAfQA4KAwcHDg0IDwAFRlkAGwA/KwAYPxESATkRMzMxMBMiJzUWMzI1ETMRFAY3akZER5brs/4UGboSqgTT+x2rsAABAXMEzQKWBhQACAAZQAoDAggCCgkIgAMAAD8azRESATk5ETMxMAE2NzMVBgYHIwFzLxLiF1orhwTlnpEUPrNCAAABAWb+OwKR/4MACQAYQAkEAwMACwoJgAQALxrNERIBOTkRMzEwATY2NzMVBgYHIwFmFysI4R1cKoj+VECtQhRQrDgAAAEBZgTZApEGIQAJABhACQQDCQMLCgmABAAvGs0REgE5OREzMTABBgYHIzU2NjczApETLQniHF0rhwYGNbFHE02tOwAAAgAnAjcCvgXJAAsAFQAgQA4GDAAREQwXFgkTHwMOIQA/Mz8zERIBOTkRMxEzMTATFBYzMjY1NCYjIgYFECEiJjUQITIW6UBISENDSEhAAdX+s6OnAUqkqQQAlZCPlpWQkJP+Ne/cAcftAAIAEAJKAtUFvAAKABEAPkAgCQEBCwcEEQYABAYDExIBBQUGCQ8RHxECEREHAyAOBx4APzM/EjkvXTMzMxEzERIBFzkRMxEzMzMRMzEwASMVIzUhNQEzETMhNTQ3BgcHAtV9wP54AYy8ff7DBjQklAL6sLB/AkP9zbJhZGg22QAAAQBIAjcCqgWwABwALUAWDwMbFBUDCRUYBB4dEgAABhkWHg0GIQA/Mz8zEjkvMxESARc5ETMzETMxMAEyFhUUBiMiJic1FhYzMjU0JiMiBycTIRUhBwc2AWqSrrSuS4sqMYc7vWdYPVBUIwH8/o8DDzIEc5R7j54eGKEgKZdHTRcrAayRJ5ALAAIAKwI5ArwFyQAXACMANkAcGxIhCwsAAAYSAyUkCx4ADxAPAg8PFQgDHxgVIQA/Mz8zEjkvXTM5ERIBFzkRMxEzETMxMBMQEjMyFxUmIyIGBzM2NjMyFhUUBiMiJgUyNjU0JiMiBhUUFivj5Es2M0aLkAoKIWxAgY+vjp62AU5BUkdIQ19UA8cBAAECD5cUiJQwNJOCiqfRP1BNRVFKNVFjAAEAOQJKArIFtgAGACBADwEFBgAAAgUDCAcAIAIDHgA/Mz8REgEXOREzETMxMBMBITUhFQGeAVj+QwJ5/rACSgLVl3v9DwADAC8CNwK2BckAFgAiAC4AP0AiBREgKQQIDiwDJhQdCBcOAwgOFAQwLykgEQUECyMAHxoLIQA/Mz8yERc5ERIBFzkRMxEzETMRMxESFzkxMAEyFhUUBxYWFRQGIyImNTQ2NyYmNTQ2AxQWMzI2NTQmJwYGEyIGFRQWFzY2NTQmAXWDoJJdU7SNma1KVEc6phFHSUpHYEg7PpI4PThBMT87Bcl5Z4NLLW5Hc4+HdUZtLDFeRGd9/Wo0Q0M0OUsUHEcB3DUsKT4eFzwyLDUAAAIAJwI5ArgFyQAXACMAOEAdIQsLABsSAAUSAyUkCxUeDw8fDwIPDwMYFR8IAyEAPzM/MxI5L10zEjkREgEXOREzETMRMzEwARQCIyInNRYzMjY3IwYGIyImNTQ2MzIWJSIGFRQWMzI2NTQmArji5E4zM0WKkAsKIWxAgY+vjp62/rJBUkdIQ19UBDv//v0PlxSFlzA0k4KKp9E/UE1FUUo1UWMAFgBU/oEHwQXuAAUACwARABcAGwAfACMAJwArAC8AMwA3ADsAPwBDAEcAUwBbAGsAdAB8AIkA3kBbcGB6Z2x2dmtYSFROCQokJSgpREUIFRUWAAUwMTw9QEEIDg4NAwYNEBMWGRodHiAjLS40Nzg7SE5gZ2t/hBmLioJ9WlFWS3VPbAFsbFx2a3SFXH1La1FccGsBa7j/wEA1Cw5Ia09cAVwAChUlJikqMTI9PkFCRUZcaxEBEhMYGRwdLC0IDw8MBgcgITQ1ODkIBAQBDAEALy8RMxIXOREzEhc5Ehc5L10vK10QxBDExBEzMxEzEjkvcTMRMxEzETMREgEXOREzEhc5ETMSFzkRMxEzETMRMxEzETMxMBMRIRUjFSU1IREjNQERMxUzFSE1MzUzESE1IRUhNSEVATUhFQEjETMRIxEzATUhFQEjETMBNSEVMzUhFQEjETM1IxEzASMRMwUUBiMiJjU0NjMyFgUUMzI1NCMiJTMyFhUUBgcVFhYVFAYjIxMzMjY1NCYjIxUVMzI2NTQjASInNRYzMjURMxEUBlQBL8AFzgEwbfkAb8AFDsNt/UkBEfvhAQ7+8gEOBLdtbW1t+8IBEPwwb28CwAEQdwER+qhvb29vBv5tbfufh39/h4d/foj+c4eHh4cB4axtcC4sPS5tXs97Qi4kKi87SjElWgFeNBwrGVZ9aQS+ATBvwcFv/tDB+QIBL8JtbcL+0W1tbW0G/m9v+qgBDgICAQ/6O21tAaYBDgRKb29vb/wvARB5AQ/9aAEQSZGcnJGSm5qTxcXEYUNTMUQIBg5ENVFZAWIiICId45orJUr++gpmCFYBkv5yX2MAAAMAVP7BB6oGFAADAB4AKgA4QBwXCyUEHwQeAQMLER4FLCsoHhQOIh4ODh4iAwIAAC8vFzkvLy8RMxEzERIBFzkRMzMRMxEzMTAJAwU1NDY3NjY1NCYjIgYHFzYzMhYVFAYHBgYVFQMUFjMyNjU0JiMiBgP+A6z8VPxWA+ssQWdJu6VPukdSoFo/PjFIVDsbR0ZCSUhDSEUGFPxW/FcDqfsvMkExUn5Yh5o4KrJQOi81SzZEcEo7/u0/SEk+QElI////h/4UAp4GIQImAjcAAAEHAUz+uQAAAAizARIRJgArNf//ABADwQFqBbYABgIH9wAAAgAZ/+wFPQYpACsANABpQDgsHikeAjIkFQoKGQcCBxAkKwU2NSwqKypIWSArKwUnEg1HWQASARIDEhIFJycvR1knAQUcR1kFFgA/KwAYPysREgA5GC9fXl0rERIAORgvMysRADMREgEXOREzMxEzETMRMzMRMzEwARYVEAAhIBE0Nzc0JiMiByc2MzIWFRQHBhUUFjMgETUnJiQmNTQ2MyATMxUlJiYjIgYVFBYEuAT+0P7n/mATAyAdMSs3cn1fXAsMbWYBTgLg/sihzLUBwlmP/oYZo29MVPQDIyY8/qL+iQFRLKQ3LR4alz5mUy9kZT9ZWwInKioCb8eGnK79rrS0vd9MQn6PAAABAAAAAATBBcMAFQA2QBsAERESFRQIEhQDFxYQEwAAEhQDEhIFCktZBQQAPysAGD8/EjkRMzMREgEXOREzETMSOTEwARI+AjMyFxUmIyIOAwcRIxEBIQJal3FKXT8/OiMdKTpYeVYm8P4fAQQDEAFU4FcoFbYINJjtwWP93QIvA4cAAgAj/+wHIQRSABQAJwBYQC4nCyUNEx4eHRUFFwMDBQYKCw0dBykoEwgdHQAICxUGCAZHWQgPIhoAGkdZEAAWAD8yKxEAMxg/KxEAMzMREjkYLxE5ERIBFzkRMxEzETMSOREzETMxMAUiJjU0NyE1NyEVIxYVFAYjIicjBgEGFRQWMzIRNTMVFBYzMjY1NCcCc87UYv7wngZg/lrUzuRNCE3+u15jbrTdWltraFgU/fLS7WRUuOrV9PvExAOu8sOhnAECpKR8hpij2d7//wDBAAAGogd1AiYAMAAAAQcAdgGuAVQACLMBHgUmACs1//8AqAAABwYGIQImAFAAAAEHAHYB3QAAAAizAS0RJgArNf//AAD9vgVKBbwCJgAkAAAABwJbAVQAAP//AFr9vgQEBGYCJgBEAAAABwJbAOMAAP///qf/7AYGBc0AJgAyMwAABwJc/iAAAAACAGb9vgJC/4MACwAXADJAHAwAEgYGABkYFbADAV8DnwMCfwMBAw8PCR8JAgkAL3EzzF1xXTIREgE5OREzETMxMAEUBiMiJjU0NjMyFgc0JiMiBhUUFjMyNgJCh2tqgIBqbIaIPC4vPDY1MDr+omh8emhoe39kMzc3MzI5OQACAIcEaAL8BcUABwAZACdAEwMCDwgAAggMFAUbGhcHCwfAAgMAPxrMxhDEERIBFzkRMxEzMTABNjczFQYHIyU0NjcVBgYVFB4CFRQGIyImAcFDF+E9kmz+xox+QkEiKSI5NjxJBInKYxR+tX1RcBhIFiocExIQGhwlKUb//wAjAAAHcQYfACYASQAAACcASQLnAAAABwBMBc8AAP//ACMAAAdiBh8AJgBJAAAAJwBJAucAAAAHAE8FzwAAAAIAef/sBp4GFAAUAB4APEAdEwsABg4QEAYAIB8TCwMOCUAJHExZCQQDGExZAxMAPysAGD8rABoYEM4SOTkREgE5OTIRMxESOTkxMAEQACEgABEQACEgFzY2NTMXBgYHFgUQEjMgERAhIgIF0f6c/rr+tf6dAWUBSwFPszs48Q8giXJO+6bb1QGu/lTX2wLd/pv+dAGJAWoBagGE0ReGexanuyuu5v7v/uwCJQIj/u0AAgBm/+wFcwT6ABYAIgBEQCEVDQAHEBISHQAXBwcAJCMVDQMQCkAKIEZZChADGkZZAxYAPysAGD8rABoYEM4SOTkREgE5OREzETMyETMREjk5MTABEAAjIiYCNRAAMzIWFzY2NTMXBgYHFgUUFjMyNjU0JiMiBgR9/ur4m+6AART7bb5FR0fxDyWRfj7824aVk4WGlJSFAiv+8f7QjAEGrQENAS5HRBWDhxezsyWHpr3Cwr27wMAAAAEAtP/sBtEGFAAZAEBAHwQGBgEYCxQREQsbGgQSQAEKS1kBAQ4ZEgMOFkxZDhMAPysAGD8zEjkvKwAaGBDOERIBOTkRMxEzMzIRMzEwARU2NjUzFw4CBxEUACEgADURMxEQISAREQU7TkrwDhtho3f+0P7t/uz+0PABWgFOBbbCEouDFo6eZBL9qPv+4wEg/AOu/Fb+rAFWA6gAAAEAnv/sBgQE/AAeAE1AJhcZGQERFBEeCwgeCCAfFwlAAgUJFB1KWRQUABIJDwAVBQ5GWQUWAD8rABg/PzMSOS8rERIAORoYEM4REgE5OREzETMzETMyETMxMCEnIwYGIyImNREzERQWMzI2NREzFTY2NTMXDgIHEQO0IQ4xsXTKx+1ob5SL7E9K8A4cYqN2kU1YyMsC0/1Wf3+x0AIndxKNgheRoWMO/L7///w0BNn+GgYhAAcAQ/rKAAD///zuBNn+1AYhAAcAdvuEAAD///v9BNf/DwX2AAcBUvsRAAAAAfzwBLz+iQaaABEACrIKDwQAL8wyMTABFAcHIyc2NjU0IyIHNTYzMhb+iaQKixNLSW08OERJg4kF05MnXaINMCxJDocRZAAAAf0K/nn+Ev99AAsABrADAC8xMAE0NjMyFhUUBiMiJv0KRUBAQ0Q/QEX++j9ERT47RkUA//8AwQAAA/wHcwImACgAAAEHAEP/qQFSAAizARUFJgArNf//AMEAAAWYB3MCJgGyAAABBwBDAF4BUgAIswEaBSYAKzX//wBm/+wEOQYhAiYASAAAAQYAQ7EAAAizAiURJgArNf//AKgAAATDBiECJgHSAAABBgBD9QAACLMBGBEmACs1AAEAff/sB+cFyQAyAE5AKBArKygwCiMWBAoWHCgFNDMQGSkpExkAIBkgTFkHGQQtJhMmTFkNExMAPzMrEQAzGD8zKxEAMxESORgvETkREgEXOREzETMRMxI5MTABIgYHJzY2MzIAERAAISImJwYGIyAAERAAMzIWFwcmJiMiAhUQEjMyNxEzERYzMhIRNAIF0StYRFg8m1D4ARb+zv7rdK5NV6tq/ur+zgEV91GcPFpFVSuJmcWzclvwWnu1xJoFAB4stCo1/or+q/6M/mI7PUI2AZwBdgFVAXY1KrQtHf71+f7r/tVKAar+VkoBKwEV9gEOAAABAAIAAAZxBFIAGgBFQCQJGBcWDhoABhITCwoCAQEGCg4TGAYcGwkYGBIKAQ8FFw4DABUAPxcyPzMzOREzERIBFzkRMxEzETMRMzMRMzMRMzEwIQEzExYXMzY2EwMhExYXMzYSETMQAgcjAwcDAYn+efbdJRgJCiCnlgEGwUkRCIx47sfV46QvkARS/WRtkyZWAYABoP2k40aqAaABO/6R/fTXAaJv/s0AAAIACgAABQAGFAASABsAW0AyFwUBDRADExMJBQkLEgQdHAALDAtLWRAMDAEOARtMWSABAQ8BAQsDAQEJDgAJE0xZCRIAPysAGD8SOS9fXl1dKxESADkYLzMrEQAzERIBFzkRMxIXOREzMTABETMgBBUUBCEhESE1ITUzFSEVATMyNjU0JiMjAhuhARwBKP7j/uj+YP7fASHwAY3+c5+pqanFgwRk/wDb0dreBGS98/O9/GNzfnlpAAACAAoAAATPBScAEQAZAE5AKRIEAAwPAxcXCAQIChEEGxoNCwEWSFkBAQgLAAoLCkdZDwsPCBdIWQgVAD8rABg/MysRADMREjkYLysAGBDGERIBFzkRMxIXOREzMTABESEgERQGIyERIzUzNTMVIRUTNCYjIxEhMgHuAQoB1+vo/gb4+OwBXpl/ev4BAvUDmv7+/sCprwOauNXVuP24U0L+xwABAMH/7Ac5BcsAIABQQCsDBhkGEhgUFBUEDBIVHgUiIQYTGBNMWQMYGBUWAxUSHABMWRwEDwlMWQ8TAD8rABg/KwAYPz8SOS8zKxEAMxESARc5ETMRMxEzMxEzMTABIgYHIRUhFhYzMjY3FQYjIAADIREjETMRIRIAJTIXByYFi8ToGgKR/W0K7NBhtmKw3/7E/p8P/unv7wEdJgFyAS7eyFbHBP7Vyc3h+iUdzUEBXwFI/W0Ftv2qASUBRAJjxlwAAAEAqP/sBdkEZgAfAFBAKxUKGAoDCQUFBgMGDxceBSEgGAQJBEdZFQkJBgcPBhUNEkdZDRAAG0dZABYAPysAGD8rABg/PxI5LzMrEQAzERIBFzkRMxEzETMzETMxMAUiJCcjESMRMxEzNiQzMhcHJiMiBgchFSEWFjMyNxUGBJ7t/vER/uvr/hkBBOiom0OLb4WIDAHf/h8JlIaQn3wU/fT+IwRS/kTk7EOwOYqMuaOURsE/AAIAAAAABaIFuAALABIAS0ApAwQJChAACwcICAYMEAQNAQsIFBMQBwkBBQwFS1kgDAEMDAcJAwsDBxIAPzMzPxI5L10rEQAzERI5ERIBFzkRMxEzETMzETMxMCEDIxEjESMDIwEhAQEhJyYnBgYEsPh91X/38AJKAQwCTPyNAUJSQgwGJwKP/XECj/1xBbj6SANS1aoxG24AAgAEAAAEywRSAAsAEABDQCQACwcICgkPAwQBBAYICwwNDwgSEQIGDAZIWQwMCQAECBUPCQ8APzM/MzMSOS8rEQAzERIBFzkRMxEzMxEzETMxMCEDIxEjESMDIwEhAQEhAicGA+O0XtFgsuoB1QEdAdX9FgEPcBgdAcf+OQHH/jkEUvuuAnUBCkhRAAACAMEAAAe0BbgAEwAaAGlAOREQFQATBQgPFAQYBwIDExIGBw4KCgsDBwsSGAUcGxgLDAUBCQ4JTFkUIA4BDg4LEBAMAwMHEwMLEgA/FzM/MxESOS9dxSsRADMzERI5ERIBFzkRMxEzETMRMxEzERIXORE5OTIyMTABIxEjESMDIwEhESMRMxEhEyEBIwEhAiYnBgYFyXvVffb0AQn+le/vAb3vAQwCTPb9hgE7ZiwKBysCk/1tApP9bQKT/W0Ftv2qAlj6SANWAQh9Jx93AAIAqAAABqYEUgATABkAWUAzEwAYAgEFBgkKEQ0NDgEDBggKCw4SFBUYCxsaBAgUCEhZEQxHWRQRERMCBgoDDhUPGBMPAD8zMz8XMxI5L8UrKxEAMxESARc5ETMRMxEzETMRMxEzMzEwAQEjAyMRIxEjAyMTIREjETMRIRMTMyYmJwcE0QHV6Lpaz1i86Mn+19fXAXe+EfxKJA9YBFL7rgHb/iUB2/4lAd3+IwRS/kQBvP43sWEs4gACAB8AAAX6BbYAHQAgAF1AMAsGHhYXHwogBxAPFhcdAAAHCg8XBSIhFRkGGUtZHgsGBggXEAASCgcgCAggTFkIAwA/KxESADk5GD8zMxI5LzMzKxEAMxESARc5ETMRMxEzETMRMxESOTMyMTAzNhM+AjcBNSEVARYWFxMjAyYmIyMRIxEjIgYHAwEBIR8fcC9ijGT+dwTR/myasD2Q9IEpakoj7yFNZiqBAfUBPP2JaQFckpRTDgHhiYn+Hxarxv47AaSFb/1oAphsiP5cA2gBfwACABAAAAT+BFIAHAAfAGVANgkEHRUVFh4IHwUPDhwAAAUIDhYFISAUGAQYSVkdCQ8EHwQCCwMEBAYWDwAVCAUfBgYfSFkGDwA/KxESADk5GD8zMxI5L19eXTMzKxEAMxESARc5ETMRMxEzETMRMxI5MzIxMDMTNjY3ATUhFQEeAhcTIwMmJiMjESMRIyIGBwMBEyEQezaGb/7JBBT+xUtoTCp913MiTjYc0SE7SiNzAaLu/icBVJiCFQFmaWn+mA5AbXL+rAE7YEr+GwHlR2P+xQKWARAAAgDBAAAIGQW2ACIAJQByQDwPGwMKAAojGxscJA4lCxUUIgAJBQUGAAYLDhQcBicmHRoECQRMWQ8jCQkMFRwAAwYSDgslDAwlTFkHDAMAPzMrERIAOTkYPxczEjkvMzMrEQAzMxESARc5ETMRMxEzETMRMxEzETMSOTMREjkRMzEwIRM2NyERIxEzESEBNSEVAR4CFxMjAyYmIyMRIxEjIgYHAwEBIQI9kDI0/n3v7wKN/ogEzv5vaI9jLZDwgy1pYAzwDGBoLoEB+gE7/YoBwZw2/W0Ftv2qAc2Jif4dDVWVjv47AaSQYv1qApZhkf5cA2YBgQAAAgCoAAAG1wRSAAIAJQByQD0PGwMKIwoAGxscAQ4CCxUUIiMJBQUGBgsOFBwjBicmHhoECQRHWQ8ACQkMFRwjAwYVBwsOAwIMDAJIWQwPAD8rERIAFzkYPxczEjkvMzMrEQAzMxESARc5ETMRMxEzETMRMxEzETMSOTMREjkRMzEwARMhAyERIxEzESEBNSEVAR4CFxMjAyYmIyMRIxEjIgYHAyMTNgRg7v4nx/7R19cCAv7XBBX+xEtoTCp913MiTjYc0SE7SiNz1X0pApgBDv43/iMEUv5EAVNpaf6YDkBtcv6sATtgSv4bAeVHY/7FAVRrAAEAM/49BHUG3wBNAIJAST0qMSJAGkcAFAkUHigtMThAREcKT05KFxcDHjEqLjU1OktZDzUfNQIJAzUqQEMeHx8eS1kfHxEqKiVLWT0qAxEDS1lPEZ8RAhEAL10rABg/MysREgA5GC8rERIAORoYEMxfXl0rABgQxBE5ERI5ETMREgEXOREzETMRMxEzMzEwBRQWMzI3NjMyFxUmJiMiBwYjIiY1NDY3NjY1NCYjIzUzIDU0JiMiByc2NyYmJzUzFhc+AjMyFxUmIyIGBxYWFRQGBxUWFhUUBAUOAgEjU01fbm49kjUWZU5Gamt2tcDi9cew6uGwpgG0lYXQwG6wwhtEgqZLjktUXDZCLRo0K2UzqcC3p7vI/s3+3WFtLn8zLQUFJ8cTHQUGmImTkAoGdn51d8DpYGl7onUaIU2IGzWOXUktDoUMTE4bvIeKuRsIFrWPy+EGAhYqAAABABv+VAPRBVgARwBrQDwuETcLPghEGCoqPEAyRA4gAwsRCklIFCwNMjMzMkhZLDMzJ0Q+QQUAQAkMSAA+QD45SFkIPhAnG0dZJyIAPysAGD8zKwAaGBDcKzLEETkSOS85KxESADkRMxESARc5ETMRMzMRMxEzMTABMhcVJiMiBgcWFhUUBxUWFhUUBAcOAhUUFjMyNzcyFxUmJiMiBiMiJjUQJSQ1NCYjIzUzMjY1NCMiByc2NyYnNTMWFz4CAzlALR0vLV0mfIjRg3H+8vZUYy1IXFVml4QgE1Q3RcV3oagBowErnKGFdaGY8KCnTIZ2RnWgToVIV18FWA6FDEY5Ho5kuzkIJYJkoKwBARUnKC8tBQUpuhMYCoqEAR8EAqBTTLFHSodIrzYPVXwbN4pZTSsA//8AbQAABkQFtgIGAXUAAP//AJr+FAXlBhQCBgGVAAAAAwB5/+wF0wXNAAsAEgAZAD9AIBcPDwAWEBAGBgAbGhYQTFkWFgMJCRNMWQkEAwxMWQMTAD8rABg/KxESADkYLysREgE5OREzETMRMxEzMTABEAAhIAAREAAhIAABMjY3IRYWEyIGByEmJgXT/pv+uf61/p0BZQFLAUYBZP1Uw9oR/KIP3ca93BcDWBXWAt3+m/50AYkBagFqAYT+dvx15+bj6gRI2NjV2wADAGb/7AR9BGYADAATABoAP0AgGBAQABcREQcHABwbFxFIWRcXAwoKFEZZChADDUZZAxYAPysAGD8rERIAORgvKxESATk5ETMRMxEzETMxMAEQACMiJgI1EAAzMgABMjY3IRYWEyIGByEmJgR9/ur4m+6AART78AEY/faDhQz90wyIg4GGDgIrD4cCK/7x/tCMAQatAQ0BLv7L/XuXmJiXAvqPjI2OAAABAAAAAAV3BcMAFQA0QBoUDQMFBAoHBgMGCgMXFgoFBgMFEhEATFkRBAA/KwAYPz8SORESARc5ETMRMzMRMzIxMAEiBgcBIQEzARYXNjcTPgIzMhcVJgUQNkgu/qj+9P4A9gE5OhwYPqY8WHNVSVE1BPxekPvyBbb8ZbqIh8cCBr6VQx3BFwAAAQAAAAAEhwRcABcAMkAZEBcWBQkVAQAABRUDGRgADw0SR1kNEAQXFQA/Mz8rABg/ERIBFzkRMxEzETMzMjEwETMTFhczNjY3Ez4CMzIXFSYjIgYHASH2108JBggyGGwsSmVTQS8hKy4zFf7r/vAEUv2V50o1uEkBR4RyMxS1DUhB/On//wAAAAAFdwdzAiYCgAAAAQcDdgT+AVIACrQCASkFJgArNTX//wAAAAAEhwYhAiYCgQAAAQcDdgSYAAAACrQCASsRJgArNTUAAwB5/hQKFwXNAAsAFwAsAFJALCwdHRggIRkYEgAMBgAGGCEnBS4tHCwVIBgPCRVMWQkEAw9MWQMTJClLWSQbAD8rABg/KwAYPysAGD8zPzMREgEXOREzETMRMxEzEjkRMzEwARAAISAAERAAISAAARASMzISERACIyICJSETFhczNjcTMwECISInNRYzMjc3BXX+tv7N/sj+uQFIATkBNAFH+/7DwsW+vMXFwgRcAQDjMRMIDjrV/P4ogP7STUo1RKpFKQLd/pX+egGCAXEBcAF+/nv+lf7q/vEBDgEXARMBEP7wYv2Lf31TqwJz+xv+pxG6DMVoAAADAGb+FAjRBGYADAAVACoAVEAtKiAbGxYeHxcWEQANBwAHFh8lBSwrGioVHhYPChNGWQoQAw9GWQMWIidGWSIbAD8rABg/KwAYPysAGD8zPzMREgEXOREzETMRMxEzEjkRMzMxMAEQACMiJgI1EAAzMgABECEgERAhIgYBIRMWFzM2NxMzAQIhIic1FjMyNzcEff7q+JvugAEU+/ABGPzbARsBGP7mlIUDMQEA4TYOBhI22fz+KYH+00tPN0SrRScCK/7x/tCMAQatAQ0BLv7L/vr+gQF/AXvEAXD9jZthXaECcfsb/qcRugzFaAAAAgB5/4UGJQYvABUAKgBPQCoDHiQDEwcZKAMNIQAWCgAKDRMELCscHhkHGUxZAwUHJCYoDShMWRMQDQQAPzMzKxEAMzMYLzMzKxEAMzMREgEXOREzETMRFzMRFzMxMAEQAAUGIyInJAAREAAlNjYzMhYXBAABFBIXNjYzMhc2EjU0AicGIyInBgIGJf7P/u8ddnga/un+0gEvARkNSjg2Sg8BFQEx+06oqBRGM2ckqaenpyJraSaopgLd/sn+eSlxcSYBhgE9ATwBfyc+MDA+J/57/sjZ/usoLSNQKAEV2dYBFClSUCn+7gAAAgBm/5EE8AS0ABUAKQBQQCsDHiIDEwcYKAMNIAAWCgAKDRMEKyoeGxgHGEdZAwUHFSIlKA0oRlkQEw0PAD8zMysRADMzGD8zMysRADMzERIBFzkRMxEzERczERczMTABFAIHBiMiJyYCNTQSNzY2MzIWFxYSBRAXNjYzMhYXNhEQJwYGIyImJwYE8OnYEnF0EdPu7tcJQjYyQgvV8Pxo0w86ODU7EdHPDj04OzwOzwIr6/7fJWlrJAEl5u0BICIzJyc1JP7a4/7EOygmKCY8ATsBMz4tKystPgADAHn/7AfdCGQALgBCAFMAcEA/OTpKQywJIBUECQ8VGiYwOkNHTwtVVEIxUTEAOhA6Agk6OkY2PUcARgEaA0YYAB0YHUxZBhgEKSMSI0xZDBITAD8zKxEAMxg/MysRADMYEMZfXl0yxDIROS9eXTMzLzMREgEXOREzETMRMxEzMTABIgYHJzYzMgAREAAhIiYnBgYjIAAREAAzMhcHJiMiAhUQEjMyNjcWFjMyEhE0AgMVIyIuAiMiBgcjNTQzMh4CMwEUBgc1NjY1NC4CNTQzMhYFyTxjKE6Cm/gBFP7O/uhxrEtLrHH+6P7OARX5mYRQZ16JmcCsXLNDRbJbrcKaexBiknRcKjUrBpr8OnF3hE7+9ZV7OzwiKSJ5QksFADActGH+iv6r/o7+YDw8PDwBnQF1AVUBdmG0TP71+f7r/tNaUFBaAS8BE/YBDgLuniIqIjk5J/ElLCX+61l+Ek8ROBoTEREaG1xOAAMAZv/sBmIHKwApAD4AUABsQD0YIw0DRj80NQMIEh4jKCs1P0NLC1JRKitOKzU1MQ85AREDOUAJDEg5Q0IGGgsGC0dZIAYQFRAAEEZZJgAWAD8yKxEAMxg/MysRADMYENYyxCtfXl0yOS8zMy8zERIBFzkRMxEzETMRMzEwBSIAERASMzIXByYjIhEUFjMyNxYWMzI2NRAjIgYHJzYzMhIREAIjIicGARUjIi4CIyIGByM1NDYzMh4CMwEUBgc1NjY1NC4CNTQ2MzIWAlrx/v3e2YprR1hKz4SEjXUzflGDhs0zTyJIcIjY3P/yoWxsAgQQY5NzWyozKwiaeYM6cXeETv71l3k7OiEpIUE4QksUAScBGAEYASM5ri/+f73GZis/yL8BgR4Rrjn+3f7o/uj+2VhYBsidIyojNzwndnolLSX+7lt9Ek4TNxoTEhAaHC0vTgACAGr/7AfdByMAMAA+AGdAOQ8oKCcuCSEVBAkVGicxNDc7PgpAPzY6Oj5ACQ1IPjg0PBhAJycSGAAeGB5MWQYYBCskEiRMWQwSEwA/MysRADMYPzMrEQAzERI5GC8aEN4yMs0rMhEzERIBFzkRMxEzETMSOTEwASIGByc2MzIAERAAISImJwYGIyAAERAAMzIXByYmIyICFRASMzI3ETMRFjMyEhE0AgMVByMnIwcjJyMHIyc1BckrWEROhZj4ART+zf7pc65NWLBp/un+zQET+peIUEVVK4ibxrdtYvBdeLfGmpFQLTKqMSsxrC8tUAUAHiy0X/6K/qv+i/5jPz1COgGcAXYBUwF4X7QtHf71+f7u/tJMAaj+XFABLQET9gEOAiM8qmdnZ2eqPAACAAIAAAZxBaQAHAAqAF5ANQkaGBcOHAAGEhMLCgIBAQYKDhMaHSAjJyoLLCsiJiYqQAkNSCokICgJGhoSCgEPBQ4YAwAVAD8XMj8zMzkRM94yMs0rMhEzERIBFzkRMxEzETMRMzMRMzMRMzEwIQEzExYXMzY2NwMzExYXMzYSETMUAgIHIwMnBwMBFQcjJyMHIycjByMnNQGP/nP23SoVCRZdYJz4y1ELCI177lS4lupwIy2HAkNSKzGsMSsxqjErUARS/WZ9g0zdzQGk/aT7LqcBmgFE/f6Q/rabATdtb/7LBaQ6rGdnZ2esOgAAAQB5/hQFAgXLABYAL0AYFhUPAwMJFQMYFxYbBwxMWQcEABJMWQATAD8rABg/KwAYPxESARc5ETMRMzEwBSAAETQSJDMyFwcmIyICERASMzI3ESMDTP6g/o2wAUrf7MRWxJzd+u3of3LvFAGBAW7hAVe4XsdY/tv/AP7y/u8f/TsAAAEAZv4UA8kEZgAXAC9AGBUWDgMDCBYDGRgWGwYLRlkGEBcRRlkXFgA/KwAYPysAGD8REgEXOREzETMxMAUmABEQACEyFwcmIyIGFRQWMzI2NxEjEQJm+P74AQ8BELGTRpxomY6ajUtmLusSCAEdARABHQEmQ7s6ucTAtxgR/T0B2gABAGj//AR3BQgAEwBEQCoADRARBAwBAwYHCgQLAgsMAQICBAgMDhIGFRQTAAMRBg8FEAcNCgkMCwEAL80XORESARc5ETMRMxESFzkREhc5MTABAycTJTcFEyU3BRMXAwUHJQMFBwICtH20/uNEASHJ/uFFAR+4e7gBIUj+48oBHkUBNf7HRgE9pnemAV6meaYBO0f+wqR3pP6ipncAAAEAvgSFA7gFwQAPAB5ADAgMAAQMBBEQAgoABwAvMzMyERIBOTkRMxEzMTABBiMiNTQ2MyE2MzIVFAYjAYkNWWUvOAHHC1tmMDgE415zODJfbTg5AAEA9gTdA/QF9gAUACZAEgoJEwkWFRQTEw2PBZ8FAgWACgAvGsxdMjMvMxESATk5ETMxMAEyPgIzMhYVFSM1NCMiDgIjIzUBAk6Ed3A7gnyaaCpccpNhEAV/JS0leHgpG1gjKSOeAAEB1QTNAucGRgARABpACwsAAAYOAxMSA8APAC8azBESARc5ETMxMAE0NjMyFhUUBwYGFRQWFxUmJgHVTUI5QDYbGzo8fJYFtkFPMC0qEwoUDxo3EVATfQABAdcEzQLnBkYAEQAaQAsHAAAEDAMTEg/AAwAvGswREgEXOREzMTABFAYHNTY2NTQuAjU0NjMyFgLnlHw7OiEpIUA5QksFslZ8E1ARNxoTEREaGy0wTwAACAAp/sEHwQWRAAwAGgAoADYARABSAF8AbQDkQDgADAYHN0Q9PlNfWVobKCEiDRoTFCk2LzBgbWZnRVJLTAcMFBoiKDA2PkRMUlpfZ20Qb24pIhsDMLj/wEAPCQ9IMDMeLCwlM21aUwNmuP/AQA8JD0hmalZjY1xqRT43A0y4/8BAHQkPSExPOkhIQU8zak9PajMDCRAXQAkPSBcNFAAHuP/AtQkPSAcDCQAvM80rMi8zzSsyERc5Ly8vETMzETMQzSsXMhEzMxEzEMwrFzIRMzMRMxDNKxcyERIBFzkRMxEzETMRMxEzETMRMxEzETMRMxEzETMRMxEzETMRMzEwASYmIyIGByM2MzIWFwMmJiMiBgcjNjYzMhYXASYmIyIGByM2NjMyFhchJiYjIgYHIzY2MzIWFwEmJiMiBgcjNjYzMhYXISYmIyIGByM2NjMyFhcBJiYjIgYHIzYzMhYXISYmIyIGByM2NjMyFhcEbwU8RU4yBUsLxV1xB08FPEVOMgVLBWRnXHMGAfQFPEROMgVMBWVnXHMG+y8FPEROMgVMBWVnXHMGBDEFPEROMgVMBWVnXHMG+y8FPEROMgVMBWVnXHMGBPAFPEROMwVLC8Zccwb5vgU8RE4yBUwFZWdccwYEzywsKS/CZV358iwsKS9ZaWZcARYtKycxWmlmXS0rJzFaaWZdA9stKycxWmlmXS0rJzFaaWZd/hksLCgwwmhaLSsnMVpoZlwAAAgAKf5/B30F0wAHAA8AFwAfACYALgA1AD0AYkA7BAYMDhQWGx4hJCcqMDM2ORA/PigrLzKAvxABEBawGAEYHkAjIC8gATo3gCsyFh4gNzcgHhYyKwYMBAwALy8SFzkvLy8vLy8aEM1dEM0aEM1dEM1dGhDNEM0REgEXOTEwBQYGByM2NzMDNjY3MwYHIwEWFhcVJic1BSYmJzUWFxUBFwYHJzc2EwcmJzcXFhYFJzY3FwcGAzcWFwcnJiYEQhFGJGE1EYvRE0kfYTQSiwK8R8hB3YH7WkK/T92BBO5D6j9iBH6xQ5A3YBMjV/rsQ+FHYQSDqkOeKWATH1oxQr9P3YEEpkfIQdyC/iETSR9hNRGL0RFGJGE1EYsC3USYLmASTvsZRN5LYgQ6vDtEkjRgEk4E50TzNmIEMsEAAgDB/m0Gmgd3ABkAJwBlQDYnGiEgDAsNCwoHDhYDCRgEAQEZCQoZGiAFKSgXBA4AJw8gAQkDIEAkHQcAAxkSDCMOCUxZDhIAPysAGD8/PzPWMhrNX15dMhESOTkREgEXOREzETMzERczETMzETMRMxEzMTATMxEUAzMSASERIQMhEyMRND4ENyMBIQEGBiMiJiczFhYzMjY3wdsPCccCJAEVAQSi/vGt2gMDBQQDAQj9EP7qBBgS083Txg3XB1h0Z2UJBbb9Blr+xQE7A1T7G/2cAZMC8h1VXVxKLgH7agd3sJyXtWZVXF8AAgCo/nsFsAYlABIAIABnQDYKCQkLCB0eFxYPBQwMBxAEAAARBwgRFh4FIiEPBAwSHQ8WAQkDFhoTQAUSDxEVCiIMB0dZDBUAPysAGD8/PzMa3jLNX15dMhESOTkREgEXOREzETMzETMRMzMRMxEzETMzETMxMAERFAYHASERMwMjEyMRNDcBIRElIiYnMxYWMzI2NzMGBgGJAQ8CKwEf7YnohOIP/dX+4wIS1MQL1QdYdmNmCdoQ1ARS/dkRKvgDWvxk/cUBhQIvaMP8pgRSh5mzZlVbYK2fAAACAC8AAASeBbYAEgAbAE9AKhcIAAMQAxMTDAIIDA4EHRwDDg8OTFkADw8EEQQbTFkEBAwRAwwTTFkMEgA/KwAYPxI5LysREgA5GC8zKxEAMxESARc5ETMSFzkRMzEwASEVIRUzIAQVFAQhIREjNTM1MxEzMjY1NCYjIwGwAUD+wJ4BIgEu/tz+5P5jkpLvoqevpr6UBQzI4NrS2t4ERMiq+xFzfnVtAAACAAwAAAR3BhQAEgAaAFdALxMMAQQIAxgYEAwQAAUEHBsHEgASSVkEAAAIAggXSFkPCAELAwgIEAIAEBhIWRAVAD8rABg/EjkvX15dKxESADkYLzMrEQAzERIBFzkRMxIXOREzMTATMzUzFSEVIREhMhYVFAYjIREjATQmIyMRITIMnOsBUP6wAQvx6PDl/gacA39/e/4BA/UFKevrpP4ToKCrrQSF/M1TQv7HAAACAMEAAASRBbYADwAcAF1AMgMFBhMVFgYEFBgAEAoKCwAECxQEHh0VEAwFCwMGDAkWExwQEAlMWRAQDAsSDBxMWQwDAD8rABg/EjkvKxESADk5ERI5ORI5ERI5ERIBFzkRMxEzETMREhc5MTABFAYHFwcnBiMjESMRISAEATMyNyc3FzY1NCYjIwSRamRofYVge57vAa4BDwET/R+PNzJSg29UnaWqA/yCxjuNY7IY/d0FtuH+FwZuYZJBhH97AAACAKj+FASTBGYAFgAnAGFAOCUQEhQVICIjBhMhAwsbAwYGBwcQEyEEKSggIyIDHhcUBwsDEhUEAA0IDwcbDRdGWQ0QAB5GWQAWAD8rABg/KwAYPz8REhc5ETkREhc5ERIBFzkRMxEXMxESFzkRMzEwBSInIxcXESMRMxczNjMyEhEQBxcHJwYDIgYHFRQWMzI3JzcXNjU0JgLZ0nQOBwfrviMNbtnP56NogXc7hYp/BICRJxZuiWg+fRSXRGj+PQY+lKj+1P7x/r2Wi2WeFAO6oLgjyrUIjmaHWbO+uwABAC8AAAQrBbYADQA6QB4JAAQEBQIFBwwEDw4DBwgHTFkACAgKBRIKDUxZCgMAPysAGD8SOS8zKxEAMxESARc5ETMSOTkxMAEhFSERIxEjNTMRIRUhAbABnP5k75KSA2r9hQM3yP2RAm/IAn/NAAEACgAAA38EUgANADpAHgsCBgYHAAQHCQQPDgUJCglHWQIKCgwHFQwBRlkMDwA/KwAYPxI5LzMrEQAzERIBFzkRMxI5OTEwASERIRUhESMRIzUzESEDf/4KAVT+rOuUlALhA5H+6Lb+PQHDtgHZAAABAMH+AAUpBbYAHgBJQCgcDwkDAwQEBw8XBCAfCwBMWQ8LAQsDCwsEBRMZTFkTHAQSBQhMWQUDAD8rABg/PysREgA5GC9fXl0rERIBFzkRMxEzETMxMAEiBxEjESEVIRE2MzIEEhUUAgYjIiYnNRYzMjY1NCYCTj5g7wNw/X9qgMgBKJ+E+KNmgkV7iaSy+QJUDP24BbbN/jYMnf7Sz8r+2J8VGtUx5dnZ6gAAAQCo/goEQgRSABsAP0AiCBkUDg4PAw8SGQQdHBYLRlkWFhAPFRATRlkQDwAFRlkAGwA/KwAYPysAGD8SOS8rERIBFzkRMxEzETMxMAEiJzUWMzI2NTQmIyIHESMRIRUhETYzIAAREAICcY5ubXZ8hKGxOTrrAuX+BlY8AQMBGvf+CjjMObi1s70M/loEUsP+5Az+0/7t/vP+2AAAAQAA/m0HhQW2ABUAXEAyBwgPCg4LCQUREQQAEgIBFBUBCAoLEhUGFxYJEBMDBgUAAA8HBAEDEhUSDSMPCkxZDxIAPysAGD8/Mz8zMxI5ERczERIBFzkRMxEzETMzMxEzMxEzETMRMzEwAQEhAREzEQEhAQEzESMRIwERIxEBIQIv/eoBAAII4wIIAQD96gGV+ueD/enj/en+9gL0AsL9PALE/TwCxP0+/d39nAGTAuX9GwLl/RsAAAEAAv57BroEUgAVAFxAMgMECwYKBwUBDRIADQ4UExARBAYHDhETBhcWBQwPFQIFEhILAwATDw4RFQkiCwZHWQsVAD8rABg/PzM/MzMSOREXMxESARc5ETMRMxEzMzMRMzMRMxEzETMxMAEzEQEzAQEzESMRIwERIxEBIQEBMwECydsBqvj+TQFC5dl3/jrb/jv+/gHZ/k74AagEUv3nAhn96/55/cUBhQIx/c8CMf3PAj0CFf3nAP//AFj+KwSFBcsCJgGxAAAABwN/AXsAAP//AEj+KwPRBGYCJgHRAAAABwN/AR0AAAABAMH+bQWHBbYAEgBBQCQFAAQBDAgICQEJEAASBgYUEwwGBxIEBQ8KAwkSAyMFAExZBRIAPysAGD8/PzMSFzkREgEXOREzETMRMxEzMTAlMxEjESMBBxEjETMRNjcBIQAHBI3655j+NY3v72JhAYsBEP6BptH9nAGTApZz/d0Ftv1GeG8B0/4+vwABAKj+eQS4BFIADgBGQCQAAQgDBwQNAgoKCwEDBAsEEA8JDgICCAAMDwsVBiIIA0dZCBUAPysAGD8/PzMSOREzMxESARc5ETMRMzMRMxEzETMxMAEhAQEzESMRIwERIxEzEQNWAQL+NwFU1dlu/iLr6wRS/ev+ef3DAYcCMf3PBFL95wABAMEAAAUdBbYAEgBDQCQSDwMMAwQQEQEACwcHCAAECBEEFBMEDQ8MBRICBwgQCQMBCBIAPzM/MxIXORESARc5ETMRMxEzETMRMzMRMzMxMCEhAREjEQcRIxEzETcRMxUBIQEFHf7r/qaBfe/vfYEBUAEQ/dsB9P8AAZVm/d0Ftv1GlQFlzQGN/X8AAAEAqAAABH8EUgASAFFAKgQFCAcGAwoACgsSDg4PBQcLDwQUEwwJCwMPDQEAAwMSDRIGDwQQDwgPFQA/Mz8zEjkzMxIXORESFzkREgEXOREzETMRMzMRMzMRMxEzMTABETMVEyEBASEDFSMRJxEjETMRAfaJ1wEC/jcB8P7y8olj6+sCrgFIpAEA/ev9wwEbvwFgdf3PBFL95wABAC8AAAUdBbYAFgBLQCoBABMUCQwQAwQEBQAFBw4UAhYHGBcPBwgHTFkMCAgQAwIWBAUTCgMBBRIAPzM/MxIXOTkvMysRADMREgEXOREzEhc5ETMRMzEwISEBBxEjESM1MzUzFTMVIxE2NwEhAAcFHf7r/jWN75KS77S0YmEBiwEQ/oGmApZz/d0ETsudncv+rnhvAdP+Pr8AAQAMAAAEhwYUABYAUUAuDA0QDwEEBwkEExMUBg0PFA4RFgcYFw4REgkEFAwHFgAWSVkEAAAMAgAMDxAUFQA/Mz8/EjkvMysRADMREhc5ERIBFzkRMxIXOREzETMxMBMzNTMVIRUhEQczNwEhAQEhAQcRIxEjDJzpAV3+owoGgQFOARH+QwHX/u7+nYHpnAVmrq6j/k3IpgFk/iX9iQHjaP6FBMMAAAEACAAABbAFtgANAEBAIwMEBwYCCgoLBAUGCAsNBg8OCAUJAgQLAAMDBwsSAA1MWQADAD8rABg/Mz8REhc5ERIBFzkRMxEzETMRMzEwEyERASEBASEBBxEjESEIAjwCTQER/dsCM/7s/jWN8P60Bbb9RAK8/X/8ywKWc/3dBOcAAQAUAAAFOQRSAAwAQUAhBAMAAQsCBgYHAQMHCQQODQUMAgIHCgAPBAcVCglHWQoPAD8rABg/Mz8REjkRMzMREgEXOREzETMzETMRMzEwATMBASEBESMRITUhEQQZ+f42AfH+/P4h4f6fAkIEUv3r/cMCMf3PA5q4/ecAAAEAwf5tBikFtgAPAERAJAQBDQUFAAwICAkAAQkDERAMB0xZDAwFDgoDCRIDIwUATFkFEgA/KwAYPz8/MxI5LysREgEXOREzETMRMxEzETMxMCUzESMRIxEhESMRMxEhETMFQufn8P1e7+8CovDR/ZwBkwKT/W0Ftv2qAlYAAAEAqP57BVwEUgAPAERAJAkGAgoKBQENDQ4FBg4DERABDEdZAQEKAw8PDhUIIgoFR1kKFQA/KwAYPz8/MxI5LysREgEXOREzETMRMxEzETMxMAERIREzETMRIxEjESERIxEBkwIJ69Xd4/336wRS/kQBvPxk/cUBhQHd/iMEUgAAAQDBAAAGjQW2AA0AP0AhCwMDAgoGBgcAAgcDDw4KBUxZCgoHDAgDAwcSDAFMWQwDAD8rABg/Mz8REjkvKxESARc5ETMRMxEzETMxMAEhESMRIREjETMRIREhBo3+tfD9Xu/vAqICOwTn+xkCk/1tBbb9qgJWAAEAqAAABecEUgANAD9AIQIICAcBCwsMBQcMAw8OAQpHWQEBDAMNDwgMFQMGR1kDDwA/KwAYPzM/ERI5LysREgEXOREzETMRMxEzMTABESERIRUhESMRIREjEQGTAgkCS/6g6/336wRS/kQBvLj8ZgHd/iMEUgABAMH+AAhaBbYAIABNQCoTBhoAGR0eBg4ZHgQiIQIWTFkPAgELAwICHh8KEExZChwaHhIfHExZHwMAPysAGD8zPysREgA5GC9fXl0rERIBFzkRMxEzMxEzMTABNjMyBBIVFAIGIyImJzUWMzI2NTQmIyIHESMRIREjESEE9mSJvwEemof2oFqGTYGDnrbl32ZI8P2q7wQ1Ax0Onf7U08r+1psUHdMv6tLa5xD9vgTn+xkFtgABAKj+Cga+BFIAHwBDQCQMABoTEhYXAAcSFwQhIBwPRlkcHBgTFxUYFUdZGA8ECUZZBBsAPysAGD8rABg/MxI5LysREgEXOREzETMzETMxMCUUBgYjIic1FjMyNjU0JiMiBxEjESERIxEhETYzMhYSBr5ry4qGbGZzdHyaqCke7v416wOkNDqd6X4/s/6EOM47urOzvQr+WAOY/GgEUv4jCof+/AAAAgB5/6wF7gXNACoANgBtQDs0DCUrADElHRIABxIYJQU4NzQiLiADDCgOKC5LWQAoECgCCQMoKA4VCgVMWQoOQBUbTFkVBA4gTFkOEwA/KwAYPysAGhgQzCsREgA5GC9fXl0rERIAOTkREjk5ERIBFzkRMxEzETMSOTkxMAEUAgcWMzI3FQYjIicGIyIkAjUQACEyFhcHJiMgERASMzI3JgI1NDYzMhYHNCYjIgYVFBYXNjYFw3tvPUpOQDxor5Nmks3+1J4BSQE6OIQtPVRY/nXhzyYbRlfGt7fK5E9KSlRMO05iAqak/uVcGBbEGWIisQFL4QF8AYgWEcEd/dH+//7mCVIBC5Lq8/3yk6Cgj4jTQTjdAAACAGb/vgTlBGYACAAyAHlAJwsCIwUpACMcEREWIykwBTQzLAsmDQIhBx8mB0hZACYQJiAmAxADJrj/wEAaCQxIJiYNFAkuSFkJDUAUGUZZFBANH0ZZDRYAPysAGD8rABoYEMwrERIAORgvK19eXSsREgA5ORESOTkREgEXOREzETMRMxI5OTEwARQXNjY1NCMiASInBiMiJgI1EAAzMhcHJiMiBhUUFjMyNyY1NDYzMhYVFAYHFjMyNxUGAxJpOUZxdwFGkYFsdpjofgEE8GZXNEhDhX2IjDQQaqyZlqhhVig3QDY3AfaiYiOFXrb9EFIkiwEDpwETATIetxW9zq7BCIq+q7m8qnvEOhAOrhMA//8Aef4rBM8FywImACYAAAAHA38CLwAA//8AZv4rA7QEZgImAEYAAAAHA38BkQAAAAEAHf5tBGgFtgALADRAGwEEAAUEBQcKBA0MAyMLBwgHTFkIAwUATFkFEgA/KwAYPysRADMYPxESARc5ETMRMzEwJTMRIxEjESE1IRUhArro6O/+UgRL/lLR/ZwBkwTnz88AAQAr/nsD5wRSAAsANEAbAwYCBwAGBwkEDQwFIgEJCglHWQoPBwJHWQcVAD8rABg/KxEAMxg/ERIBFzkRMxEzMTABIREzESMRIxEhNSED5/6Y09vk/pgDvAOa/Rz9xQGFA5q4//8AAAAABLwFtgIGADwAAAABAAD+FARMBFIADQAvQBcMDQUECAEBAgIEDQMPDggAAxUMBA8CGwA/PzM/MzMREgEXOREzEjkRMxEzMTAFESMRATMTFhczNjcTMwKc7P5Q/s0nLwotKc/8Av4WAeoEVP3TZ8S8bwItAAEAAAAABLwFtgAQAEhAJgADDgMICAkBAhAPAgYJCw8FEhEHCwwLTFkEDAwDDgAACQEPAwkSAD8/MxI5ETMzOS8zKxEAMxESARc5ETMRMxEzEhc5MTABASEBFSEVIREjESE1ITUBIQJeAVoBBP4ZATX+y/D+ywE1/hsBBAMbApv8gTHN/scBOc0pA4cAAQAA/hQETARSABMAQEAiEhMLCgAJDgMDAwYBBggKEwUVFAUbAwcIB0hZDgAIFRIKDwA/Mz8zMysRADMYPxESARc5ETMSFzkRMxEzMTAhIRUhESMRITUhATMTFhczNjcTMwKeARr+5Oz+4wEb/lL+2ychCiEr2fyy/sYBOrIEUv2sbJiEegJaAAEABP5tBU4FtgAPAEZAJwUABAENDgsKBwgAAQYICgwOBxEQDAYPCQQIDQoDCBIDIwUATFkFEgA/KwAYPz8/MxIXORESARc5ETMRMxEzETMRMzEwJTMRIxEjAQEhAQEhAQEhAQRq5OaF/pL+j/8AAeX+OgEKAVIBUgEC/jfR/ZwBkwJW/aoC9gLA/dcCKf08AAEAGf55BJwEUgAPAEZAJw8KDgsHCAUEAQIAAgQGCAoLBxEQBgADCQQCBwQPAhUNIg8KR1kPFQA/KwAYPz8/MxIXORESARc5ETMRMxEzETMRMzEwAQEhAQEhExMhAQEzESMRIwIz/vD+9gGF/o0BDPz+AQr+jAEKy9t9AZ7+YgI1Ah3+fQGD/eP+gf3DAYcAAAEAHf5tBvgFtgAPAEBAIgQBDQAMBQABBQcKBREQDgMDIwsHCAdMWQgDAAwFDExZBRIAPysRADMYPysRADMYPz8REgEXOREzETMRMzEwJTMRIxEhESE1IRUhESERMwYM7Oj7mP51BDX+RgKF79H9nAGTBOfPz/vmBOkAAQAr/nsF5wRSAA8AQEAiAgsGAwkICAMACw0FEBEEDwkiAQ0ODUdZDg8GAgsCR1kLFQA/KxEAMxg/KxEAMxg/PxESARc5ETMRMxEzMTABIREhETMRMxEjESERITUhA3/+uAHu69fd/EL+3wNUA5r9IAOY/GT9xQGFA5q4AAEAi/5tBdcFtgAXAEpAJgQBBRYWFw4NAQ0XAxkYFQ0SBg4JCRJMWQkJBRYNAwMjBQBMWQUSAD8rABg/PzMSOS8rERIAORESORESARc5ETMRMxEzETMxMCUzESMRIxEGBiMiJjURMxEUFjMyNjcRMwTw5+fwh9Nrz+HwcYFftIDw0f2cAZMCSDAqw7MCUv3mcnAjKwKuAAEAi/55BTkEUgAWAEhAJQ0KBg4OCQAWCQoWAxgXBgMPEhYSA0hZEhIOBxYPDCIOCUdZDhUAPysAGD8/MxI5LysREgA5EjkREgEXOREzETMRMxEzMTABERQzMjY3ETMRMxEjESMRBgYjIiY1EQF3sFWiXevT2+NhtWutwgRS/myqLzQB2/xk/cMBhwHVPDmzoQGeAAABAIsAAATwBbYAFwBlQDkOEhIRCwoWFhcGAwMRFwMZGAAKEApQCnAKgAqQCgYJAwoXFxITFQAMDgoDBAkACUxZAAASDwQDEhIAPz8zEjkvKxESABc5ETk5EjkYLy9fXl0REgEXOREzETMSOTkRMxEzMTABIiY1ETMRFBYzETMRNjcRMxEjEQYHESMCc/T08HiAgXKa8PCacoEB7ri+AlL95nZsAVL+tw02ArD6SgJGOBT+xwABAIsAAAReBFIAGABfQDIPExMSDAsXFxgHBgYSGAMaGRgYEwIPCx8LAhMDCw0PCwMKFBYGAgIKSFkCAhMQBg8TFQA/PzMSOS8rERIAOTkRFzkYL19eXRESOS8REgEXOREzETMSOTkRMxEzMTABByMiJjURMxEUMxEzETY3ETMRIxEGBxUjAicXGqnC7LB7YXDr63hZewFiArGjAZ7+bKoBF/72FUEB2/uuAdVJFfYAAAEAwQAABSUFtgATADhAGwoJAhISExMJFRQRDgITBQUOTFkFBRMAAwoTEgA/Mz8ROS8rERIAORE5ERIBOTkRMxEzETMxMBMzETY2MzIWFREjETQmIyIGBxEjwe+S1V7Q4PBwgVWuke8Ftv23MirGs/2wAhtwcSAw/VQAAQCoAAAEgwRSABEAOEAbABELBwcIEQgTEgYDCwgNDQNHWQ0NCAkPAAgVAD8zPxI5LysREgA5ETkREgE5OREzETMRMzEwIRE0IyIGBxEjETMRNjMyFhURA5axUpNt6+u3yLDBAZijJzn+JQRS/il1s6H+ZAACAB//7AaYBc0AHQAkAFxAMCIaIRsbEwkQCwMJCxoEJiUPDQEOAw0hQAkTGyEhG0xZISEGFhYeTFkWBAYATFkGEwA/KwAYPysREgA5GC8rERIAOTkaGBDMX15dERIBFzkRMxEzMxEzETMxMCUyJDcVBiEgAAMgNTQ3MwYVFDMzEgAhIAARFSEWFhMiBgchNCYERHkBEnXf/tL+xP6VGf6oJ74YaCcjAVYBIAE/AUX72Q3mrrfaDgMpwbg/NtloAVsBQvhdSTg7YAEwAUn+f/6DRt/yBEjeztzQAAIAGf/sBR8EZgAdACQAaEA5IgchCAgAFBsWBw0UFgQmJQ8YHxgCDgMYIUAUAAghIQhIWQwhHCECEAMhIREDAx5IWQMQEQpHWREWAD8rABg/KxESADkYL19eXSsREgA5ORoYEMxfXl0REgEXOREzETMzETMRMzEwATYkMzIAFRUhEiEyNjcVBgYjIgAnJDU0NzMGFRQzASIGByE0JgFIKwEAyuEBAf0SCgE2Z6hnVrVv+f7bDf7XIK4WZAIIcokNAgCBAp7g6P7053/+siMtvykiAQ/5At9SOypAWgEWi4uEkgACAB/+bQaYBc0AIQAoAGZANh8AJhUlFhYOAwsGAAMGFRwFKikPCAEOAwglQAMOFiUlFkxZJSUfESEjESJMWREEHxlMWQAfEwA/MysAGD8rABg/ERI5LysREgA5ORoYEMxfXl0REgEXOREzETMzETMRMxEzMTAFJAADIiY1NDczBhUUMzMSACEgABEVIRYWMzIkNxUGBxEjEyIGByE0JgOu/wD+3RSosCe+GGgnHwFcAR4BPwFF+9kN5uB5ARJ1vPLoZLfaDgMpwQojAVUBG3x8XUk4O2ABLAFN/n/+g0bf8j822VcN/n0Gk97O3NAAAgAZ/nsFHwRmAB8AJgBxQD4dACQUIxUVDQMKBQADBRQEKCcPCB8IAg4DCCNAAw0VIyMVSFkMIxwjAhADIyMdEB8iECBIWRAQHRdHWQAdFgA/MysAGD8rABg/ERI5L19eXSsREgA5ORoYEMxfXl0REgEXOREzETMzETMRMxEzMTAFJgInJDU0NzMGFRQzMzYkMzIAFRUhEiEyNjcVBgcRIxMiBgchNCYC2b3QCv7XIK4WZBMrAQDK4QEB/RIKATZnqGeCsdtkcokNAgCBBiQBBdEC31I7KkBa4Oj+9Od//rIjLb8/CP6LBTmLi4SS//8ASgAAApgFtgIGACwAAP//AAAAAAcjB3cCJgGwAAABBwI2AUIBUgAIswESBSYAKzX//wACAAAGbQYlAiYB0AAAAQcCNgDpAAAACLMBEhEmACs1AAEAwf4ABWIFtgAfAEVAJQkKHRADBwsDBAQKEBgEISAHDAwAS1kMDAQFFBpMWRQcCQUDBBIAPz8zPysREgA5GC8rEQAzERIBFzkRFzMRMxEzMTABIgcRIxEzETcBIQEzMgQSFRQCBiMiJic1FjMyNjU0JAKDYXLv77QBngES/aIP0AEqo4n6pFiEUYGMo7X/AAJKHf3TBbb9Pt0B5f1Sj/7kzMv+1pwTHtMv6tLU5QAAAQCo/goEiwRSABoAQkAjFhcMABgVERESAAcSFwQcGxgORlkVGBgSFhMPEhUECUZZBBsAPysAGD8/MxI5LzMrERIBFzkRMxEzMxEzETMxMCUUAgYjIic1FjMyNjUQISIHESMRMxEBIQEWAASLdNSNiWpvbHyM/qhYZenpAcsBCP4v8wEFP7H/AIQ4zDu8sAFrHf5zBFL+BgH6/hYC/t8AAAEACP5tBg4FtgAVAERAJAMCBAIBBQAHFAABDRQEFxYDIwUATFkFEhQHTFkUAwsQTFkLEwA/KwAYPysAGD8rABg/ERIBFzkRMxEzETMzETMxMCUhAyETIxEhAgIGJyInNRYzMjYSEyEFCgEEof7xrO/+YE9frI5JQjk2SFFhQwNW0f2cAZME6f2A/jK1AxnHGa0CUAIJAAEACP57BSEEUgAUAERAJAMCBAIBBhQHEwENExQEFhUDIgUAR1kFFRMHR1kTDwsQRlkLFgA/KwAYPysAGD8rABg/ERIBFzkRMxEzETMzETMxMCUzAyMTIxEhAgIGIyInNRYzMhITIQQz7onog+v+zxxfmHtSLyUlYXYjAue2/cUBhQOY/pz+cbUUug4BqgH4AAEAwf4ABUIFtgAWAD1AIBQMDAATDw8QAAcQAxgXEw5MWRMTEBURAxASAwlMWQMcAD8rABg/PzMSOS8rERIBFzkRMxEzETMRMzEwJRAAIyImJzUWMzI2NREhESMRMxEhETMFQv7f/mODR4GPpKj9Xu/vAqLwd/7Z/rAVGtMv3NYCDv1tBbb9qgJWAAEAqP4KBIcEUgAWAD1AIBEJCRQQDAwNBA0UAxgXEAtHWRAQDRIODw0VAAZGWQAbAD8rABg/PzMSOS8rERIBFzkRMxEzETMRMzEwASImJzUWMzI2NxEhESMRMxEhETMRFAICx0xwNm1udnIC/fnr6wIH7en+ChsdzjusrgGu/iMEUv5EAbz70//+5AAAAQDB/m0GRgW2AA8ASUAnDQUDAgQBBQAMCAgJAAECCQQREAwHTFkMDAUOCgMJEgMjBQBMWQUSAD8rABg/Pz8zEjkvKxESARc5ETMRMxEzETMRMxEzMTAlIQMhEyMRIREjETMRIREzBUIBBKL+8qzw/V7v7wKi8NH9nAGTApP9bQW2/aoCVgABAKj+ewV1BFIADwBJQCcIBwIKCgUJBgENDQ4FBgcOBBEQAQxHWQEBCgMPDw4VCCIKBUdZChUAPysAGD8/PzMSOS8rERIBFzkRMxEzETMRMxEzETMxMAERIREzETMDIxMjESERIxEBkwIJ6+6J6IPr/ffrBFL+RAG8/GT9xQGFAd3+IwRSAAEAi/5tBPAFtgAXAEhAJQMCFQUFAA8MAAIMAxkYBgkVDRIJEkxZCQkBFg0DAyMBBExZARIAPysAGD8/MxI5LysREgA5ETkREgEXOREzETMRMxEzMTAhIxEjETMRBgYjIiY1ETMRFBYzMjY3ETME8NXozYfTa8/h8HGBX7SA8P5tAmQBdzAqw7MCUv3mcnAjKwKuAAABAIv+eQRmBFIAFgBIQCUGDg4JDAsBFQkLFQMYFwYDDxYSEgNIWRISCgcWDwwiCg1HWQoVAD8rABg/PzMSOS8rERIAORE5ERIBFzkRMxEzETMRMzEwAREUMzI2NxEzESMRIxEzEQYGIyImNREBd7BVol3rzN6/YbVrrcIEUv5sqi80Adv7rv55Aj0BHzw5s6EBngAAAQDB/m0HpAW2ABgAVUAuEA8RDw4ACRgDCgsSFgMNCAIFBQYGCg0OBBoZAhYJAxILBwMQIwAGEhINTFkSEgA/KxEAMzMYPz8zEhc5ERIBFzkRMxEzMxEXMxEXMxEzMxEzMTAhASMSFREjESEBMwEhESEDIRMjETQ2NyMBAzn+WAgR2QFRAZYIAaABUgECoP7wruYDDAj+SQTF/rlZ/NsFtvt1BIv7G/2cAZMDMTJ46Ps9AAEAqP57BpYEUgAbAFFAKgkICAoHERAABAsLBhgVFRYABgcWBB0cFAwAAxYEFw8JIhEWCwsGR1kLFQA/KxEAMzMYPz8zEhc5ERIBFzkRMxEzETMRMxEzMxEzMxEzMTAlNzY3EyERMwMjEyMRBwYHAyMDJicRIxEhExYWAyMNKR74ATnuiueD2RItH/Ky8jIq1wE39Bcl4TCVUAJc/GT9xQGFA308oUz9rAJYgqP8gwRS/ag6fAD//wBKAAACmAW2AgYALAAA//8AAAAABUoHdwImACQAAAEHAjYAVgFSAAizAhAFJgArNf//AFr/7AQEBiUCJgBEAAABBgI2CAAACLMCJxEmACs1//8AAAAABUoHPgImACQAAAEHAGoASgFSAAq0AwIlBSYAKzU1//8AWv/sBAQF7AImAEQAAAEGAGr3AAAKtAMCPBEmACs1Nf////4AAAbTBbYCBgCIAAD//wBa/+wGuARmAgYAqAAA//8AsAAABAYHdwImACgAAAEHAjYADgFSAAizAQwFJgArNf//AGb/7AQ5BiUCJgBIAAABBgI2FAAACLMCHBEmACs1AAIAi//sBbQFzQASABkAPUAgFhAQCRcPAgkPAxsaDxdMWQ8PDAYGAExZBgQME0xZDBMAPysAGD8rERIAORgvKxESARc5ETMRMxEzMTABIgU1NjYzIAAREAAhIBE1ISYmAzI2NyEUFgLl9/7zgvWRAVEBev6c/sD9ewQtD+6ruOEN/NHABQB31T0y/m/+nf6f/nQC+0jo6fu438vczgAAAgBg/+wEPQRmABMAGgA9QCAXCwsDGAoDChADHBsKGEhZCgoGAAAOR1kAEAYUSFkGFgA/KwAYPysREgA5GC8rERIBFzkRMxEzETMxMAEgABEQACMiADU1ISYmIyIHNTY2EzI2NyEUFgISAQQBJ/7w6+H+/wLuBaOYvblVr6ZxjAv+AIAEZv7W/vX+8P7LAQvof6enUsEnJPw4jIqFkf//AIv/7AW0Bz4CJgLhAAABBwBqAMEBUgAKtAMCLwUmACs1Nf//AGD/7AQ9BewCJgLiAAABBgBq9QAACrQDAjARJgArNTX//wAAAAAHIwc+AiYBsAAAAQcAagEzAVIACrQCAScFJgArNTX//wACAAAGbQXsAiYB0AAAAQcAagDZAAAACrQCAScRJgArNTX//wBY/+wEhQc+AiYBsQAAAQcAagAOAVIACrQCATsFJgArNTX//wBI/+wD0QXsAiYB0QAAAQYAarEAAAq0AgE5ESYAKzU1AAEAQv/sBFAFtgAXAEhAJgEFFAkGAAACBQkOBRkYAAYGF0tZBgYMBQIDAwJMWQMDDBJLWQwTAD8rABg/KxESADkSORgvKxEAMxESARc5ETMRMxEzMTABASE1IRUBBAQVFAQhICc1FhYzIBE0ISMBKQGq/ZwDof4pAQcBEP7D/uH++61j4mcBbv5QgwNMAZ3Nqv4+CtrA0OpP0S4yAQLsAAABACn+FAP+BFIAGQBIQCYWCQEFBgAAAgUJEAUbGgAGBhlIWQYGDQUCAwMCR1kDDw0TRlkNGwA/KwAYPysREgA5EjkYLysRADMREgEXOREzETMRMzEwAQEhNSEVARYEFRQGBCMiJzUWFjMyNjUQISMBAAGu/Z4Df/5B7wEDjP77rPSkXtVeo7P+aXkB2QG/uqD+MRT90JTheUzPLC6kjQEtAP//AMEAAAWYBtkCJgGyAAABBwFNAMcBUgAIswEUBSYAKzX//wCoAAAEwwWHAiYB0gAAAQYBTVIAAAizARIRJgArNf//AMEAAAWYBz4CJgGyAAABBwBqAM0BUgAKtAIBJgUmACs1Nf//AKgAAATDBewCJgHSAAABBgBqWAAACrQCASQRJgArNTX//wB5/+wF0wc+AiYAMgAAAQcAagDJAVIACrQDAi0FJgArNTX//wBm/+wEfQXsAiYAUgAAAQYAahQAAAq0AwIrESYAKzU1AAMAef/sBdMFzQALABIAGQA/QCAXDw8AFhAQBgYAGxoWEExZFhYDCQkTTFkJBAMMTFkDEwA/KwAYPysREgA5GC8rERIBOTkRMxEzETMRMzEwARAAISAAERAAISAAATI2NyEWFhMiBgchJiYF0/6b/rn+tf6dAWUBSwFGAWT9VMPaEfyiD93GvdwXA1gV1gLd/pv+dAGJAWoBagGE/nb8defm4+oESNjY1dsAAwBm/+wEfQRmAAwAEwAaAD9AIBgQEAAXEREHBwAcGxcRSFkXFwMKChRGWQoQAw1GWQMWAD8rABg/KxESADkYLysREgE5OREzETMRMxEzMTABEAAjIiYCNRAAMzIAATI2NyEWFhMiBgchJiYEff7q+JvugAEU+/ABGP32g4UM/dMMiIOBhg4CKw+HAiv+8f7QjAEGrQENAS7+y/17l5iYlwL6j4yNjgD//wB5/+wF0wc+AiYCfgAAAQcAagDLAVIACrQEAy8FJgArNTX//wBm/+wEfQXsAiYCfwAAAQYAahIAAAq0BAMwESYAKzU1//8AQv/sBLAHPgImAccAAAEHAGoABgFSAAq0AgEvBSYAKzU1//8AQv/sA5wF7AImAecAAAEGAGqSAAAKtAIBLhEmACs1Nf//AAz/7AUZBtkCJgG9AAABBwFNAC8BUgAIswEaBSYAKzX//wAA/hQESgWHAiYAXAAAAQYBTcYAAAizARgRJgArNf//AAz/7AUZBz4CJgG9AAABBwBqADUBUgAKtAIBLAUmACs1Nf//AAD+FARKBewCJgBcAAABBgBqygAACrQCASoRJgArNTX//wAM/+wFGQdzAiYBvQAAAQcBUwCiAVIACrQCASkFJgArNTX//wAA/hQESgYhAiYAXAAAAQYBUysAAAq0AgEnESYAKzU1//8AiwAABPAHPgImAcEAAAEHAGoAYAFSAAq0AgEpBSYAKzU1//8AiwAABGYF7AImAeEAAAEGAGodAAAKtAIBKBEmACs1NQABAMH+bQQtBbYACQAvQBgECQYHAQcJAwoLByMAA0xZAAMJBExZCRIAPysAGD8rABg/ERIBFzkRMxEzMTATIRUhETMRIxEjwQNs/YPm5u8Fts376P2cAZMAAQCo/nsDcwRSAAkAL0AYBAkGBwEHCQMKCwciAANHWQAPCQRHWQkVAD8rABg/KwAYPxESARc5ETMRMzEwEyEVIREzESMRI6gCy/4g09vjBFK4/Rz9xQGF//8AwQAABkgHPgImAcUAAAEHAGoBJwFSAAq0BAMtBSYAKzU1//8AqAAABdMF7AImAeUAAAEHAGoA3wAAAAq0BAMtESYAKzU1//8AL/5EBCsFtgImApsAAAAHA4AAvgAA//8ACv5EA38EUgImApwAAAAHA4EAmAAA//8ABP5EBT4FtgAmADsAAAAHA4ADcQAA//8AGf5EBKAEUgAmAFsAAAAHA4EC0wAAAAEAAgAABPYFtgARAElAKQwLBQYDAg4PAgYJCw0EDxEBBxAKDBMSDQoRABFMWQQHAAAPBQIDDA8SAD8zPzMSOS8zMysRADMzERIBFzkRMxEzETMRMzEwEyEBIQEBIQEhFSEBIQEBIQEhdwEv/n0BCgFSAVIBAv59ATH+xwGu/u3+kv6P/v4Bpv7PA14CWP3VAiv9qMv9bQJW/aoCkwAAAQAZAAAETgRSABEARUAlDAsFBgMCDg8CBAYJCw0PEQgTEg0KEQARSFkEBwAADwUCDwwPFQA/Mz8zEjkvMzMrEQAzMxESARc5ETMRMxEzETMxMBMzASETEyEBMxUjASEBASEBI231/skBDPz+AQr+x/r4AUr+9v7v/vD+9gFH8wKPAcP+fQGD/j20/iUBnv5iAdsAAAIAbwAABEwFtgAKABMAMkAZChMTAg8GBgIVFAkMTFkJCQMAAwMSTFkDEgA/KwAYPxI5LysREgE5OREzETMRMzEwATMRISAkNTQkITMVIyIGFRQWMzMDXPD+XP7m/uEBLAEhoIXIq6mvoAW2+krd2dPbyG54fXAA//8AZv/sBFQGFAIGAEcAAAACAG//7AaYBbYAGAAiAFJAKQ8QFwoHIiIKHQMDEAoDJCMXAAgQECMIBhpMWQYGIwgDDB8AH0xZFAATAD8yKxEAMxg/EjkvKxESADkYLxESORESARc5ETMRMxEzEjkRMzEwBSImNTQkITMRMxEWMzI1ETMRFAYjIiYnBhEjIgYVFDMyNjUCP+bqASsBFoHwBMLD7uLRc68rZ266pexqdxLg1NnpAlL7t7fgAbr+I7nOU0iZAqx6gOpfUwACAGb/7AaoBhQAHwArAFJAKxUWHQ4jCQwMDikDAw4WAy0sCR0GFRUABgwABidGWQYQGhFGWQAgRlkaABYAPzIrKwAYPysAGD8REjkvETk5ERIBFzkRMxEzETMzEjkRMzEwBSICERASMzIXMyY1ETMRFBYzMjY1ETMRFAYjIiYnBgYnMjY3NTQmIyIRFBYCROb44cnRbQwQ615pZlrs1dN5m0A6vGiGfgJ/ifR2FAEpARIBDgExoXBMAZP7eXdmdnwBGv6/xMlHYVBavqG5IdKv/n29vAAAAQAz/+wGjwXLACkAUEAqBhIgISgZAQ0SFhkhBisqICAlDxUBAgIBS1kCAioPDwlLWQ8EJRxMWSUTAD8rABg/KxESADkYLysREgA5ERI5GC8REgEXOREzETMRMzEwASM1MzI2NTQmIyIGByc2ITIEFRQGBxUWFhcWFjMyNjURMxEUBiMiJic0AY26trfAhXdZpVx3yQEU3AEEq5mutgICYGdpYOvf1djiAgKWtH90YWgzPaGUv6aLuh8IF66VfmxwfAGu/ivEy9vR/gAAAQBE/+wGEARmACYAUEAqFB8EBQslBQ8ZHyIlBignBAQIHCEPEBAPSFkQECccHBZHWRwQCABGWQgWAD8rABg/KxESADkYLysREgA5ERI5GC8REgEXOREzETMRMzEwJTI2NREzERAhIiYnJiYjIzUzMjY1NCMiByc2NjMyFhUUBxUWFhcWBGZlXOn+WM3hAgOUiZSBlo3Rp6NJX8B6wOTJan0DBLB2fAEa/r/+caKXZ1uxR0qHSK8qJZyIuzkIFHVlqAABADP+bQUhBcsAIgBKQCgXAA0IDAkABAgJEx0GJCMDEhMTEktZExMNIAsjIBpLWSAEDQhMWQ0SAD8rABg/KwAYPxESOS8rERIAORESARc5ETMRMxEzMTABFAYHFRYWFRUzESMRIxE0JiMjNTMyNjU0JiMiByc2NjMyBAQSq6K0vOzm8fXxkcPCz41/vLV3Y/6P5QEKBGaJuSIGF7GS0f2cAZMBooJytH12YGlwoUhMwQAAAQBO/nsEngRmAB8ASkAoGBUZFAMNCA0QFBUeBiEgDx4fHx5IWR8fGQoXIgoFR1kKEBkUR1kZFQA/KwAYPysAGD8REjkvKxESADkREgEXOREzETMRMzEwATI2NTQjIgcnNjMyFhUUBxUWFhUVMxEjESMRNCYjIzUBmKGY4bagTL3rxevPfnLX2+CYn54CmEdKh0ivT52HuzkKIYNpgf3FAYUBOVhWsQAAAQAI/+kHWgW2ACEAQ0AjCAkRABIhAAkaIQQjIggIGCEhEkxZIQMNBExZDRMYHUxZGBMAPysAGD8rABg/KxESADkYLxESARc5ETMRMxEzMTABERQWMzI2NREzERQGIyImNREhBwICBgYjIic1FjMyNhITBOVfZmZf697S193+hR0vRlqPbUlCOTZIU2Y8Bbb7x2lecnoBrv4rws3HxgNw3/6M/nrIXxnHGbMCdwHcAAABAAj/7AaFBFIAHQBDQCMHCA4AEBwACBccBB8eBwcUHBwQR1kcDwsDRlkLFhQZRlkUFgA/KwAYPysAGD8rERIAORgvERIBFzkRMxEzETMxMAEUFjMyNjURMxEQISImNREhAgIGIyInNRYzMhITIQQdW2dgXen+XNXb/uYcX5h7Ui8lJWF2IwLRAX1pZHZ8ARr+v/5xx8YCH/6c/nG1FLoOAaoB+AAAAQDB/+wHgwW2ABgAS0AmFBUKAgINCQUFBgYNFQMaGRQUBgcJBExZCQkGCwcDBhIAEExZABMAPysAGD8/MxI5LysREgA5GC8REgEXOREzETMRMxEzETMxMAUgAxEhESMRMxEhETMRFBYzMjY1ETMRFAYF1/5WBP2H7+8CefBaZGZb69wUAY0BGv1tBbb9qgJW+8tqYXJ6Aa7+K8PMAAABAKj/7AbVBFIAGABLQCYCExMFDA0BFhYXBQ0XAxoZDAwXGAEVR1kBARcDGA8XFRAIRlkQFgA/KwAYPz8zEjkvKxESADkYLxESARc5ETMRMxEzETMRMzEwAREhETMRFBYzMjY1ETMRECEiJic1IREjEQGTAfLsXmReW+n+XtPZAv4O6wRS/kQBvP0raWR2fAEa/r/+ccrDZP4jBFIAAAEAef/sBcUFywAbADpAHxoBEwcAAQcNBB0cABtMWQAABAsLEExZCwQEFkxZBBMAPysAGD8rERIAORgvKxESARc5ETMRMzEwASEVECEgABE0EiQzIBcHJiMiAhEQEjMyNjU1IQNOAnf9f/6r/oqxAVHnAQjPVsjH5P324bnG/oUDEmj9QgGOAWPlAVO2Y8Zc/t/+/P74/uXIwAgAAAEAZv/sBNEEZgAbADpAHxoBFAgAAQgNBB0cABtHWQAABQsLEUZZCxAFF0dZBRYAPysAGD8rERIAORgvKxESARc5ETMRMzEwASEVEAAhIAAREAAhMhcHJiYjIgYVFBYzMjY1IQKkAi3+7P7x/un+zwFHASTis0tKtU25vqqolqH+wwJqT/7p/ugBKQEQARUBLFK2IijEwbnCioAAAAEAHf/sBSsFtgAVADlAHQcIAA8IDxEUBBcWBwcMEhUREhFMWRIDDANMWQwTAD8rABg/KxEAMxESORgvERIBFzkRMxEzMTABFBYzMjY1ETMRFAYjIiY1ESE1IRUhArJjZGRg7uPP19/+WgRF/lABgWphc3kBrv4rxMvIxQNuz88AAQAr/+wE5QRSABQAOUAdEBEKAwMFCBEEFhUQEAAGCQUGBUdZBg8ADUZZABYAPysAGD8rEQAzERI5GC8REgEXOREzETMxMAUiJjURITUhFSERFBYzMjURMxEUBgM/093+nAO0/pxeZr3p0xTIxQIhuLj95Wpl8gEa/r/FygAAAQBi/+wEkwXLACYAQ0AkDgAWIAAHERsgIwYoJyQTEBATS1kQEB0EBAtMWQQEHRhMWR0TAD8rABg/KxESADkYLysREgA5ERIBFzkRMxEzMTATNDY2MzIWFwcmJiMiBhUUITMVIyIGFRQhIDcVBiEgJDU0Njc1JiaPfu2cmvJxcmK/ZomSAaqqruXqAWgBCcS4/t3+6f7JzLultQReaqZdRkyuPzhlYOfAenbyXtlN5MaTvRQIGrUAAAEAVP/sA9UEZgAhAENAJB4UBA4BCA4RFBkGIyISAiEhAkhZISELFxccR1kXEAsGR1kLFgA/KwAYPysREgA5GC8rERIAORESARc5ETMRMzEwARUjIBUUITI3FQYjIiQ1NDY3NSY1NDYzMhcHJiMiFRQWMwMInv7TARPHvJj18v8Ae4XR89Las0ilnu6RmAKYsaiZVsVLqZppgyALNsiHm0+vSIVMR///AAj+RAXmBbYAJgG1AAAABwOABBkAAP//AAj+RAURBFIAJgHVAAAABwOBA0QAAP//AAD+eQVKBbwCJgAkAAAABwJnBRcAAP//AFr+eQQEBGYCJgBEAAAABwJnBKAAAP//AAAAAAVKB+wCJgAkAAABBwJmBQ4BUgAIswIUBSYAKzX//wBa/+wEBAaaAiYARAAAAQcCZgS4AAAACLMCKxEmACs1//8AAAAABUoH0QImACQAAAEHA3cFAgFSAAq0AwIWBSYAKzU1//8AWv/sBKAGfwImAEQAAAEHA3cErAAAAAq0AwItESYAKzU1//8AAAAABUoH0QImACQAAAEHA3gE/gFSAAq0AwIdBSYAKzU1//8AAP/sBAQGfwImAEQAAAEHA3gErAAAAAq0AwI0ESYAKzU1//8AAAAABUoISgImACQAAAEHA3kE/AFSAAq0AwIWBSYAKzU1//8AWv/sBF4G+AImAEQAAAEHA3kEsgAAAAq0AwItESYAKzU1//8AAAAABUoIYgImACQAAAEHA3oFAAFSAAq0AwIuBSYAKzU1//8AWv/sBAQHEAImAEQAAAEHA3oEqgAAAAq0AwJFESYAKzU1//8AAP55BUoHcwImACQAAAAnAmcFFwAAAQcBSwBCAVIACLMDIAUmACs1//8AWv55BAQGIQImAEQAAAAnAmcEpgAAAQYBS+gAAAizAzcRJgArNf//AAAAAAVKCBMCJgAkAAABBwN7BQoBUgAKtAMCGAUmACs1Nf//AFr/7AQEBsECJgBEAAABBwN7BLIAAAAKtAMCLxEmACs1Nf//AAAAAAVKCBMCJgAkAAABBwN8BQgBUgAKtAMCGAUmACs1Nf//AFr/7AQEBsECJgBEAAABBwN8BLAAAAAKtAMCLxEmACs1Nf//AAAAAAVKCFgCJgAkAAABBwN9BQgBUgAKtAMCIgUmACs1Nf//AFr/7AQEBwYCJgBEAAABBwN9BLYAAAAKtAMCOREmACs1Nf//AAAAAAVKCGACJgAkAAABBwN+BQQBUgAKtAMCKAUmACs1Nf//AFr/7AQEBw4CJgBEAAABBwN+BLIAAAAKtAMCPxEmACs1Nf//AAD+eQVKB2ICJgAkAAAAJwFOAEIBWgEHAmcFFwAAAAizAhAFJgArNf//AFr+eQQEBggCJgBEAAAAJgFO6gABBwJnBKAAAAAIswInESYAKzX//wDB/nkD/AW2AiYAKAAAAAcCZwTNAAD//wBm/nkEOQRmAiYASAAAAAcCZwTLAAD//wDBAAAD/AfsAiYAKAAAAQcCZgTLAVIACLMBEAUmACs1//8AZv/sBDkGmgImAEgAAAEHAmYE0QAAAAizAiARJgArNf//AMEAAAP8B0gCJgAoAAABBwFS/+oBUgAIswEUBSYAKzX//wBm/+wEOQX2AiYASAAAAQYBUuYAAAizAiQRJgArNf//AMEAAASyB9ECJgAoAAABBwN3BL4BUgAKtAIBEgUmACs1Nf//AGb/7ASwBn8CJgBIAAABBwN3BLwAAAAKtAMCIhEmACs1Nf//ABUAAAP8B9ECJgAoAAABBwN4BMEBUgAKtAIBGQUmACs1Nf//ABX/7AQ5Bn8CJgBIAAABBwN4BMEAAAAKtAMCKREmACs1Nf//AMEAAARoCEoCJgAoAAABBwN5BLwBUgAKtAIBEgUmACs1Nf//AGb/7ARiBvgCJgBIAAABBwN5BLYAAAAKtAMCIhEmACs1Nf//AMEAAAP8CGICJgAoAAABBwN6BLoBUgAKtAIBKgUmACs1Nf//AGb/7AQ5BxACJgBIAAABBwN6BLYAAAAKtAMCOhEmACs1Nf//AMH+eQP8B3MCJgAoAAAAJwJnBM0AAAEHAUv/+wFSAAizAhwFJgArNf//AGb+eQQ5BiECJgBIAAAAJwJnBMcAAAEGAUvzAAAIswMsESYAKzX//wBKAAACmAfsAiYALAAAAQcCZgPbAVIACLMBEAUmACs1//8AdwAAAhAGmgImAPMAAAEHAmYDhwAAAAizAQgRJgArNf//AEr+eQKYBbYCJgAsAAAABwJnA+EAAP//AJf+eQGiBfoCJgBMAAAABwJnA40AAP//AHn+eQXTBc0CJgAyAAAABwJnBZgAAP//AGb+eQR9BGYCJgBSAAAABwJnBN8AAP//AHn/7AXTB+wCJgAyAAABBwJmBY8BUgAIswIcBSYAKzX//wBm/+wEfQaaAiYAUgAAAQcCZgTZAAAACLMCGhEmACs1//8Aef/sBdMH0QImADIAAAEHA3cFgQFSAAq0AwIeBSYAKzU1//8AZv/sBL8GfwImAFIAAAEHA3cEywAAAAq0AwIcESYAKzU1//8Aef/sBdMH0QImADIAAAEHA3gFgQFSAAq0AwIlBSYAKzU1//8AIf/sBH0GfwImAFIAAAEHA3gEzQAAAAq0AwIjESYAKzU1//8Aef/sBdMISgImADIAAAEHA3kFfwFSAAq0AwIeBSYAKzU1//8AZv/sBH0G+AImAFIAAAEHA3kEywAAAAq0AwIcESYAKzU1//8Aef/sBdMIYgImADIAAAEHA3oFfwFSAAq0AwI2BSYAKzU1//8AZv/sBH0HEAImAFIAAAEHA3oEzQAAAAq0AwI0ESYAKzU1//8Aef55BdMHcwImADIAAAAnAmcFmAAAAQcBSwDBAVIACLMDKAUmACs1//8AZv55BH0GIQImAFIAAAAnAmcE4wAAAQYBSwwAAAizAyYRJgArNf//AHn/7AaeB3MCJgJfAAABBwB2ASEBUgAIswIoBSYAKzX//wBm/+wFcwYhAiYCYAAAAQYAdnUAAAizAiwRJgArNf//AHn/7AaeB3MCJgJfAAABBwBDAHUBUgAIswIoBSYAKzX//wBm/+wFcwYhAiYCYAAAAQYAQ70AAAizAiMRJgArNf//AHn/7AaeB+wCJgJfAAABBwJmBZoBUgAIswIjBSYAKzX//wBm/+wFcwaaAiYCYAAAAQcCZgTfAAAACLMCJxEmACs1//8Aef/sBp4HSAImAl8AAAEHAVIAtAFSAAizAicFJgArNf//AGb/7AVzBfYCJgJgAAABBgFSBAAACLMCIxEmACs1//8Aef55Bp4GFAImAl8AAAAHAmcFlgAA//8AZv55BXME+gImAmAAAAAHAmcE4wAA//8AtP55BTsFtgImADgAAAAHAmcFaAAA//8Anv55BG0EUgImAFgAAAAHAmcE7AAA//8AtP/sBTsH7AImADgAAAEHAmYFWAFSAAizARYFJgArNf//AJ7/7ARtBpoCJgBYAAABBwJmBOUAAAAIswEZESYAKzX//wC0/+wG0QdzAiYCYQAAAQcAdgECAVIACLMBIwUmACs1//8Anv/sBgQGIQImAmIAAAEHAHYAkQAAAAizASgRJgArNf//ALT/7AbRB3MCJgJhAAABBwBDADcBUgAIswEjBSYAKzX//wCe/+wGBAYhAiYCYgAAAQYAQ68AAAizAR8RJgArNf//ALT/7AbRB+wCJgJhAAABBwJmBWIBUgAIswEeBSYAKzX//wCe/+wGBAaaAiYCYgAAAQcCZgTsAAAACLMBIxEmACs1//8AtP/sBtEHSAImAmEAAAEHAVIAiwFSAAizASIFJgArNf//AJ7/7AYEBfYCJgJiAAABBgFSGQAACLMBHxEmACs1//8AtP55BtEGFAImAmEAAAAHAmcFZAAA//8Anv55BgQE/AImAmIAAAAHAmcE4wAA//8AAP55BLwFtgImADwAAAAHAmcEzQAA//8AAP4UBEoEUgImAFwAAAAHAmcF+v////8AAAAABLwH7AImADwAAAEHAmYEwQFSAAizAQ0FJgArNf//AAD+FARKBpoCJgBcAAABBwJmBIUAAAAIswEZESYAKzX//wAAAAAEvAdIAiYAPAAAAQcBUv/qAVIACLMBEQUmACs1//8AAP4UBEoF9gImAFwAAAEGAVK1AAAIswEdESYAKzX//wBm/sEE8AYUAiYA0wAAAAcAQgDHAAAAAvuyBNn+zwYhAAkAEwAOtA4FgAoAAC8yGs0yMTABJiYnNTMWFhcVISYmJzUzFhYXFf5ORMEe9BxjMf4GRMEe9BxjMQTZNsozFT2uRBk2yjMVPa5EGQAC/E4E2f/0Bn8ADAAUABlACgMJFAkUCRDABgEALzMazDk5Ly8RMzEwASMmJwYHIzU2NzMWFyc2NzMVBgcj/vR/cGNyYYGcPfZYf1RTMs9Fkn0E2UtbZUEZtVmAjsJjaBVccgAAAvtUBNn++AZ/AA0AFQAZQAoKAw8DDwMTwA0IAC8zGsw5OS8vETMxMAE2NjczFhcVIyYnBgcjNyMmJzUzFhf8UnBNHPZYf39hcmppgVR7i0zPNU4E8oJjKYCOGUFlYEbDaWUVbl0AAvxOBNn/rAb4AAwAHQAhQBADCREJEQkXHEAKDUgcwAYBAC8zGswrMjk5Ly8RMzEwASMmJwYHIzU2NzMWFxMUBwcjJzY2NTQjIgc1NjMy/vR/cGNyYYGcPfZYf7h9BmgLQThaJSMZPckE2UtbZUEZtVmAjgF0bBtHegciHzcIaQYAAAL8UgTZ/vgHEAAXACQASbQJABshIbj/wLMfIkghuP/AQB4RG0gRAAUMIQAMDAAhAx8VLxU/FQMVQBQXSBXAHhkALzMazCtdFzkvLy8RMxEzKysRMxDEMTABIi4CIyIGByM2NjMyHgIzMjY3MwYGEyMmJwYHIzU2NzMWF/4xJElFQhwoKg5lCGdSJUtGQBooKg5lC2d4dXpjW4J3qTriQ54GKRshHCkxZ4AcIhwrMWx7/rBFWVFNGa9VYKQAAvxUBNn+5QbBAAcAFQAdQA4SCwcLBwNACg5IA8APCAAvMxrMKzk5Ly8zMTABNjczFQYHIxMiJiczFhYzMjY3MwYG/UpKMcRac3JQl6cIfwddZVdoCYEKrwX2ZWYVdFv+/JiTTElLSo6dAAL8VATZ/uUGwQAHABMAHUAOEAsBCwEFQAoOSAXADggALzMazCs5OS8vMzEwASMmJzUzFhcDIiYnMxYzMjczBgb953BzWsUxR0mXqgmBD7q2En8LpwXdW3QVa2D+452OlZWUlwAC/FQE2f7lBwYAEQAdAC6xGhW4/8BAFw8SSBUEFQQKHw8vDz8Pbw9/DwUPwBgSAC8zGsxdMjk5Ly8rMzEwARQHByMnNjY1NCMiBzU2MzIWAyImJzMWMzI3MwYG/jF1Bl4KOTFQKSQTRVllk5eqCYEPurYSfwunBntmHSlkCR4dMwZaCET+F52OlZWUlwAAAvxUBNn+8gcOABcAJQBFQAoJACIbDxsBEQAAuP/AQBwfIkgFDBsADAwAGwMfFS8VPxUDFUATF0gVwB8YAC8zGswrXRc5Ly8vETMrETNdETMQxDEwASIuAiMiBgcjNjYzMh4CMzI2NzMGBgMiJiczFhYzMjY3MwYG/jEkSUVCHCgqDmUIZVQlS0ZAGigqDmULZeSZqQiBB1xmY1wJfwuoBjMbIRwoMmJ5HCIcKzFoc/6mlINDPj5Dio0AAQAd/isBhQAAABIAHkAOAAgDCA4DFBMQYAsBCwQALy9dMxESARc5ETMxMBc0JiczHgIVFAYjIic1FjMyNtVKRZdIPiJ5aEZBNi4lL+k2cUI4SVQtYXISkA8tAAABABT+RAHNAOMADAAeQAwICQkDDg0DBQUACQ0RADMvMhDGERIBOTkRMzEwEyInNRYzMjURMxEUBqpRRTc4bd2W/kQYvROHAVb+nJqhAAABABT+RAHNAMsADAAeQAwICQkDDg0DBQUACQ0RADMvMhDGERIBOTkRMzEwEyInNRYzMjURMxEUBqpRRTc4bd2W/kQYvROHAT7+tJqhAAABAC8AAAKiBbYACgAhQBAABAgJBAEBDAsEBwEJBgEYAD8/Ejk5ERIBOREXMzEwISMRNDcGBgcnATMCouwIGU6xdwGuxQOwqWMaRI+VAVIAAAIAbf/sBEgEfQALABcAKEAUEgAMBgYAGRgJFU1ZCSYDD01ZAxkAPysAGD8rERIBOTkRMxEzMTABEAAjIgAREAAzMgABFBYzMjY1NCYjIgYESP777ej+/wEG6ekBA/0Qg3+Bf4CCgX8CNf7t/soBMwEWARMBNf7M/uy/ys+6us3NAAABADUAAAK2BGgACgAhQBAABAgJBAEBDAsEBwEJEAEYAD8/Ejk5ERIBOREXMzEwISMRNDcGBwcnATMCtukIOUSsdwG5yAIdxIw8MXuWAU0AAAEANQAABAoEfQAaACtAFwcUGQICDhQaBBwbEQpNWREmARlOWQEYAD8rABg/KxESARc5ETMRMzEwISE1AT4CNTQmIyIGByc2NjMyFhUUBgcFFyEECvwrAYGpWyluZV6fUH1443zP5YG0/v4CAm6qARl7WVE1R1BMQZpoVK2bdrh8sgoAAAEAVv6eBC0EfQAmAENAJBsAEwcABAcNFyIGKCcDFxgYF09ZGBgKJCQeTVkkJgoQTVkKJQA/KwAYPysREgA5GC8rERIAORESARc5ETMRMzEwARQGBxUWFhUUBCEiJzUWFjMyNjU0JiMjNTMgNTQmIyIGByc2ITIWBAKglbCw/tb+7fWlXdBgqqi6x3+BAV56d1WeY3PJAQrc+QMZjLghCBauktPlUNAuMn6EdW++8l5mMkCjlL0AAgAX/qgEbwRoAAoAEwBBQCIJAgIHCw8EAxMGAwYKAxUUDwMHAQUTBU9ZBgkTEwMHEAMkAD8/EjkvMzMrEQAzERI5ERIBFzkRMxEXMxEzMTAlIxEjESE1ATMRMyERNBI3IwYHAQRvxfL9XwKq6cX+VAgECC1Q/qgb/o0Bc6MDqvxtAR06AQA4VnD+NwABAHX+ngQpBGgAHAA8QCAPAxoUFQMJFRgEHh0AEU1ZAAAGFhYZTlkWEAYMTVkGJQA/KwAYPysREgA5GC8rERIBFzkRMzMRMzEwATIEFRQAISInNRYWMzI2NRAhIgYHJxMhFSEDNjYCSt4BAf7b/vL2i0zXWp+m/rI6iyhpOAL4/dchI2UCROzJ6v75UNUtNI6JAQYUCz4CytD+lQYR//8AXv/sBD8FyQIGABkAAAABAEr+qAQ9BGgABgArQBUBBQYAAAIFAwgHACQFAgMDAk5ZAxAAPysREgA5GD8REgEXOREzETMxMAEBITUhFQEBAAJC/QgD8/3B/qgE8s6j+uP//wBY/+wEOQXJAgYAGwAAAAIAVv6gBDcEfQAYACUAREAjHBIiCwsAAAYSAycmDA8VDx9PWQ8PAxUVGU1ZFSYDCE9ZAyUAPysAGD8rERIAORgvKxESADkREgEXOREzETMRMzEwARAAISInNRYzMhITIwYGIyImNTQAMzIWEiUiBhUUFjMyNjU0JiYEN/6k/qKFOlla7uoLDDmmc8HfAQHenOh+/gJ6gnl7d6JEfQH6/lD+VhDFGQEAARNZUfDU5QEPmP7f9p+QfY+OYFmZW///ACMAAAYpBh8AJgBJAAAABwBJAucAAAACAFYC3QWYBcEAIwA0AF9AMTItMDAvNCQsKyYoKCkKAB4SBRIXACksLwc2NQoeFQgDAzAsJAApASkqGxUVMi0mKgMAPzMzMzMvMxDNXTIyMjIvxRI5ORESARc5ETMRMxEzETMzETMzETMRMzMxMAEUBiMiJzUWMzI1NCYmJy4CNTQ2MzIXByYmIyIGFRQWFxYWAQMjFxEjETMTEzMRIxE3IwMCL456g05xZncSJ1RRRiKHb2duKypOMjA9NVV1SQGYuQYEjduwu9OUBAbAA65gcSV/L1YZIRwlJDdINFluLnASFyklJi8iM1z+7QIfd/5YAtH96gIW/S8BnoH94QD//wAd/hQEaAW2AiYANwAAAAcAegFkAAD//wAn/hQC8AVIAiYAVwAAAAcAegD2AAAAAgBm/hQEVARmAAsAJgBKQCcKExgNBBwcIRMDJyghEB4eI0dZHhsaDw0YEBYWB0ZZFhAQAEdZEBYAPysAGD8rERIAOTkYPz8rERIAORESARc5ETMzMxEzMTAlMjY3NTQmIyIGFRAFNyMGIyICERASMzIXMzczERAhIic1FjMyNjUCXJCBBoSXfYMCEAcJbdzP6OvQ2HYKGMP99u2puOSDlaiftynIt8S9/oOgiaUBLQEOAQsBNKOP+6T+HkTJVpOJAP//AGb+FARUBiECJgORAAABBgFLBgAACLMCMxEmACs1//8AZv4UBFQGCAImA5EAAAEGAU4AAAAIswInESYAKzX//wBm/hQEVAX6AiYDkQAAAQcBTwFGAAAACLMCMBEmACs1//8AZv4UBFQGIQImA5EAAAEGAjp3AAAIswIrESYAKzUAAQDBAAABsAW2AAMAEbYABQQBAwASAD8/ERIBOTEwMxEzEcHvBbb6SgD////6AAAB4AdzAiYDlgAAAQcAQ/6QAVIACLMBDQUmACs1//8AswAAApkHcwImA5YAAAEHAHb/SQFSAAizAQ0FJgArNf///7UAAAK3B3MCJgOWAAABBwFL/tIBUgAIswEQBSYAKzX//wABAAACcgc+AiYDlgAAAQcAav7cAVIACrQCARkFJgArNTX///+yAAACxAdIAiYDlgAAAQcBUv7GAVIACLMBDAUmACs1////+wAAAnoG2QImA5YAAAEHAU3+2AFSAAizAQYFJgArNf///9oAAAKZB1oCJgOWAAABBwFO/tYBUgAIswEEBSYAKzX//wBM/isBvAW2AiYDlgAAAAYBUTUA//8AswAAAbsHTAImA5YAAAEHAU8AGQFSAAizAQ0FJgArNf//AMH+aAQbBbYAJgOWAAAABwAtAnEAAP///8EAAAJOBf8AJwOWAJ4AAAAHAVT92P+X//8AwQAAAbAFtgIGA5YAAP//AAEAAAJyBz4CJgOWAAABBwBq/twBUgAKtAIBGQUmACs1Nf//AMEAAAGwBbYCBgOWAAD//wABAAACcgc+AiYDlgAAAQcAav7cAVIACrQCARkFJgArNTX//wDBAAABsAW2AgYDlgAA//8AwQAAAbAFtgIGA5YAAP//AJIAAAIrB+wCJgOWAAABBwJmA6IBUgAIswEIBSYAKzX//wCy/nkBugW2AiYDlgAAAAcCZwOoAAAAAQAAA6oAigAWAFcABQACABAALwBcAAABAwDkAAMAAQAAACQAJAAkACQAVwB9APsBeQHwAm0ChgKyAt8DEAM+A18DdgOYA7YD+AQgBGUEwAUIBVYFsgXXBj8GngbWBxAHOAdiB4oH5QhuCK4JCAlICX8JtgnnCjUKZgqZCsAK+gsYC18LmgvgDB4MdQzADRINNg1qDZwN8Q4sDloOjQ6wDs0O7w8YDy4PTg+uEAEQOxCNEOIRIxG8EfkSMBJ5ErgSzxMmE18TnxPzFEcUdxTEFQcVQRVwFccWARZBFnQWwxbaFysXcBdwF6IX9BhMGKcY/BkhGZsZ0RpNGp8a2hr8GwQbjRujG9ocFRxPHJ8cvx0EHTcdWR2PHbgd8R4qHkAeVR5rHsse3B7tHv4fDx8hHzIfix+XH6gfuR/KH9wf7R/+IA8gISBzIIQglSCmILcgyCDaIQkhcyGEIZUhpiG4IckiEiJ+Io4iniKuIr4izyLgI20jeSOJI5kjqSO6I8sj3CPtI/8kaiR6JIokmiSqJLokyyUSJXkliSWaJaoluyXLJiImMyZEJlQmZSZ1JoEmjSaeJq4mvybPJuAm8ScCJxInIycvJzcnqie7J8sn3CfsJ/0oDigaKCYoNyhHKFgoaCh5KIkomiirKLcoxyjYKOkpOymdKa4pvynQKeEp8ioDKg4qGSoqKkEqTSpZKmoqeyqHKpIqzSreKu8q+isGKxcrIisuKzordyuvK8Ar0SvdK+gr+SwJLBUsYSysLL0szSzeLO4tAC0RLXUt+y4MLhwuKC40LkUuVS5mLnYuhy6XLqMury7ALtAu2y7mLvcvAy8/L5Yvpy+3L8gv2C/pL/kwCzAcMC4wQDBMMFgwaTB6MIswmzCtML4wzjDfMPAxATERMToxizIUMsUy1jLnMvgzCDMTMx4zTDN8M5IzwDPgNBo0RzSENLM01TUlNTY1WDVqNXw1jjWfNbE1wjXVNd015TYDNgs2EzYbNiM2eTaBNok2ujbCNso3AjcKNy83Nzd3N383hzf5OAE4TzilOLc4yTjZOOk4+TkKORw5hDnnOik6izrmOz47eTvQO/k8ATxZPGE8kT0DPQs9Sz2bPec+Lz5kPp8+/j9cP69AEEAiQDNAQ0BTQGRAdkDFQNZBIUEpQTFBQ0FLQa5CBUJEQlVCZkKWQp5C4ULpQvFDO0NDQ5JD7UQmRDdEbESlRK1EtUS9RMVEzUTVRN1FIUUpRTFFYkWfRdBGC0ZPRplG10ciR4JHzUfVSDFIkEiwSPlJAUlPSapJ4knySihKX0qnStlK4UsHSw9LF0s8S0RLp0uvS+BMHUxNTIhMzE0RTU5NnE35TkNOVE7HTtdPJU8tTzVPR09PT6lP/FBeUG5QflCtUNdQ/VEOUR5RL1FAUVJRZFF1UYZRm1GwUcVR8VIRUjBSUVJxUqJS0lMFU0FTolPCVA9UsVS5VMFU41UGVRJVL1VkVapWGlaKVv9Xa1fJWDtYjViVWOVY/FkTWSpZQVmbWdhZ/lo8WlVaglrmWxlbmVvoXBZcRFx7XIdck1y/XOZdB10pXUtdgF3AXgReVV54Xt9fMV8xXzFfMV8xXzFfMV8xXzFfMV8xXzFfMV8xYG5gzmDfYOdhbGGtYhNiJGI1YkFiTWJZYphi1mLmYvZjTmOqY/hkTWRWZF9kaGSMZKZkt2TIZNhk6GViZbdmE2ZkZsVnH2drZ7FoGGh0aN1pSGnDaj1q6muEa4xrlGvpbD1sgWzDbNVs521jbdpuT268b3FwG3CxcShxaXGqcflyI3JWcoJyrnPEdGF01nVDdZd17nZOdr129Hcsd4J30HgseIh4lHigeOV5J3ltebp6B3paepp62HsXe1d7knvNfCd8en0FfY19mX2lfdZ+CH4QfkR+in7OfxZ/Xn+bf9mAJIBugMiBIIFdgZeCBIJ1guyDY4Nrg3yDjYPlhDWEgITIhQ2FU4WWhdmGI4ZthsaHIYcphzqHSodch22HdYd9h46HnoftiDyITohfiHGIg4iViKaI9olHiViJaIl6iYuJnYmuigOKV4ppinqKjIqdiq6KvorQiuGK84sEixaLJ4tTi3+LkYuji6+Lu4vHi9OMIoxsjKiMsI0NjXiN3o4/jpiO7I9Ej5eP5pA1kIOQ0ZERkVCRrJH/kguSF5Ijki+SQJJRkmOSdZKHkpmSq5K9ks+S4ZL2kwqTHJMuk0CTUpNkk3aTiJOak6+Tw5PPk9uT7JP9lA6UHpQwlEKUVJRmlHiUipSclK6Uw5TXlOiU+ZUFlRGVHZUplTqVS5VdlW+VgZWTlaWVt5XJlduV8JYElhWWJZY2lkaWV5ZolnmWiZaVlqGWrZa5lsqW25bslv2XDpcely+XQJdRl2GXbZd5l4WXkZeil7OXxJfUl+CYC5g9mHCYsZkPmUSZdpm9mhqaSJpvmpaavpr/myebaZvEnAqcWZxhnIqckpzxnP2dfZ2JnZWd9p4GnhaeJ543nkyeXZ5unn+ekZ6inrOexJ7PnuCe7J75nwGfE58bny2fNZ89n06fWgAAAAEAAAABGduIX9xoXw889QAJCAAAAAAAyUzqfQAAAADVK8zV+1T9vgoXCGQAAAAJAAIAAAAAAAAEzQDBAAAAAAQUAAACFAAAAjUAhQN9AIUFKwAvBJEAbwblAFQF7ABgAfIAhQKJAFICiQA9BGIASgSRAGACIwA/ApMASAIzAIUDHwAQBJEAWASRAJoEkQBaBJEAVgSRACcEkQB1BJEAXgSRAEoEkQBYBJEAVgIzAIUCOQA/BJEAYASRAGYEkQBgA6AAEAcvAG8FSgAABUgAwQUSAHkF3wDBBHcAwQRCAMEFzwB5BgIAwQLjAEoCZP9kBR0AwQRWAMEHYgDBBkQAwQZMAHkE7ADBBkwAeQUdAMEEZgBkBIcAHQXwALQE+gAAB5EADAT6AAQEvAAABJoAQgKkAJoDHwAQAqQAMwRMAB0Db//8BLwBagSkAFoE/ACoA/YAZgT8AGYEnABmAucAIwRzABcFFACoAjsAmgI7/4cEkwCoAjsAqAemAKgFFACoBOMAZgT8AKgE/ABmA3MAqAPlAGIDJQAnBRQAngRIAAAGiQAUBGgAGQRKAAAD0wBEAxcALQRoAdkC+AAtBJEAYAIUAAACNQCFBJEApgSRAEgEkQB1BJEAEgRoAdkEAgBzBLwBJQaoAGQC8gA5BHMAUgSRAGACkwBIBqgAZAQA//oDbQBtBJEAYALnADMC5wAtBLwBagUdAKgFPQBxAjMAhQG6AAAC5wBUAwwAPQRzAFAGpAA8BqQALgakADcDoAA3BUoAAAVKAAAFSgAABUoAAAVKAAAFSgAAB0z//gUSAHkEdwDBBHcAwQR3AMEEdwDBAuMANALjAEoC4//uAuMAOgXZAC8GRADBBkwAeQZMAHkGTAB5BkwAeQZMAHkEkQCDBkwAeQXwALQF8AC0BfAAtAXwALQEvAAABPQAwQVUAKgEpABaBKQAWgSkAFoEpABaBKQAWgSkAFoHGQBaA/YAZgScAGYEnABmBJwAZgScAGYCO/+7AjsAnAI7/5wCO//nBNsAZgUUAKgE4wBmBOMAZgTjAGYE4wBmBOMAZgSRAGAE4wBmBRQAngUUAJ4FFACeBRQAngRKAAAE/ACoBEoAAAVKAAAEpABaBUoAAASkAFoFSgAABKQAWgUSAHkD9gBmBRIAeQP2AGYFEgB5A/YAZgUSAHkD9gBmBd8AwQT8AGYF2QAvBQwAZgR3AMEEnABmBHcAwQScAGYEdwDBBJwAZgR3AMEEnABmBHcAwQScAGYFzwB5BHMAFwXPAHkEcwAXBc8AeQRzABcFzwB5BHMAFwYCAMEFFACoBgIAAAUUAAwC4//rAjv/lwLjADQCO//gAuMAEwI7/70C4wBKAjsAMALjAEoCOwCoBUgASgRiAJoCZP9kAjv/hwUdAMEEkwCoBI0AqARWAMECOwCoBFYAwQI7AF0EVgDBAjsAqARWAMEC+ACoBFoADgJc//4GRADBBRQAqAZEAMEFFACoBkQAwQUUAKgF1wADBkQAwQUUAKgGTAB5BOMAZgZMAHkE4wBmBkwAeQTjAGYHlgB5B64AZgUdAMEDcwCoBR0AwQNzAGEFHQDBA3MAawRmAGQD5QBiBGYAZAPlAGIEZgBkA+UAYgRmAGQD5QBiBIcAHQMlACcEhwAdAyUAJwSHAB0DJQAnBfAAtAUUAJ4F8AC0BRQAngXwALQFFACeBfAAtAUUAJ4F8AC0BRQAngXwALQFFACeB5EADAaJABQEvAAABEoAAAS8AAAEmgBCA9MARASaAEID0wBEBJoAQgPTAEQCzwCoBJgAwwVMAAAEpABaB0z//gcZAFoGTAB5BOMAZgRmAGQD5QBiBMsA4wTLAOMExwEjBMsBBAI7AJoEngFgAZwAFwTLAOwEqADBBJ4B6QSeAOkFSv/yAjMAhQT+/7kGlv+5A9f/wQaY/9YF0f+vBmT/1gL8/9gFSgAABUgAwQRSAMEE7AAvBHcAwQSaAEIGAgDBBkwAeQLjAEoFHQDBBQIAAAdiAMEGRADBBH8ATAZMAHkF5QDBBOwAwQSkAEwEhwAdBLwAAAaiAGIE+gAEBrAAbQZGAEQC4wA6BLwAAAUIAGYEHwBUBRQAqAL8AKQFBACaBQgAZgUnAKgEUgAGBMsAZgQfAFQD7ABmBRQAqATXAGYC/ACkBI0AqASY//wFHQCoBIsAAgPjAGYE4wBmBY0AGQTjAI8D7ABmBRAAZgQKAB0FBACaBgoAZgSN/90GXACaBosAbwL8AAkFBACaBOMAZgUEAJoGiwBvBHcAwQYnAB0EUgDBBUQAeQRmAGQC4wBKAuMAOgJk/2QHtgAIB9EAwQYnAB0FIwDBBRkADAXlAMEFSgAABQAAwQVIAMEEUgDBBckADAR3AMEHJQAABOkAWAZWAMEGVgDBBSMAwQXLAAgHYgDBBgIAwQZMAHkF5QDBBOwAwQUSAHkEhwAdBRkADAaiAGIE+gAEBhIAwQWwAIsIcQDBCJYAwQWoAAgHCADBBR8AwQUrAEIIewDBBTMAFASkAFoE3wBoBNUAqAOgAKgE8gAjBJwAZgZvAAIEJwBIBWoAqAVqAKgEjQCoBN0ACAZQAKgFLwCoBOMAZgUXAKgE/ACoA/YAZgQUACsESgAABh0AZgRoABkFQgCoBQ4AiwdvAKgHhwCoBZ4AFAZ7AKgE0wCoBAQAQgbVAKgEmAASBJwAZgUUAAwDoACoBBAAZgPlAGICOwCaAjv/6QI7/4cG5QAIBxkAqAUUAAwEjQCoBEoAAAUrAKgEbwDBA8MAqAeRAAwGiQAUB5EADAaJABQHkQAMBokAFAS8AAAESgAABAAAUggAAFIIAABSA0r//AGLABkBiwAZAiUAPwGLABkDLQAZAy0AGQOwACsEEgB7BCUAewMCAIMGjQCFCe4AUgHyAIUDfQCFArAAUgKwAFAEaACFAQr+dwNEAGgEkQBCBJEASgaeAKgEpAA/BnkAZgQpAFAILwCoBhkAGwZGAEQE9ABmBqQAQQakAC0GpABQBqQAVgSmAFAE7AAvBewAtgUMADkEkQBgBGQAJQWmAHMDLwAGBJEAXASRAGAEkQBeBJEAYASqAGIFIwAjBSMAIwSeAKICO/+HBAABcwQAAWYEAAFmAucAJwLnABAC5wBIAucAKwLnADkC5wAvAucAJwQAAAAIAAAABAAAAAgAAAACqgAAAgAAAAFWAAAEeQAAAjMAAAGaAAAAzQAAAAAAAAAAAAAIAABUCAAAVAI7/4cBiQAQBWoAGQTJAAAHWgAjB2IAwQemAKgFSgAABKQAWgaB/qcCqgBmApoAhwgKACMICgAjBmoAeQUnAGYGnAC0BbIAngAA/DQAAPzuAAD7/QAA/PAAAP0KBHcAwQZWAMEEnABmBWoAqAhkAH0G0QACBWQACgUtAAoHeQDBBiUAqAWiAAAE0QAEB7QAwQasAKgGGQAfBQ4AEAgvAMEG5wCoBNsAMwQnABsGsABtBlwAmgZOAHkE4wBmBV4AAARxAAAFXgAABHEAAAodAHkI0wBmBp4AeQVYAGYIWAB5BssAZghKAGoG0QACBUQAeQQMAGYE3wBoBHUAvgSeAPYEngHVBJ4B1wfpACkHpgApBr4AwQXHAKgE6QAvBNMADAT0AMEE/ACoBFgALwOsAAoFgQDBBIEAqAesAAAG4wACBOkAWAQnAEgFqgDBBNcAqAUdAMEEhwCoBR0ALwSLAAwFsAAIBT0AFAZYAMEFjwCoBpYAwQX6AKgIxQDBBwQAqAY5AHkFLwBmBRIAeQP2AGYEhwAdBBAAKwS8AAAETAAABLwAAARMAAAFcwAEBLoAGQcjAB0GCAArBfwAiwVWAIsFsACLBQYAiwWwAMEFAACoByUAHwV/ABkHJQAfBX8AGQLjAEoHJQAABm8AAgXLAMEE1wCoBi0ACAUxAAgF+ADBBR0AqAZoAMEFlgCoBbAAiwUOAIsHwwDBBqYAqALjAEoFSgAABKQAWgVKAAAEpABaB0z//gcZAFoEdwCwBJwAZgYvAIsEpABgBi8AiwSkAGAHJQAABm8AAgTpAFgEJwBIBLIAQgRIACkGVgDBBWoAqAZWAMEFagCoBkwAeQTjAGYGTgB5BOMAZgZOAHkE4wBmBSsAQgQEAEIFGQAMBEoAAAUZAAwESgAABRkADARKAAAFsACLBQ4AiwRaAMEDoACoBwgAwQZ7AKgEWAAvA6wACgVoAAQEvAAZBPoAAgRoABkFAABvBPwAZgdMAG8HRgBmB0QAMwawAEQFTgAzBLwATggOAAgHJQAICDcAwQd1AKgGOQB5BTUAZgXfAB0FhQArBOwAYgQfAFQGEgAIBS0ACAVKAAAEpABaBUoAAASkAFoFSgAABKQAWgVKAAAEpAAABUoAAASkAFoFSgAABKQAWgVKAAAEpABaBUoAAASkAFoFSgAABKQAWgVKAAAEpABaBUoAAASkAFoFSgAABKQAWgR3AMEEnABmBHcAwQScAGYEdwDBBJwAZgR3AMEEnABmBHcAFQScABUEdwDBBJwAZgR3AMEEnABmBHcAwQScAGYC4wBKAjsAdwLjAEoCOwCXBkwAeQTjAGYGTAB5BOMAZgZMAHkE4wBmBkwAeQTjACEGTAB5BOMAZgZMAHkE4wBmBkwAeQTjAGYGagB5BScAZgZqAHkFJwBmBmoAeQUnAGYGagB5BScAZgZqAHkFJwBmBfAAtAUUAJ4F8AC0BRQAngacALQFsgCeBpwAtAWyAJ4GnAC0BbIAngacALQFsgCeBpwAtAWyAJ4EvAAABEoAAAS8AAAESgAABLwAAARKAAAFDABmAAD7sgAA/E4AAPtUAAD8TgAA/FIAAPxUAAD8VAAA/FQAAPxUAaQAHQH8ABQB/AAUA4MALwS0AG0DcQA1BFIANQSRAFYEjwAXBJEAdQSRAF4EkQBKBJEAWASRAFYFzwAjBh0AVgSHAB0DJQAnBPwAZgT8AGYE/ABmBPwAZgT8AGYCcQDBAnH/+gJxALMCcf+1AnEAAQJx/7ICcf/7AnH/2gJxAEwCcQCzBNUAwQMQ/8ECcQDBAAEAwQABAMEAwQCSALIAAAABAAAIjf2oAAAKHftU/nsKFwABAAAAAAAAAAAAAAAAAAADowADBOICWAAFAAAFmgUzAAABHwWaBTMAAAPRAGYB9gAAAgsHBgMIBAICBOAAAu9AACBbAAAAKAAAAAAxQVNDAEAAIP/9Bh/+FACECI0CWCAAAZ8AAAAABFIFtgAAACAAAwAAAAEAAwABAAAADAAEA3wAAADGAIAABgBGAEgASQB+AMsAzwEnATIBYQFjAX8BkgGhAbAB8AH/AhsCNwK8AscCyQLdAvMDAQMDAwkDDwMjA4kDigOMA5gDmQOhA6kDqgPOA9ID1gQNBE8EUARcBF8EhgSPBJEEvwTABM4EzwUTHgEePx6FHsceyh7xHvMe+R9NIAsgFSAeICIgJiAwIDMgOiA8IEQgcCB5IH8gpCCnIKwhBSETIRYhICEiISYhLiFeIgIiBiIPIhIiGiIeIisiSCJgImUlyvsE/v///f//AAAAIABJAEoAoADMANABKAEzAWIBZAGSAaABrwHwAfoCGAI3ArwCxgLJAtgC8wMAAwMDCQMPAyMDhAOKA4wDjgOZA5oDowOqA6sD0QPWBAAEDgRQBFEEXQRgBIgEkASSBMAEwQTPBNAeAB4+HoAeoB7IHsse8h70H00gACATIBcgICAmIDAgMiA5IDwgRCBwIHQgfyCjIKcgqyEFIRMhFiEgISIhJiEuIVsiAiIGIg8iESIaIh4iKyJIImAiZCXK+wD+///8////4wNN/+P/wgLL/8IAAP/CAi3/wv+wAL8AsgBh/0kAAAAA/5b+hf6E/nb/aP9j/2L/XQBn/0T90AAX/c/9zgAJ/c79zf/5/c3+gv5/AAD9mv4a/ZkAAP4M/gv9aP4J/ub+Cf7Y/gnkWOQY43rkfQAA5H3jDuR74w3iQuHv4e7h7eHq4eHh4OHb4drh0+HL4cjhmeF24XQAAOEY4QvhCeJu4P7g++D04MjgJeAi4BrgGeAS4A/gA9/n39DfzdxpAAADTwJTAAEAAAAAAAAAAAAAAAAAugAAAAAAAAAAAAAAAAAAAAAAvgAAAAAAAAAAAAAAAAAAAAAAAAAAAAAAAAAAAAAAAAAAAAAAAAAAAAAAAAAAAJgAAAAAAAAArAAAAAAAAAAAAAAAAAAAAAAAAAAAAAAAAACYAAAAAAAAAAAAAAAAAAAAAAAAAAAAAAAAAAAAAAAAAAAAAAAAAAAAdgAAAAAAAAAAAAAAAAAAAAAAAAAAAAAAAAAAAAAAAAAAAAAAAAAAAFIAAAAAAAADmwDrA5wA7QOdAO8DngDxA58A8wOgAUkBSgEkASUCaAGcAZ0BngGfAaADpAOlAaMBpAGlAaYBpwJpAmsB9gH3A6gDRgOpA3UCHAONAjQCNQJdAl5AR1taWVhVVFNSUVBPTk1MS0pJSEdGRURDQkFAPz49PDs6OTg3NjUxMC8uLSwoJyYlJCMiIR8YFBEQDw4NCwoJCAcGBQQDAgEALCCwAWBFsAMlIBFGYSNFI2FILSwgRRhoRC0sRSNGYLAgYSCwRmCwBCYjSEgtLEUjRiNhsCBgILAmYbAgYbAEJiNISC0sRSNGYLBAYSCwZmCwBCYjSEgtLEUjRiNhsEBgILAmYbBAYbAEJiNISC0sARAgPAA8LSwgRSMgsM1EIyC4AVpRWCMgsI1EI1kgsO1RWCMgsE1EI1kgsAQmUVgjILANRCNZISEtLCAgRRhoRCCwAWAgRbBGdmiKRWBELSwBsQsKQyNDZQotLACxCgtDI0MLLSwAsCgjcLEBKD4BsCgjcLECKEU6sQIACA0tLCBFsAMlRWFksFBRWEVEGyEhWS0sSbAOI0QtLCBFsABDYEQtLAGwBkOwB0NlCi0sIGmwQGGwAIsgsSzAioy4EABiYCsMZCNkYVxYsANhWS0sigNFioqHsBErsCkjRLApeuQYLSxFZbAsI0RFsCsjRC0sS1JYRUQbISFZLSxLUVhFRBshIVktLAGwBSUQIyCK9QCwAWAj7ewtLAGwBSUQIyCK9QCwAWEj7ewtLAGwBiUQ9QDt7C0ssAJDsAFSWCEhISEhG0YjRmCKikYjIEaKYIphuP+AYiMgECOKsQwMinBFYCCwAFBYsAFhuP+6ixuwRoxZsBBgaAE6WS0sIEWwAyVGUkuwE1FbWLACJUYgaGGwAyWwAyU/IyE4GyERWS0sIEWwAyVGUFiwAiVGIGhhsAMlsAMlPyMhOBshEVktLACwB0OwBkMLLSwhIQxkI2SLuEAAYi0sIbCAUVgMZCNki7ggAGIbsgBALytZsAJgLSwhsMBRWAxkI2SLuBVVYhuyAIAvK1mwAmAtLAxkI2SLuEAAYmAjIS0sS1NYirAEJUlkI0VpsECLYbCAYrAgYWqwDiNEIxCwDvYbISOKEhEgOS9ZLSxLU1ggsAMlSWRpILAFJrAGJUlkI2GwgGKwIGFqsA4jRLAEJhCwDvaKELAOI0SwDvawDiNEsA7tG4qwBCYREiA5IyA5Ly9ZLSxFI0VgI0VgI0VgI3ZoGLCAYiAtLLBIKy0sIEWwAFRYsEBEIEWwQGFEGyEhWS0sRbEwL0UjRWFgsAFgaUQtLEtRWLAvI3CwFCNCGyEhWS0sS1FYILADJUVpU1hEGyEhWRshIVktLEWwFEOwAGBjsAFgaUQtLLAvRUQtLEUjIEWKYEQtLEUjRWBELSxLI1FYuQAz/+CxNCAbszMANABZREQtLLAWQ1iwAyZFilhkZrAfYBtksCBgZiBYGyGwQFmwAWFZI1hlWbApI0QjELAp4BshISEhIVktLLACQ1RYS1MjS1FaWDgbISFZGyEhISFZLSywFkNYsAQlRWSwIGBmIFgbIbBAWbABYSNYG2VZsCkjRLAFJbAIJQggWAIbA1mwBCUQsAUlIEawBCUjQjywBCWwByUIsAclELAGJSBGsAQlsAFgI0I8IFgBGwBZsAQlELAFJbAp4LApIEVlRLAHJRCwBiWwKeCwBSWwCCUIIFgCGwNZsAUlsAMlQ0iwBCWwByUIsAYlsAMlsAFgQ0gbIVkhISEhISEhLSwCsAQlICBGsAQlI0KwBSUIsAMlRUghISEhLSwCsAMlILAEJQiwAiVDSCEhIS0sRSMgRRggsABQIFgjZSNZI2ggsEBQWCGwQFkjWGVZimBELSxLUyNLUVpYIEWKYEQbISFZLSxLVFggRYpgRBshIVktLEtTI0tRWlg4GyEhWS0ssAAhS1RYOBshIVktLLACQ1RYsEYrGyEhISFZLSywAkNUWLBHKxshISFZLSywAkNUWLBIKxshISEhWS0ssAJDVFiwSSsbISEhWS0sIIoII0tTiktRWlgjOBshIVktLACwAiVJsABTWCCwQDgRGyFZLSwBRiNGYCNGYSMgECBGimG4/4BiirFAQIpwRWBoOi0sIIojSWSKI1NYPBshWS0sS1JYfRt6WS0ssBIASwFLVEItLLECAEKxIwGIUbFAAYhTWli5EAAAIIhUWLICAQJDYEJZsSQBiFFYuSAAAECIVFiyAgICQ2BCsSQBiFRYsgIgAkNgQgBLAUtSWLICCAJDYEJZG7lAAACAiFRYsgIEAkNgQlm5QAAAgGO4AQCIVFiyAggCQ2BCWblAAAEAY7gCAIhUWLICEAJDYEJZsSYBiFFYuUAAAgBjuAQAiFRYsgJAAkNgQlm5QAAEAGO4CACIVFiyAoACQ2BCWVlZWVlZsQACQ1RYQAoFQAhACUAMAg0CG7EBAkNUWLIFQAi6AQAACQEAswwBDQEbsYACQ1JYsgVACLgBgLEJQBuyBUAIugGAAAkBQFm5QAAAgIhVuUAAAgBjuAQAiFVaWLMMAA0BG7MMAA0BWVlZQkJCQkItLEUYaCNLUVgjIEUgZLBAUFh8WWiKYFlELSywABawAiWwAiUBsAEjPgCwAiM+sQECBgywCiNlQrALI0IBsAEjPwCwAiM/sQECBgywBiNlQrAHI0KwARYBLSywgLACQ1CwAbACQ1RbWCEjELAgGskbihDtWS0ssFkrLSyKEOUtQKUJIUggVSABHlUfSB5VHx4BDx4/Hq8eA09GHB9OTRsfTUYaHyY0EFUlJEgfGRP/HwcE/x8GA/8fTEscH0tGGx8TMxJVBQEDVQQzA1UfAwEPAz8DrwMDy0rbSutKA8tJAUhGEh9HRhIfSUYBI0giVRwzG1UWMxVVEQEPVRAzD1XPDwEfDwEPD98P/w8DBgIBAFUBMwBVbwB/AK8A7wAEEAABgBYBBQG4AZCxVFMrK0u4B/9SS7AJUFuwAYiwJVOwAYiwQFFasAaIsABVWltYsQEBjlmFjY0AQh1LsDJTWLAgHVlLsGRTWLAQHbEWAEJZc3MrK15zdHQrKysrK3QrK3Nzc3QrKysrKysrKysrKysrc3QrKysYXgYUABcATgW2ABcAdQW2Bc0AAAAAAAAAAAAAAAAAAARSABQAhgAA/+wAAAAA/+wAAAAA/+wAAP4U/+wAAAW2ABn8lP/t/nv/8v6o/p4AFwAAAAAAAAAAAAAAAAAAAAAAAAAAAAAAAAAAAAAAAAAAAAAAAAAAAAAAAAAAAAAAAAAAAAAAAAAACAAAAAAAAMAAuACwAKMAlADAAM0AxQDPALoAmgExALIAAAAAAA8AugADAAEECQAAAGgAAAADAAEECQABACQAaAADAAEECQACAA4AjAADAAEECQADADYAmgADAAEECQAEACQAaAADAAEECQAFABgA0AADAAEECQAGACIA6AADAAEECQAHAKQBCgADAAEECQAIACgBrgADAAEECQALADgB1gADAAEECQAMAFwCDgADAAEECQANAFwCagADAAEECQAOAFQCxgADAAEECQAQABIDGgADAAEECQARABADLABEAGkAZwBpAHQAaQB6AGUAZAAgAGQAYQB0AGEAIABjAG8AcAB5AHIAaQBnAGgAdAAgAKkAIAAyADAAMQAxACwAIABHAG8AbwBnAGwAZQAgAEMAbwByAHAAbwByAGEAdABpAG8AbgAuAE8AcABlAG4AIABTAGEAbgBzACAAUwBlAG0AaQBCAG8AbABkAFIAZQBnAHUAbABhAHIAMQAuADEAMAA7ADEAQQBTAEMAOwBPAHAAZQBuAFMAYQBuAHMALQBTAGUAbQBpAEIAbwBsAGQAVgBlAHIAcwBpAG8AbgAgADEALgAxADAATwBwAGUAbgBTAGEAbgBzAC0AUwBlAG0AaQBCAG8AbABkAE8AcABlAG4AIABTAGEAbgBzACAAaQBzACAAYQAgAHQAcgBhAGQAZQBtAGEAcgBrACAAbwBmACAARwBvAG8AZwBsAGUAIABhAG4AZAAgAG0AYQB5ACAAYgBlACAAcgBlAGcAaQBzAHQAZQByAGUAZAAgAGkAbgAgAGMAZQByAHQAYQBpAG4AIABqAHUAcgBpAHMAZABpAGMAdABpAG8AbgBzAC4AQQBzAGMAZQBuAGQAZQByACAAQwBvAHIAcABvAHIAYQB0AGkAbwBuAGgAdAB0AHAAOgAvAC8AdwB3AHcALgBhAHMAYwBlAG4AZABlAHIAYwBvAHIAcAAuAGMAbwBtAC8AaAB0AHQAcAA6AC8ALwB3AHcAdwAuAGEAcwBjAGUAbgBkAGUAcgBjAG8AcgBwAC4AYwBvAG0ALwB0AHkAcABlAGQAZQBzAGkAZwBuAGUAcgBzAC4AaAB0AG0AbABMAGkAYwBlAG4AcwBlAGQAIAB1AG4AZABlAHIAIAB0AGgAZQAgAEEAcABhAGMAaABlACAATABpAGMAZQBuAHMAZQAsACAAVgBlAHIAcwBpAG8AbgAgADIALgAwAGgAdAB0AHAAOgAvAC8AdwB3AHcALgBhAHAAYQBjAGgAZQAuAG8AcgBnAC8AbABpAGMAZQBuAHMAZQBzAC8ATABJAEMARQBOAFMARQAtADIALgAwAE8AcABlAG4AIABTAGEAbgBzAFMAZQBtAGkAQgBvAGwAZAAAAAIAAAAAAAD/ZgBmAAAAAAAAAAAAAAAAAAAAAAAAAAADqgAAAQIAAgADAAQABQAGAAcACAAJAAoACwAMAA0ADgAPABAAEQASABMAFAAVABYAFwAYABkAGgAbABwAHQAeAB8AIAAhACIAIwAkACUAJgAnACgAKQAqACsBAwAtAC4ALwAwADEAMgAzADQANQA2ADcAOAA5ADoAOwA8AD0APgA/AEAAQQBCAEMARABFAEYARwBIAEkASgBLAEwATQBOAE8AUABRAFIAUwBUAFUAVgBXAFgAWQBaAFsAXABdAF4AXwBgAGEArACjAIQAhQC9AJYA6ACGAI4AiwCdAKkApAEEAIoBBQCDAJMA8gDzAI0AlwCIAMMA3gDxAJ4AqgD1APQA9gCiAK0AyQDHAK4AYgBjAJAAZADLAGUAyADKAQYBBwEIAQkA6QBmANMA0ADRAK8AZwDwAJEA1gDUANUAaADrAO0AiQBqAGkAawBtAGwAbgCgAG8AcQBwAHIAcwB1AHQAdgB3AOoAeAB6AHkAewB9AHwAuAChAH8AfgCAAIEA7ADuALoBCgELAQwBDQEOAQ8A/QD+ARABEQESARMA/wEAARQBFQEWAQEBFwEYARkBGgEbARwBHQEeAR8BIAEhASIA+AD5ASMBJAElASYBJwEoASkBKgErASwBLQEuAS8BMAExATIBMwDXATQBNQE2ATcBOAE5AToBOwE8AT0BPgE/AUABQQFCAOIA4wFDAUQBRQFGAUcBSAFJAUoBSwFMAU0BTgFPAVABUQCwALEBUgFTAVQBVQFWAVcBWAFZAVoBWwD7APwA5ADlAVwBXQFeAV8BYAFhAWIBYwFkAWUBZgFnAWgBaQFqAWsBbAFtAW4BbwFwAXEAuwFyAXMBdAF1AOYA5wF2AKYBdwF4AXkBegF7AXwBfQF+ANgA4QDaANsA3ADdAOAA2QDfAX8BgAGBAYIBgwGEAYUBhgGHAYgBiQGKAYsBjAGNAY4BjwGQAZEBkgGTAZQBlQGWAZcBmAGZAZoBmwGcAZ0BngGfAaABoQGiAaMBpAGlAaYBpwGoAakBqgGrAawBrQGuAa8BsAGxAbIBswG0AbUBtgG3AJsBuAG5AboBuwG8Ab0BvgG/AcABwQHCAcMBxAHFAcYBxwHIAckBygHLAcwBzQHOAc8B0AHRAdIB0wHUAdUB1gHXAdgB2QHaAdsB3AHdAd4B3wHgAeEB4gHjAeQB5QHmAecB6AHpAeoB6wHsAe0B7gHvAfAB8QHyAfMB9AH1AfYB9wH4AfkB+gH7AfwB/QH+Af8CAAIBAgICAwIEAgUCBgIHAggCCQIKAgsCDAINAg4CDwIQAhECEgITAhQCFQIWAhcCGAIZAhoCGwIcAh0CHgIfAiACIQIiAiMCJAIlAiYCJwIoAikCKgIrALIAswIsAi0AtgC3AMQCLgC0ALUAxQCCAMIAhwCrAMYCLwIwAL4AvwIxALwCMgD3AjMCNAI1AjYCNwI4AIwAnwI5AjoCOwI8Aj0AmACoAJoAmQDvAKUAkgCcAKcAjwCUAJUAuQI+Aj8CQAJBAkICQwJEAkUCRgJHAkgCSQJKAksCTAJNAk4CTwJQAlECUgJTAlQCVQJWAlcCWAJZAloCWwJcAl0CXgJfAmACYQJiAmMCZAJlAmYCZwJoAmkCagJrAmwCbQJuAm8CcAJxAnICcwJ0AnUCdgJ3AngCeQJ6AnsCfAJ9An4CfwKAAoECggKDAoQChQKGAocCiAKJAooCiwKMAo0CjgKPApACkQKSApMClAKVApYClwKYApkCmgKbApwCnQKeAp8CoAKhAqICowKkAqUCpgKnAqgCqQKqAqsCrAKtAq4CrwKwArECsgKzArQCtQK2ArcCuAK5AroCuwK8Ar0CvgK/AsACwQLCAsMCxALFAsYCxwLIAskCygLLAswCzQLOAs8C0ALRAtIC0wLUAtUC1gLXAtgC2QLaAtsC3ALdAt4C3wLgAuEC4gLjAuQC5QLmAucC6ALpAuoC6wLsAu0C7gLvAvAC8QLyAvMC9AL1AvYC9wL4AvkC+gL7AvwC/QL+Av8DAAMBAwIDAwMEAwUDBgMHAwgDCQMKAwsDDAMNAw4DDwMQAxEDEgMTAxQDFQMWAxcDGAMZAxoDGwMcAx0DHgMfAyADIQMiAyMDJAMlAyYDJwMoAykDKgMrAywDLQMuAy8DMAMxAzIDMwM0AzUDNgM3AzgDOQM6AzsDPAM9Az4DPwNAA0EDQgNDA0QDRQNGA0cDSANJA0oDSwNMA00DTgNPA1ADUQNSA1MDVANVA1YDVwNYA1kDWgNbA1wDXQNeA18DYANhA2IDYwNkA2UDZgNnA2gDaQNqA2sDbANtA24DbwNwA3EDcgNzA3QDdQN2A3cDeAN5A3oDewN8A30DfgN/A4ADgQOCA4MDhAOFA4YDhwOIA4kDigOLA4wDjQOOA48DkAORA5IDkwOUA5UDlgOXA5gDmQOaA5sDnAOdA54DnwAsAM8AzADNAM4DoAOhA6IDowD6A6QDpQOmA6cDqAOpA6oDqwOsA60EbnVsbAVJLmFsdAd1bmkwMEFECW92ZXJzY29yZQpJZ3JhdmUuYWx0CklhY3V0ZS5hbHQPSWNpcmN1bWZsZXguYWx0DUlkaWVyZXNpcy5hbHQHQW1hY3JvbgdhbWFjcm9uBkFicmV2ZQZhYnJldmUHQW9nb25lawdhb2dvbmVrC0NjaXJjdW1mbGV4C2NjaXJjdW1mbGV4BENkb3QEY2RvdAZEY2Fyb24GZGNhcm9uBkRjcm9hdAdFbWFjcm9uB2VtYWNyb24GRWJyZXZlBmVicmV2ZQpFZG90YWNjZW50CmVkb3RhY2NlbnQHRW9nb25lawdlb2dvbmVrBkVjYXJvbgZlY2Fyb24LR2NpcmN1bWZsZXgLZ2NpcmN1bWZsZXgER2RvdARnZG90DEdjb21tYWFjY2VudAxnY29tbWFhY2NlbnQLSGNpcmN1bWZsZXgLaGNpcmN1bWZsZXgESGJhcgRoYmFyCkl0aWxkZS5hbHQGaXRpbGRlC0ltYWNyb24uYWx0B2ltYWNyb24KSWJyZXZlLmFsdAZpYnJldmULSW9nb25lay5hbHQHaW9nb25law5JZG90YWNjZW50LmFsdAZJSi5hbHQCaWoLSmNpcmN1bWZsZXgLamNpcmN1bWZsZXgMS2NvbW1hYWNjZW50DGtjb21tYWFjY2VudAxrZ3JlZW5sYW5kaWMGTGFjdXRlBmxhY3V0ZQxMY29tbWFhY2NlbnQMbGNvbW1hYWNjZW50BkxjYXJvbgZsY2Fyb24ETGRvdARsZG90Bk5hY3V0ZQZuYWN1dGUMTmNvbW1hYWNjZW50DG5jb21tYWFjY2VudAZOY2Fyb24GbmNhcm9uC25hcG9zdHJvcGhlA0VuZwNlbmcHT21hY3JvbgdvbWFjcm9uBk9icmV2ZQZvYnJldmUNT2h1bmdhcnVtbGF1dA1vaHVuZ2FydW1sYXV0BlJhY3V0ZQZyYWN1dGUMUmNvbW1hYWNjZW50DHJjb21tYWFjY2VudAZSY2Fyb24GcmNhcm9uBlNhY3V0ZQZzYWN1dGULU2NpcmN1bWZsZXgLc2NpcmN1bWZsZXgMVGNvbW1hYWNjZW50DHRjb21tYWFjY2VudAZUY2Fyb24GdGNhcm9uBFRiYXIEdGJhcgZVdGlsZGUGdXRpbGRlB1VtYWNyb24HdW1hY3JvbgZVYnJldmUGdWJyZXZlBVVyaW5nBXVyaW5nDVVodW5nYXJ1bWxhdXQNdWh1bmdhcnVtbGF1dAdVb2dvbmVrB3VvZ29uZWsLV2NpcmN1bWZsZXgLd2NpcmN1bWZsZXgLWWNpcmN1bWZsZXgLeWNpcmN1bWZsZXgGWmFjdXRlBnphY3V0ZQpaZG90YWNjZW50Cnpkb3RhY2NlbnQFbG9uZ3MKQXJpbmdhY3V0ZQphcmluZ2FjdXRlB0FFYWN1dGUHYWVhY3V0ZQtPc2xhc2hhY3V0ZQtvc2xhc2hhY3V0ZQxTY29tbWFhY2NlbnQMc2NvbW1hYWNjZW50BXRvbm9zDWRpZXJlc2lzdG9ub3MKQWxwaGF0b25vcwlhbm90ZWxlaWEMRXBzaWxvbnRvbm9zCEV0YXRvbm9zDUlvdGF0b25vcy5hbHQMT21pY3JvbnRvbm9zDFVwc2lsb250b25vcwpPbWVnYXRvbm9zEWlvdGFkaWVyZXNpc3Rvbm9zBUFscGhhBEJldGEFR2FtbWEHdW5pMDM5NAdFcHNpbG9uBFpldGEDRXRhBVRoZXRhCElvdGEuYWx0BUthcHBhBkxhbWJkYQJNdQJOdQJYaQdPbWljcm9uAlBpA1JobwVTaWdtYQNUYXUHVXBzaWxvbgNQaGkDQ2hpA1BzaQd1bmkwM0E5EElvdGFkaWVyZXNpcy5hbHQPVXBzaWxvbmRpZXJlc2lzCmFscGhhdG9ub3MMZXBzaWxvbnRvbm9zCGV0YXRvbm9zCWlvdGF0b25vcxR1cHNpbG9uZGllcmVzaXN0b25vcwVhbHBoYQRiZXRhBWdhbW1hBWRlbHRhB2Vwc2lsb24EemV0YQNldGEFdGhldGEEaW90YQVrYXBwYQZsYW1iZGEHdW5pMDNCQwJudQJ4aQdvbWljcm9uA3JobwZzaWdtYTEFc2lnbWEDdGF1B3Vwc2lsb24DcGhpA2NoaQNwc2kFb21lZ2EMaW90YWRpZXJlc2lzD3Vwc2lsb25kaWVyZXNpcwxvbWljcm9udG9ub3MMdXBzaWxvbnRvbm9zCm9tZWdhdG9ub3MJYWZpaTEwMDIzCWFmaWkxMDA1MQlhZmlpMTAwNTIJYWZpaTEwMDUzCWFmaWkxMDA1NA1hZmlpMTAwNTUuYWx0DWFmaWkxMDA1Ni5hbHQJYWZpaTEwMDU3CWFmaWkxMDA1OAlhZmlpMTAwNTkJYWZpaTEwMDYwCWFmaWkxMDA2MQlhZmlpMTAwNjIJYWZpaTEwMTQ1CWFmaWkxMDAxNwlhZmlpMTAwMTgJYWZpaTEwMDE5CWFmaWkxMDAyMAlhZmlpMTAwMjEJYWZpaTEwMDIyCWFmaWkxMDAyNAlhZmlpMTAwMjUJYWZpaTEwMDI2CWFmaWkxMDAyNwlhZmlpMTAwMjgJYWZpaTEwMDI5CWFmaWkxMDAzMAlhZmlpMTAwMzEJYWZpaTEwMDMyCWFmaWkxMDAzMwlhZmlpMTAwMzQJYWZpaTEwMDM1CWFmaWkxMDAzNglhZmlpMTAwMzcJYWZpaTEwMDM4CWFmaWkxMDAzOQlhZmlpMTAwNDAJYWZpaTEwMDQxCWFmaWkxMDA0MglhZmlpMTAwNDMJYWZpaTEwMDQ0CWFmaWkxMDA0NQlhZmlpMTAwNDYJYWZpaTEwMDQ3CWFmaWkxMDA0OAlhZmlpMTAwNDkJYWZpaTEwMDY1CWFmaWkxMDA2NglhZmlpMTAwNjcJYWZpaTEwMDY4CWFmaWkxMDA2OQlhZmlpMTAwNzAJYWZpaTEwMDcyCWFmaWkxMDA3MwlhZmlpMTAwNzQJYWZpaTEwMDc1CWFmaWkxMDA3NglhZmlpMTAwNzcJYWZpaTEwMDc4CWFmaWkxMDA3OQlhZmlpMTAwODAJYWZpaTEwMDgxCWFmaWkxMDA4MglhZmlpMTAwODMJYWZpaTEwMDg0CWFmaWkxMDA4NQlhZmlpMTAwODYJYWZpaTEwMDg3CWFmaWkxMDA4OAlhZmlpMTAwODkJYWZpaTEwMDkwCWFmaWkxMDA5MQlhZmlpMTAwOTIJYWZpaTEwMDkzCWFmaWkxMDA5NAlhZmlpMTAwOTUJYWZpaTEwMDk2CWFmaWkxMDA5NwlhZmlpMTAwNzEJYWZpaTEwMDk5CWFmaWkxMDEwMAlhZmlpMTAxMDEJYWZpaTEwMTAyCWFmaWkxMDEwMwlhZmlpMTAxMDQJYWZpaTEwMTA1CWFmaWkxMDEwNglhZmlpMTAxMDcJYWZpaTEwMTA4CWFmaWkxMDEwOQlhZmlpMTAxMTAJYWZpaTEwMTkzCWFmaWkxMDA1MAlhZmlpMTAwOTgGV2dyYXZlBndncmF2ZQZXYWN1dGUGd2FjdXRlCVdkaWVyZXNpcwl3ZGllcmVzaXMGWWdyYXZlBnlncmF2ZQlhZmlpMDAyMDgNdW5kZXJzY29yZWRibA1xdW90ZXJldmVyc2VkBm1pbnV0ZQZzZWNvbmQJZXhjbGFtZGJsCW5zdXBlcmlvcglhZmlpMDg5NDEGcGVzZXRhBEV1cm8JYWZpaTYxMjQ4CWFmaWk2MTI4OQlhZmlpNjEzNTIJZXN0aW1hdGVkCW9uZWVpZ2h0aAx0aHJlZWVpZ2h0aHMLZml2ZWVpZ2h0aHMMc2V2ZW5laWdodGhzB3VuaUZCMDEHdW5pRkIwMg1jeXJpbGxpY2JyZXZlCGRvdGxlc3NqEGNhcm9uY29tbWFhY2NlbnQLY29tbWFhY2NlbnQRY29tbWFhY2NlbnRyb3RhdGUMemVyb3N1cGVyaW9yDGZvdXJzdXBlcmlvcgxmaXZlc3VwZXJpb3ILc2l4c3VwZXJpb3INc2V2ZW5zdXBlcmlvcg1laWdodHN1cGVyaW9yDG5pbmVzdXBlcmlvcgd1bmkyMDAwB3VuaTIwMDEHdW5pMjAwMgd1bmkyMDAzB3VuaTIwMDQHdW5pMjAwNQd1bmkyMDA2B3VuaTIwMDcHdW5pMjAwOAd1bmkyMDA5B3VuaTIwMEEHdW5pMjAwQgd1bmlGRUZGB3VuaUZGRkMHdW5pRkZGRAd1bmkwMUYwB3VuaTAyQkMHdW5pMDNEMQd1bmkwM0QyB3VuaTAzRDYHdW5pMUUzRQd1bmkxRTNGB3VuaTFFMDAHdW5pMUUwMQd1bmkxRjREB3VuaTAyRjMJZGFzaWFveGlhB3VuaUZCMDMHdW5pRkIwNAVPaG9ybgVvaG9ybgVVaG9ybgV1aG9ybgd1bmkwMzAwB3VuaTAzMDEHdW5pMDMwMwRob29rCGRvdGJlbG93B3VuaTA0MDAHdW5pMDQwRAd1bmkwNDUwB3VuaTA0NUQHdW5pMDQ2MAd1bmkwNDYxB3VuaTA0NjIHdW5pMDQ2Mwd1bmkwNDY0B3VuaTA0NjUHdW5pMDQ2Ngd1bmkwNDY3B3VuaTA0NjgHdW5pMDQ2OQd1bmkwNDZBB3VuaTA0NkIHdW5pMDQ2Qwd1bmkwNDZEB3VuaTA0NkUHdW5pMDQ2Rgd1bmkwNDcwB3VuaTA0NzEHdW5pMDQ3Mgd1bmkwNDczB3VuaTA0NzQHdW5pMDQ3NQd1bmkwNDc2B3VuaTA0NzcHdW5pMDQ3OAd1bmkwNDc5B3VuaTA0N0EHdW5pMDQ3Qgd1bmkwNDdDB3VuaTA0N0QHdW5pMDQ3RQd1bmkwNDdGB3VuaTA0ODAHdW5pMDQ4MQd1bmkwNDgyB3VuaTA0ODMHdW5pMDQ4NAd1bmkwNDg1B3VuaTA0ODYHdW5pMDQ4OAd1bmkwNDg5B3VuaTA0OEEHdW5pMDQ4Qgd1bmkwNDhDB3VuaTA0OEQHdW5pMDQ4RQd1bmkwNDhGB3VuaTA0OTIHdW5pMDQ5Mwd1bmkwNDk0B3VuaTA0OTUHdW5pMDQ5Ngd1bmkwNDk3B3VuaTA0OTgHdW5pMDQ5OQd1bmkwNDlBB3VuaTA0OUIHdW5pMDQ5Qwd1bmkwNDlEB3VuaTA0OUUHdW5pMDQ5Rgd1bmkwNEEwB3VuaTA0QTEHdW5pMDRBMgd1bmkwNEEzB3VuaTA0QTQHdW5pMDRBNQd1bmkwNEE2B3VuaTA0QTcHdW5pMDRBOAd1bmkwNEE5B3VuaTA0QUEHdW5pMDRBQgd1bmkwNEFDB3VuaTA0QUQHdW5pMDRBRQd1bmkwNEFGB3VuaTA0QjAHdW5pMDRCMQd1bmkwNEIyB3VuaTA0QjMHdW5pMDRCNAd1bmkwNEI1B3VuaTA0QjYHdW5pMDRCNwd1bmkwNEI4B3VuaTA0QjkHdW5pMDRCQQd1bmkwNEJCB3VuaTA0QkMHdW5pMDRCRAd1bmkwNEJFB3VuaTA0QkYLdW5pMDRDMC5hbHQHdW5pMDRDMQd1bmkwNEMyB3VuaTA0QzMHdW5pMDRDNAd1bmkwNEM1B3VuaTA0QzYHdW5pMDRDNwd1bmkwNEM4B3VuaTA0QzkHdW5pMDRDQQd1bmkwNENCB3VuaTA0Q0MHdW5pMDRDRAd1bmkwNENFC3VuaTA0Q0YuYWx0B3VuaTA0RDAHdW5pMDREMQd1bmkwNEQyB3VuaTA0RDMHdW5pMDRENAd1bmkwNEQ1B3VuaTA0RDYHdW5pMDRENwd1bmkwNEQ4B3VuaTA0RDkHdW5pMDREQQd1bmkwNERCB3VuaTA0REMHdW5pMDRERAd1bmkwNERFB3VuaTA0REYHdW5pMDRFMAd1bmkwNEUxB3VuaTA0RTIHdW5pMDRFMwd1bmkwNEU0B3VuaTA0RTUHdW5pMDRFNgd1bmkwNEU3B3VuaTA0RTgHdW5pMDRFOQd1bmkwNEVBB3VuaTA0RUIHdW5pMDRFQwd1bmkwNEVEB3VuaTA0RUUHdW5pMDRFRgd1bmkwNEYwB3VuaTA0RjEHdW5pMDRGMgd1bmkwNEYzB3VuaTA0RjQHdW5pMDRGNQd1bmkwNEY2B3VuaTA0RjcHdW5pMDRGOAd1bmkwNEY5B3VuaTA0RkEHdW5pMDRGQgd1bmkwNEZDB3VuaTA0RkQHdW5pMDRGRQd1bmkwNEZGB3VuaTA1MDAHdW5pMDUwMQd1bmkwNTAyB3VuaTA1MDMHdW5pMDUwNAd1bmkwNTA1B3VuaTA1MDYHdW5pMDUwNwd1bmkwNTA4B3VuaTA1MDkHdW5pMDUwQQd1bmkwNTBCB3VuaTA1MEMHdW5pMDUwRAd1bmkwNTBFB3VuaTA1MEYHdW5pMDUxMAd1bmkwNTExB3VuaTA1MTIHdW5pMDUxMwd1bmkxRUEwB3VuaTFFQTEHdW5pMUVBMgd1bmkxRUEzB3VuaTFFQTQHdW5pMUVBNQd1bmkxRUE2B3VuaTFFQTcHdW5pMUVBOAd1bmkxRUE5B3VuaTFFQUEHdW5pMUVBQgd1bmkxRUFDB3VuaTFFQUQHdW5pMUVBRQd1bmkxRUFGB3VuaTFFQjAHdW5pMUVCMQd1bmkxRUIyB3VuaTFFQjMHdW5pMUVCNAd1bmkxRUI1B3VuaTFFQjYHdW5pMUVCNwd1bmkxRUI4B3VuaTFFQjkHdW5pMUVCQQd1bmkxRUJCB3VuaTFFQkMHdW5pMUVCRAd1bmkxRUJFB3VuaTFFQkYHdW5pMUVDMAd1bmkxRUMxB3VuaTFFQzIHdW5pMUVDMwd1bmkxRUM0B3VuaTFFQzUHdW5pMUVDNgd1bmkxRUM3C3VuaTFFQzguYWx0B3VuaTFFQzkLdW5pMUVDQS5hbHQHdW5pMUVDQgd1bmkxRUNDB3VuaTFFQ0QHdW5pMUVDRQd1bmkxRUNGB3VuaTFFRDAHdW5pMUVEMQd1bmkxRUQyB3VuaTFFRDMHdW5pMUVENAd1bmkxRUQ1B3VuaTFFRDYHdW5pMUVENwd1bmkxRUQ4B3VuaTFFRDkHdW5pMUVEQQd1bmkxRURCB3VuaTFFREMHdW5pMUVERAd1bmkxRURFB3VuaTFFREYHdW5pMUVFMAd1bmkxRUUxB3VuaTFFRTIHdW5pMUVFMwd1bmkxRUU0B3VuaTFFRTUHdW5pMUVFNgd1bmkxRUU3B3VuaTFFRTgHdW5pMUVFOQd1bmkxRUVBB3VuaTFFRUIHdW5pMUVFQwd1bmkxRUVEB3VuaTFFRUUHdW5pMUVFRgd1bmkxRUYwB3VuaTFFRjEHdW5pMUVGNAd1bmkxRUY1B3VuaTFFRjYHdW5pMUVGNwd1bmkxRUY4B3VuaTFFRjkHdW5pMjBBQgd1bmkwMzBGE2NpcmN1bWZsZXhhY3V0ZWNvbWITY2lyY3VtZmxleGdyYXZlY29tYhJjaXJjdW1mbGV4aG9va2NvbWITY2lyY3VtZmxleHRpbGRlY29tYg5icmV2ZWFjdXRlY29tYg5icmV2ZWdyYXZlY29tYg1icmV2ZWhvb2tjb21iDmJyZXZldGlsZGVjb21iEGN5cmlsbGljaG9va2xlZnQRY3lyaWxsaWNiaWdob29rVUMRY3lyaWxsaWNiaWdob29rTEMIb25lLnBudW0HemVyby5vcwZvbmUub3MGdHdvLm9zCHRocmVlLm9zB2ZvdXIub3MHZml2ZS5vcwZzaXgub3MIc2V2ZW4ub3MIZWlnaHQub3MHbmluZS5vcwJmZgd1bmkyMTIwCFRjZWRpbGxhCHRjZWRpbGxhBWcuYWx0D2djaXJjdW1mbGV4LmFsdApnYnJldmUuYWx0CGdkb3QuYWx0EGdjb21tYWFjY2VudC5hbHQGSXRpbGRlB0ltYWNyb24GSWJyZXZlB0lvZ29uZWsCSUoJSW90YXRvbm9zBElvdGEMSW90YWRpZXJlc2lzCWFmaWkxMDA1NQlhZmlpMTAwNTYHdW5pMDRDMAd1bmkwNENGB3VuaTFFQzgHdW5pMUVDQQAAAQACAAgACv//AA8AAQAAAAwAAAAAAAAAAgAFAAACNQABAjcCNwABAjsCWwABAl0DdgABA4IDqQABAAAAAQAAAAoADAAOAAAAAAAAAAEAAAAKAG4BWgABbGF0bgAIABAAAk1PTCAAKFJPTSAAQgAA//8ACQADAAgACwAAAA4AEQAUABcAGgAA//8ACgAEAAYACQAMAAEADwASABUAGAAbAAD//wAKAAUABwAKAA0AAgAQABMAFgAZABwAHWxpZ2EAsGxpZ2EAsGxpZ2EAsGxudW0AtmxudW0AtmxudW0AtmxvY2wAvGxvY2wAvG9udW0Awm9udW0Awm9udW0AwnBudW0AynBudW0AynBudW0AynNhbHQA0HNhbHQA0HNhbHQA0HNzMDEA0HNzMDEA0HNzMDEA0HNzMDIA2HNzMDIA2HNzMDIA2HNzMDMA3nNzMDMA3nNzMDMA3nRudW0A5HRudW0A5HRudW0A5AAAAAEACQAAAAEABwAAAAEACAAAAAIAAgADAAAAAQAEAAAAAgAAAAEAAAABAAAAAAABAAEAAAACAAUABgAKABYAPAB8AJQAzADgAO4BAgEuAVAAAQAAAAEACAACABAABQORA5IDkwOUA5UAAQAFAEoA3wDhAOMA5QABAAAAAQAIAAIALgAUACwAjgCPAJAAkQDqAOwA7gDwAPIA9AFaAWcBdwGhAaICyQLYA0UDRwACAAEDlgOpAAAAAQAAAAEACAABAAYDcAACAAEAEwAcAAAAAQAAAAEACAACABoACgODA4UDhgOHA4gDiQOKA4sDjAOEAAIAAwATABMAAAAVABwAAQOCA4IACQABAAAAAQAIAAEABgNuAAEAAQAUAAEAAAABAAgAAQA8/JAAAQAAAAEACAABAAb8kgABAAEDggABAAAAAQAIAAIAGgAKABMDggAVABYAFwAYABkAGgAbABwAAgABA4MDjAAAAAEAAAABAAgAAgAOAAQDjwOQASABIQABAAQBJAElAUkBSgAEAAAAAQAIAAEANgABAAgABQAMABQAHAAiACgCXgADAEkATwJdAAMASQBMA40AAgBJAjUAAgBPAjQAAgBMAAEAAQBJAAA=) format('truetype');
}
@font-face {
    font-family: 'OpenSans';
    src: url(data:font/ttf;base64,AAEAAAARAQAABAAQR0RFRgt8DNQAAZOIAAAALkdQT1MAGQAMAAGTuAAAABBHU1VC47MpuAABk8gAAALuT1MvMqJtoRgAAWNQAAAAYGNtYXCuu/X7AAFjsAAAA4hjdnQgEy0alAABcBAAAACqZnBnbbtzpHUAAWc4AAAH4Gdhc3AACAAbAAGTfAAAAAxnbHlmHX/K9AAAARwAAUvEaGVhZAMlSYMAAVRYAAAANmhoZWEOKQpSAAFjLAAAACRobXR4JNIGAAABVJAAAA6abG9jYbLbYCsAAU0AAAAHVm1heHAFNQIfAAFM4AAAACBuYW1lWGJ9LQABcLwAAAO6cG9zdH+4CW8AAXR4AAAfA3ByZXDICfxrAAFvGAAAAPgAAgDBAAAECgW2AAMABwAeQAwEAwUCAwIICQQDBwAALzIvMxESATk5ETMRMzEwEyERITchESHBA0n8t2gCef2HBbb6SmgE5gAAAgB1/+UB0wW2AAMADwAmQBIDCgoCBAQQEQEHDQdUWQ0TAgMAPz8rEQAzERIBOREzMxEzMTABIwMhATQ2MzIWFRQGIyImAaD0MwFa/qJaVlNbXFJUXAHlA9H62VRWWFJPW1kAAAIAhQOmA0IFtgADAAcAG0ALBAcAAwMIBgIHAwMAPzPNMhEBMxEzzDIxMAEDIwMhAyMDAZwpxSkCvSnFKQW2/fACEP3wAhAAAAIALQAABP4FtAAbAB8AfUBECBwfFQQUCQkKBAEAGQQYBQUGEg8OCwQKExMUFh4dBwQGFxcYGBQGCgQgIQgECwscAQ4fAA8PGRUSDhIOEgoXEwMGChIAPzM/MxI5OS8vETMzMxEzMxEzMzMRMzMREgEXOREzERIXOREzERIXOREzERIXOREzERIXOTEwAQchFSEDIxMjAyMTIzUhNyM1IRMzAzMTMwMzFQUzNyMD5y8BAv7XTdxOwkzXSu4BFS/8ASFN203GTtdO8P0dxC/EA0zozv5qAZb+agGWzujRAZf+aQGX/mnR6OgAAAMAWP+JBEQGEgAgACYALACGQEUkFwMdHRQNBioqISkeJwAnCA8jESEhGQARAC0uKh0nAAANJBEhEScrGichCSUGDBwXHE9ZFBcGDFBZBQYDBhcGFwYtFQAAPxI5OS8vETMQzSsRADMrERIAFzkRMxESOTkzERI5ORESATk5ETMzERI5OTIyERI5ORE5ETMzMzMRMzMzMTABFAYHFSM1JicRFhYXEScmJjU0Njc1MxUWFwcmJxEeAgU0JicVNgEUFhc1BgRE5s+J9LhX9WBDxqXjy4nluV6cpMOlTf7TRESI/m49RIEByZ/BE83JBVEBCCtCBgE2Gk63h5G7FJmVClLqQA7+2UtuhGcqOh/5FwK+LDke6xMABQA//+4G9gXLAAkAFAAYACIALQBKQCQWFxcFBQoQABAYFRUZGSkjHiMQIy4vICscJhkYBhcYAw0HEgcAPzPEMj8/PzPEMhESATk5ETMQwDISOREzETMQwDISOREzMTABFBYzMjU0IyIGBRQGIyImNRAhMhYlASMBExQWMzI1NCMiBgUUBiMiJjUQITIWATstMmBgMi0Bu7KspbQBWam1ArD81fADK4UtMmBgMi0Bu7KspbQBWam1BAB/ffz6e33m5+3gAcnt2PpKBbb8An99/Pp7feXn7d8Bye0AAAMAUv/sBgAFywAdACYAMQBxQDktDSMKAR0WAAoWDRMTJxkaGicNAwcBAAAzHgcHMhchGhYKJCQvLxAaGgQQECpNWRAEBCFMWQQTARIAPz8rABg/KxESADkYLxI5ETMSOTkREjkRATMRMxEzETMSFzkRMxEzERI5ORESORESOREzMTAhIScGIyIkNTQ2NyYmNTQ2MzIWFRQGBwE2NyEGAgclFBYzMjcBBgYBNCYjIgYVFBc2NgYA/odzv/H0/uJ5k0tE6cO634qaARxHNAE+JH5Q/MCBZX5l/rQ6QwFnSDlDTV9WXHGF4L+JwVRWnV2Yuq2Rd8VZ/ut1uIf+/2ODVmY9AUosYAKGNT1AO1hqMF0AAQCFA6YBnAW2AAMAErYAAwMEAgMDAD/NEQEzETMxMAEDIwMBnCnFKQW2/fACEAAAAQBS/rwCeQW2AA0AIEAOCwoKAwQEAAcHDwskAwMAPz8RATMRMzMRMzMRMzEwExASNzMGAhUUEhcjJgJSm5L6jZCTiPiTmgIxAQkBzq7B/jL09f43uaoBxgAAAQA9/rwCZAW2AA0AIEAOAwQECwoKAAcHDgoDBCQAPz8RATMRMzMRMzMRMzEwARACByM2EjU0AiczFhICZJuS+IeUkI36k5oCMf75/jqouAHJ9vQBzsGv/jEAAQA/AlYEHQYUAA4ANUAYCQsLBQMDDQEHBxAPBAoKBwcBDQ0GCA4AAD/EMjkRMzMSOREzERIBOREzMzMSOTMSOTEwAQMlFwUTBwMDJxMlNwUDArApAXUh/qzf45yJ7N3+ricBbSkGFP6QaPwY/td5ATn+yXcBKRr6aAFwAAEAWADjBDkExQALACZAEAgGCQkDAQAADA0LCQAGBAMALzMzMzIyERIBOREzMzMRMzMxMAEhNSERMxEhFSERIwHb/n0Bg9sBg/592wJk2wGG/nrb/n8AAQA//vgBywDuAAYAFbcCAwAFBQcDBQAvxhEBMxEzwjIxMCUGAyMSNyEByzR83EEkARjXyv7rAQrsAAEAPQGoAlYCogADABG1AwUABAABAC8zEQEzETMxMBM1IRU9AhkBqPr6AAEAdf/lAdMBOQALABZACgYAAAwJA1RZCRMAPysRATMRMzEwNzQ2MzIWFRQGIyImdVpWU1tcUlRcj1RWWFJPW1kAAAEADgAAA0QFtgADABxADAECAwACAAQFAwMCEgA/PxESATk5ETMRMzEwAQEhAQNE/d/+6wIhBbb6SgW2AAIASv/sBEgFzQALABcAKEAUDAYSAAYAGBkJFU9ZCQcDD09ZAxkAPysAGD8rERIBOTkRMxEzMTABEAIhIgAREBIhMgABEBYzMjYRECYjIgYESPv++/3+//oBBP0BA/01XW5sYGFrbV4C2/6B/pABfAFzAYMBb/6A/o7+8+nsAQoBDevrAAEAeQAAA04FtgAKACpAEwkEAAAIAQELDAgHBwEEBAkGARgAPz8zERI5ETMREgE5ETMzEjk5MTAhIRE3NwYHBycBMwNO/ssDBU0eqJUB1/4DTouYTRiHugF3AAEATgAABFAFywAdAD1AHhwOAQcAFgEWHh8WBwcCChIKTlkSBwIBHAEcTlkBGAA/KxESADkYPysREgA5ETMREgE5OREzMxEzMzEwISE1AT4CNTQmIyIGByc+AjMyFhYVFAYGBwcVIQRQ/AIBb6NkLGFRVaBXqGyOqGiJ0nRHlby8An3XAXOngW47WFZOSMdcTClktHRlsbqssQ4AAAEATv/sBEIFywAmAFtALyIXDRMTBwMcHAAABw0HJyghHiQeT1kDGBcYF1BZDBgBDQMYGAokBw0QChBPWQoZAD8rEQAzGD8SOS9fXl0rERIAOSsRADMREgE5OREzETMRMxEzERI5OTEwARQGBxUWFhUUBCEiJxEWFjMyNjU0JiMjNTMyNjU0IyIGByc2ITIEBBemlrG2/s7+5O64VcxkmZKouG9xqp3QSJVbj8gBFeMBBwRvicAkBharkdPrTwEHKzZoc2dW7VlspjA71ZC4AAACACMAAARxBbYACgATAEZAIg8HAwkCAgsDAwUAABUTBQUUBhMBBRMFUFkJExMDDwcGAxgAPz8zEjkvMysRADMSOREBMxEzETMREjkRMzMRMxI5OTEwASMRIREhNQEhETMhNTQ2NyMGBwEEcbD+0v2QAoEBHbD+IgoDCCU0/vQBL/7RAS/XA7D8afg+7BNSTv5rAAEAZP/sBDUFtgAbAFZAKxgVFRcDGRQUDggOAwgDHB0UEwkTDBAAEE9ZGQAABhUVGE5ZFQYGDE9ZBhkAPysAGD8rERIAORgvMysREgA5OREzERIBOTkRMxESOREzEjk5ETMxMAEyFhUUACEiJxEWFjMgNTQhIgYHJxMhESEDNzYCZtT7/tL+5/SWT9JeARv+2zWAKHs3Axn99hsjPQOm7s/1/vhPAQsqNejdFQxCAun++v7hBw4AAgBI/+wEUAXHABgAJABBQCEGEgwMIiIAHBIAEiUmDx9QWQ8PFQMVGU9ZFRkDCE9ZAwcAPysAGD8rERIAORgvKxESATk5ETMRMxI5ERI5MTATEAAhMhcVJiMiBgYHMzYzMhYVFAAjIiYCBTI2NTQmIyIGFRQWSAFvAW59R1lXn8lkCQ1j2sTe/vjqovGDAhBjamNkXoV9Am0BsgGoD/cUYLytqvbZ6v7vlgEgv4V7a3t6UXekAAABADcAAARQBbQABgAuQBYGAAACAQEFAgUHCAUDAgMCTlkDBgAYAD8/KxESADkREgE5OREzERI5ETMxMDMBIREhFQHjAiX9LwQZ/dcEsAEEwvsOAAADAEj/7ARKBckAFwAiAC4AU0ApEgYVLAMDGAkYJhUVDx4eCQ8JLzAGEhIhISkpDAAMG1FZDBkAI1FZAAcAPysAGD8rERIAOREzEjkRMxESATk5ETMREjkRMzIREjkRMxI5OTEwATIEFRQGBxYWFRQEIyIkNTQ2NyYmNTQkAxQWMzI2NTQmJwYTIgYVFBYXNjY1NCYCStIBAXyKpI/+5ubw/u6Fk31uAQQTeGhzcnF/1eJPYU1lYk5kBcm/onCvRVi/crTbzLt9wkpPtGudwvu8VmBjUUN1QmICzFFEPF8yLmA/RVAAAAIAQv/sBEoFxwAZACUAP0AgHQUTDAwjIwATACYnECBQWRAQAxYWGk9ZFgcDCFBZAxkAPysAGD8rERIAORgvKxESATk5ETMSORESOTIxMAEQACEiJzUWMzI2NjcjBgYjIiY1NAAzMhYSJSIGFRQWMzI2NTQmBEr+lP6PgkNUXJvIaggMOphyv9wBC+ai84L972BsYmRehn0DRv5Q/lYO+BVbw6teTPXa6wERmP7fwYR8anx7UHekAAACAHX/5QHTBHMACwAXACZAExIGBgwAABgPFVRZDxAJA1RZCRMAPysAGD8rEQEzETMzETMxMDc0NjMyFhUUBiMiJhE0NjMyFhUUBiMiJnVaVlNbXFJUXFpWU1tdUVRcj1RWWFJPW1kDi1RWWFJRWVgAAgA//vgB0wRzAAYAEgAoQBMNBwcTAwQGAQYGEwoQVFkKEAQGAC/GPysRATMRMxDCMhEzETMxMCUXBgMjEjcDNDYzMhYVFAYjIiYBvA80fNxBJC9aVlNbXVFUXO4Xyv7rAQrsAttUVlhSUVlYAAABAFgAywQ5BQAABgAnQBAFAQQAAQAHCAQDAwYAAgEFAD0vMzMzMjMRMxESATk5ETMRMzEwJQE1ARUBAQQ5/B8D4f1UAqzLAbaPAfDw/sP+5wAAAgBYAaIEOQQAAAMABwAkQBEHAwMJBAAIBVAEYAQCBAQAAQAvMzMvXTMRATMyETMRMzEwEzUhFQE1IRVYA+H8HwPhAyXb2/5929sAAAEAWADLBDkFAAAGACtAEgIAAQUABQcIAAYGAQIDAwUEAQA9LzMzMxEzETMRMxESATk5ETMRMzEwEwEBNQEVAVgCrP1UA+H8HwG6ARkBPfD+EI/+SgAAAgAG/+UDoAXLABkAJQBEQCIgGhoZAAANBwcSDRImJw8AAQkDAAAjIx1UWSMTDwpPWQ8EAD8rABg/KxEAMxgvX15dERIBOTkRMxESOREzMxEzMTABNTQ2NzY2NTQmIyIHJzYzMhYVFAYHBgYVFQE0NjMyFhUUBiMiJgEUUm1pQ2BWlsBt3/rO82SMYDP+11pWU1tcUlRcAeVKYI5QS146QURi233GpW6gZEdKPDz+qlRWWFJPW1kAAAIAZv9mBscFyQA0AD8AWUArBzk5FBQTNTUNOxMoEw0DIRkhLRkALQBAQRYINzcECj0QChAKECodMQQkKgAvMz8zEjk5Ly8RMxEzMxEzMxESATk5ETMRMxESFzkRMxEzERI5ETMSOTEwARQGBiMiJicjBiMiJjU0ADMyFhcDFDMyNjU0JiYjIgQCFRAAITI2NxUGISAAETQSJCEyBBIBFDMyNjc3JiMiBgbHXKhvSnIZEGynscwBDNhWz0MXTEBMhvOcyv7WnwEnARhq/nvW/vv+hP5X2QGRAQXcAVq8/ACsWl4KDTNAfYsC8JDviEc6gdW50wECIRf+F4u7l6H3gqb+x83+7P7ZLy3AWwGQAWT3AZPltP60/qrTf4/dC5wAAAIAAAAABYUFvAAHAA0AQ0AhAg0DCAEABgULCwMAAAcHDwMEBA4NAkxZDQ0DCwUDAAMSAD8zPzMSOS8rEQEzETMRMxEzERI5ETMzEjk5Ejk5MTAhAyEDIQEhAQECJicGAwQ3av3rav6yAgQBewIG/f6TJQghnAFc/qQFvPpEAmAB2XwkgP4HAAADALgAAAT0BbYADwAYACAAVkAsBxQUBAQaHgsLIhAaGg8PIQgQGRAZTVkMEAENAxAQDwAPGkxZDxIAGExZAAMAPysAGD8rERIAORgvX15dKxESADkRATMRMxEzETMRMxI5ETMSOTEwEyEgBBUUBgcVFhYVFAQjIQEzMjY1NCYjIxERMzI2NTQhuAHHATcBGXtmi3v+3/j93QE2tH5xe4WjyoB6/vwFtrHBg6gRCh+qjcjgA3NOWlRJ/cX+g2JltgABAHf/7ATRBcsAFgAxQBgHExMYAw0NFxQAEQBMWREEBwUKBUxZChMAPysRADMYPysRADMRATMRMxEzETMxMAEiAhUQITI3EQYjIAARNBIkMzIXByYmAyWvwAFvmtu03v7B/q6mATfR1ddkUqYEyf756/4XTf78SwGDAWrkAVe3Z/wnOgACALgAAAV1BbYACAAPAChAFAkAABENBAQQBQxMWQUDBA1MWQQSAD8rABg/KxEBMxEzETMRMzEwARAAISERISAAARAhIxEzIAV1/mX+fP5iAcsBZgGM/r7+YKWFAcAC6f6X/oAFtv6G/qUB1/xIAAEAuAAABAIFtgALAEVAJAgEAAANBgoKAQEMBglMWQwGAQ0DBgYBAgIFTFkCAwEKTFkBEgA/KwAYPysREgA5GC9fXl0rEQEzETMRMxEzETMzMTAhIREhFSERIRUhESEEAvy2A0r97AHv/hECFAW2/v6//v6HAAABALgAAAP+BbYACQA0QBoIAwMLBgAAAQEKBglMWQYGAQICBUxZAgMBEgA/PysREgA5GC8rEQEzETMRMxEzETMxMCEhESEVIREhFSEB6f7PA0b96wHw/hAFtv7+h/0AAQB3/+wFJwXLABoATEAnGhgYAg4NDQICExwTCAgbDhALEExZABpMWQAABQsEGBYFFkxZAgUTAD8zKxEAMxg/EjkvKysRADMRATMRMxESOREzETMRMxE5MTABIREGBiMgABEQACEyFwcmIyICFRQWMzI3ESEC4wJEjfmC/rX+owGVAWfh0Wegrcnyw7phZP7rAzX9Ci4lAYUBbAFiAYxa+FD+8uTu+xQBMQABALgAAAVmBbYACwA3QBwJAQEAAA0IBAQFBQwIA0xZTAgBCAgFCgYDAQUSAD8zPzMSOS9dKxEBMxEzETMRMxEzETMxMCEhESERIREhESERIQVm/sv9vf7KATYCQwE1Anf9iQW2/cMCPQAAAQBCAAAC2wW2AAsAMkAXCAAACgoDBQEBAwMMDQkEBAYDCgMDARIAPzMRMz8zETMREgE5ETMRMxEzETMRMzEwISE1NxEnNSEVBxEXAtv9Z7KyApmysrBSA7JSsLBS/E5SAAAB/2j+UgHuBbYADQAfQA4LAggIDgMFAAVMWQAJAwA/xCsRADMRATMRMzMxMBMiJxEWMzI2NREhERACH2lOUEJmWAE26v5SFgECFH+HBVr6qP8A/vQAAAEAuAAABVAFtgAMAEJAHwwCAgoLCwEAAA4IAwUFDQwCAgMLCwYDCAgFBgMBBRIAPzM/EjkRMxEzERI5ETMRATMRMzIRMxEzMxEzOREzMTAhIQEHESERIRE3ASEBBVD+oP6Bg/7KATZ6AYwBWP4CAmhe/fYFtv1jrAHx/XkAAAEAuAAABD8FtgAFAB9ADgQHAwAABgEDAANMWQASAD8rABg/EQEzETMRMzEwMxEhESERuAE2AlEFtvtK/wAAAQC4AAAG0wW2ABQAOkAcFAAJCwkIAwUODg0NFgUGFRICCQIGCwcDDgAGEgA/MzM/MxI5OREzEQEzMhEzETMREhc5ETMzMTAhASMSFREhESEBMwEhESERNDYTIwEDI/6gCRP+6wGmAVoGAW8Bpv7fAwwJ/ocEe/6idf1YBbb7ogRe+koCtDGAART7hwABALgAAAXJBbYADwA2QBkKAAkBBg0NAAARAwUGBgcQCwMHDggDAQcSAD8zPzMSOTkRATMyETM5ETMRMxESOTkSOTEwISEBIxIVESERIQEzAjURIQXJ/nb9hAkT/usBhwJ7Bw8BFwRS/tt9/VAFtvu5AR12ArQAAgB3/+wF5wXNAAsAFQAoQBQRAAAXDAYGFgkTTFkJBAMPTFkDEwA/KwAYPysRATMRMxEzETMxMAEQACEgABEQACEgAAEUFjMgERAhIgYF5/6Y/rD+sP6YAWkBUQFRAWX71bq5AXP+j7m8At3+lf56AYYBbQFtAYH+fP6U9fgB7QHu+QAAAgC4AAAEqgW2AAgAEwA0QBoECQkVAA4ODw8UDQBMWQ0NDxAQCExZEAMPEgA/PysREgA5GC8rEQEzETMRMxEzETMxMAEzMjY1NCYjIwUUBCEjESERISAEAe5mj453f40CvP7Z/vCF/soB0wEKARUDBnFsbWjK7Pr9+AW25QAAAgB3/qQF5wXNAA8AGQBCQCIGAwUEBAIDCAQKFQAAGxAKChoDBw0NF0xZDQQHE0xZBQcTAD/GKwAYPysREgA5EQEzETMRMxEzEhc5ETMRMzEwARACBwEhASMgABEQACEgAAEUFjMgERAhIgYF57exAWD+c/70F/6w/pgBaQFRAVEBZfvVurkBc/6PubwC3f7+/qNR/ncBSAGGAW0BbQGB/nz+lPX4Ae0B7vkAAAIAuAAABUgFtgAIABcATkAmExcXBAoEEBAKFhUZAAoKCwsYEwkMAAlNWQAACwwMCExZDAMWCxIAPzM/KxESADkYLysREgA5EQEzETMRMxAYxDIROREzERI5ETMxMAEzMjY1NCYjIxERIREhIAQVFAYHABchAQHuZJOMj5Ze/soBqgEqAR6OggFKZP6o/qMDLWJpaFj9ef3PBbbZ3YHJOf4TkAIxAAABAF7/7AQXBcsAJwBFQCIbGhohACEFFAwAFAAoKRQhAAwhDB4JFx5MWRcEAwlMWQMTAD8rABg/KxESADk5ETMRMxESATk5ETMRMzMREjkRMzEwARQEIyInERYWMzI2NTQmJicuAjU0JDMyFhcHJiYjIgYVFBYWFxYWBBf+4/7qtJTNVWZtMF2PhoZQAQfocs9xZHWZSlheJlObzZgBlsbkWAEgQjZOTStDPkQ/dJpnwt42MfEwJlJCKT05SmLFAAABACkAAAR5BbYABwAmQBIGAAADAQEICQcDBANMWQQDARIAPz8rEQAzERIBOREzMxEzMTAhIREhESERIQLs/sr+cwRQ/nMEtAEC/v4AAQCu/+wFXgW2ABIAJUAREQEBFAsICBMSCQMFDkxZBRMAPysAGD8zEQEzETMRMxEzMTABERQGBCMgADURIREUFjMyNjURBV6R/u67/ub+yAE1iJ2YiQW2/E6i9IIBIfsDrvyBqZ6fqgN9AAEAAAAABTMFtgALACpAEwMCCQkFAAEBDQUEBAwABAMJAxIAPzM/MxEBMxEzETMRMxE5ETMzMTABIQEhASEBFhYXNjcD+gE5/g/+rv4QATkBExcxBgtABbb6SgW2/JpNzShc5gABAAAAAAe8BbYAHQBGQCIKCQ8UEwUBABgYBQ8DDBwcHR0fDAsLHhwTBQsDGA8PAQoSAD8zMxEzPzMzMxEBMxEzETMRMxESFzkRMzMRMzMRMzMxMCEhAyYCJwYGBwMhASETFhc2NjcTIRMWFhc2NjcTIQZI/p/GCzUEBjANxf6g/osBMbsxFgYrE9UBJdUOKgsKLBK6ATEDACkBASw27zP9AgW2/OLdojnvQgMz/M034lFO6UgDHgAAAQAAAAAFVgW2AAsAREAgCwUCCAgHCQcGCQoGCgEAAA0DBAwLCAIFBQQJBgMBBBIAPzM/MxI5ETMzMxEBMzIRMxEzOTkRMxEzERI5ETMzMzEwISEBASEBASEBASEBBVb+nv6s/qz+tAHl/joBVgE7ATUBTv41Ain91wLyAsT98gIO/SsAAQAAAAAE/gW2AAgANkAZCAcHBQECAgAEBAUFCQoDBgYAAAUBBwMFEgA/PzMSOREzETMREgE5ETMSOTIRMxEzETMxMAEBIQERIREBIQJ/ATEBTv4b/sz+GwFQA1wCWvyD/ccCLwOHAAABADEAAARxBbYACQA7QB0IBAEDBwcAAQAKCwcEBQUETFkFAwIBCAEITFkBEgA/KxESADkYPysREgA5ERIBOTkRMxEzETMzMTAhITUBIREhFQEhBHH7wAK9/VYEGv1EAs/JA+0BAMj8EgAAAQCP/rwCcwW2AAcAHkANBgEBCAQACQUCAwYBJAA/Mz8zEQEzMhE5ETMxMAEhESEVIxEzAnP+HAHk4OD+vAb60/qsAAABAAwAAANCBbYAAwAcQAwAAwMEAgEBBQMDAhIAPz8RATMRMxEzETMxMAEBIQEBIQIh/uv93wW2+koFtgABADP+vAIXBbYABwAgQA4BBgYJAwcHCAAHJAMEAwA/Mz8zEQEzETMSOREzMTAXMxEjNSERITPf3wHk/hxxBVTT+QYAAAEACAIIBD0FvgAGAC1AFAIBBQUGBAQDAwgGAAAABAQHBQIGAD8zEjkvMwEyETMRMxEzERI5ETMzMTATATMBIwEBCAG2kAHv7/6+/ugCCAO2/EoCg/19AAAB//z+vANO/0gAAwAStgAFAQQCASQAPzMRATMRMzEwASE1IQNO/K4DUv68jAAAAQFMBNkDjQYhAAgAHEALAAdAAwUFCQoFgAAALxrdERIBOREzGsoyMTABJiYnNSEWFxUCwz/0RAFWP6wE2SzFQhVlyBsAAAIAVv/sBDsEdQAYACIASkAmEgwIDAIiIhgYJB0ICCMMGUtZDAwFFBQPRlkUEAIfBR9GWQUWABUAPz8rEQAzGD8rERIAORgvKxEBMxEzETMRMxI5MhESOTEwIScjBgYjIiY1NDY3NzU0IyIHJzYzMhYVEQEHBgYVFDMyNjUDZjsITaODobn5+8KuhrVlwevh8P7RdoWClGp/mGFLuKqyqQkGMapRzmXEyP0XAgYEBFhagXplAAIAoP/sBLQGFAASAB8AQkAhHQMDIQkQCw4XFwsLIAwACxUJEAYABhpHWQYWABNHWQAQAD8rABg/KxESADk5GD8/EQEzETMRMxI5OREzETMxMAEyEhEQAiMiJyMHIxEhERQHMzYXIgYHFRQWMzI2NTQmAw7G4OfHxXAVM+kBMQwMa3BxaAJrdF5vcARz/sv+8/7r/tCPewYU/pZFmKb0i6AhtJytpaWlAAEAXP/sA90EcwAVACpAFRMNBwcXDQICFgULR1kFEAAPR1kAFgA/KwAYPysRATMRMxEzERI5MTAFIBEQACEyFwcmJiMiERAzMjY3EQYGAmb99gEcAQnCmlpIfD7u7liWS0qXFAI9AR0BLUzsHSX+rv64LzL++y8kAAIAXP/sBHEGFAASAB8AQEAhCRYQAwsLDg4hHQMDIA8VDAARCQAGBhpHWQYQABNHWQAWAD8rABg/KxESADk5GD8/EQEzETMRMxEzEhc5MTAFIgIREBIzMhczJjURIREjJyMGJzI2NzU0JiMiBhUUFgICxeHlydNvChcBMuo7DWhqdW0Fb31mcXIUATIBDwETATOkfWIBZvnskaXziKMhtJytpaWlAAACAFz/7ARiBHMABgAbAEZAIwMSBAQZEREdEgoKHBgVEgMSSlkDAwcNDQBKWQ0QBxVGWQcWAD8rABg/KxESADkYLysREgA5EQEzETMRMxEzMxESOTEwASIGByEmJgMgABEQADMyABUVIRYWMzI2NxUGBgJvYW4IAawCcjb+8v7QARn47QEI/S8FkIJltGJQtgOae3Fxe/xSASoBEQEZATP+8u6UgpIqLuwoJwAAAQApAAADdQYfABUAPEAeFAICBwUDAxYXDQAAFwUBFAFGWQcUDwsQR1kLAAMVAD8/KwAYPzMrEQAzEQEzETMREjkRMzMzETMxMAEhESERIzU3NTQ2MzIXByYjIgYVFSEDCv74/s+oqLzPnntOXE5BOgEIA3n8hwN5k1JSv7Av4B1NPEYAAwAG/hQEbQRzACkANgBAAIBARAsdHT09BDAREQIpByAEIwEEBEIaKioXFzcjI0EaDQANAQ0GDTQHOktZCSAEAwcHJjQpAkpZKSkmJj9LWSYQFC1KWRQbAD8rABg/KxEAMxgvKwAYLxI5Lxc5KxEAM19eXRI5EQEzETMzETMRMxEzETMSFzkzETMRMxE5ETMxMAEVBxYVFAYjJycGFRQzMzIWFRQEISImNTQ2NyYmNTQ2NyYmNTQ2MzIWFwEUFjMyNjU0JiMjIgYTFBYzMjY1NCMiBG2vMPvfNy0vqL64wf65/s7q9356L0ZKRlhn7t0vgRL+J3ltpLpuc55UcW9TVVZQpqgEXpstS120yQMFJCxCnpnE2KOTZYgdFFszQFUpJqhyt8gRBPsEP0haTj8wTwNNW2pqW8oAAQCgAAAEqAYUABUANUAaAQAAFw8JDAgICQkWDwQSEgRHWRIQCgABCRUAPzM/PysREgA5EQEzETMRMxI5ETMRMzEwISERNCMiBhURIREhERQHBzM2MzIWFQSo/s+0gHL+zwExBwcQZt7FzAKN8q7D/fIGFP7DJYlapNTGAAIAkwAAAd8GFAAIAAwAJEARBAkJAAoKDQsPChUCB0lZAgAAPysAGD8/EQEzETMzETMxMBM0MzIVFAYjIgEhESGTpqZTU6YBPv7PATEFf5WVR0/7FwReAAAC/33+FAHfBhQADQAWAC9AGBILCw4CCAgXEBVJWRAACQ8DBQAFR1kAGwA/KxEAMxg/PysRATMRMzMzETMxMBMiJzUWMzI2NREhERQGAzQzMhUUBiMiRnVURklNRwExznCmplNTpv4UGfATVlQEqvspssEHa5WVR08AAAEAoAAABPYGFAAOAElAIwQHBwgCAwMGBQUQDgoNDQgICgoPCwAEBwcICA4OAwYKFQMPAD8/MxI5ETMROREzPxEBMxEzETMREjkRMxEzMxEzEjkRMzEwATcBIQEBIQEHESERIREHAcWFATkBWP5EAdf+oP6+g/7PATEQAmCqAVT+G/2HAcVp/qQGFP1K/gABAKAAAAHRBhQAAwATtwABAQQCAAEVAD8/EQEzETMxMCEhESEB0f7PATEGFAAAAQCgAAAHQgRzACMATUAmFBMTAAABAQocHBsbJQ0JCQoKJBMNDREgBREFR1kXERALDxwBChUAPzMzPz8zKxEAMxI5ETMRATMRMxI5ETMRMxESOREzEjkRMzEwISERNCYjIgYVESERMxczNjYzMhczNjYzMhYVESERNCYjIgYVBIn+z1FXdWr+z+kpES2qbvtZGy2vbr7D/s5RV3BvAo15eazF/fIEXo9NV6ROVsPX/ScCjXl5oK4AAAEAoAAABKgEcwAUADFAGAEAABYNCQkKChUNBRERBUdZERALDwEKFQA/Mz8/KxESADkRATMRMxI5ETMRMzEwISERNCYjIgYVESERMxczNjYzMhYVBKj+z1ZegHL+z+kpETOzcsPKAo15eavG/fIEXo9RU9PHAAACAFz/7ASYBHMACwAZAChAFAYMDBsAExMaFglHWRYQDwNHWQ8WAD8rABg/KxEBMxEzETMRMzEwARQWMzI2NTQmIyIGBRAAISImAjUQACEyFhIBk217emtse3psAwX+4P7/ofaEAR4BA6H2hAIxpqqpp6ampaf+7/7MjQEIsAESATCM/voAAAIAoP4UBLQEcwATAB8AQ0AiGAYGBwoDAwcdEAcQICEDCgANDRRHWQ0QCA8HGwAbR1kAFgA/KwAYPz8/KxESADk5ERIBOTkRMxEzETMRMxEzMTAFIicjFhURIREzFzM2MzISERQCBgMiBgcVFBYzMhE0JgMGxXAQEP7P+CsOa9LG4GnC3XFoAmt0zWUUj4wW/jsGSpGm/s7+8LP++IoDk4ugIbScAVKlpQAAAgBc/hQEcQRzAAsAIABCQCEWAx0DGhoZGSIJDw8hGhsXDx4WDBISB0dZEhAMAEdZDBYAPysAGD8rERIAOTkYPz8RATMRMxEzETMSOTkRMzEwJTI2NzU0JiMiERQWFyICERASMzIWFzM3IREhETQ3IwYGAm90bAVve9drBMbg5cdqnjwIGwEC/s4NDTGi24WmJbSc/q6opu8BMQEQARIBNFBUj/m2AdU9a1FUAAEAoAAAA3cEcwAQACVAEQISDQkJCgoRCw8KFQ0FBQAQAD8yETk/PxEBMxEzEjkRMzEwATIXAyYjIgYVESERMxczNjYDED4pFyU1kqP+z+ctDzSxBHMJ/uIKlof9xwRevF5zAAABAFz/7AOsBHMAJQA/QB8GGRQMAAAnHxQUJgAMFB8MHwodFx1GWRcQAwpGWQMWAD8rABg/KxESADk5ETMRMxEBMxEzETMRMxI5OTEwARQGIyImJzUWFjMyNTQmJicuAjU0NjMyFwcmJiMiFRQWFx4CA6zv7nqsS1XVUaYsbFqBeTfn1Mq/XFSSTIdXk4N6OgFMrLQhIPwoNmAkLTkmNlx3V5WjWNwkLkkpPDs1XHgAAAEAL//sAzcFTAAVAD1AHgwIDw8TEwoIAhEIERYXChIPEkZZDQwPDwUAR1kFFgA/KwAYPzPBKxEAMxESATk5ETMRMzMRMxESOTEwJTI3FQYjIiY1ESM1NzczFSEVIREUFgJ3UHByprenkqhYwwE5/sdJ3yPjM7m5AhuBZuzu5f3lQT4AAAEAmv/sBKIEXgAUADJAGAIRERQUFgsICBUSCQ8CBQ4FDkdZBRYAFQA/PysREgA5GD8zEQEzETMRMxEzEjkxMCEnIwYGIyImNREhERQWMzI2NREhEQO4KRAxtHPFyAExVl6AcgExj05V08YC2f1zeXmrxgIO+6IAAAEAAAAABI0EXgALACxAFAsABQUCCQkKCg0CAQEMCQEPBQAVAD8yPzMRATMRMxEzETMREjkRMzMxMCEBIRMWFzM2NxMhAQGq/lYBP9gkCQYFKNcBP/5WBF79g3lsYIUCffuiAAABABQAAAbFBF4AHQBKQCQFBAoQDwMdABcXAwoDBxsbHBwfBwYGHhcKCgMFDw8bBg8ABRUAPzM/MzMREjk5ETMRATMRMxEzETMREhc5ETMzETMzETMzMTAhAwMjAyEBIRMWFzM2NzcTIRMeAxczNjY3EyEBBDdWdAfM/rj+wgEwgR8gBgQfEIoBUIMEERANAQYJLgqGASv+vgGHAe78iwRe/hGF6kylVQIY/egWVmFdHEj7LAHv+6IAAQAKAAAElgReAAsATEAkBgUAAQkDAwIEAgEEBQEFCwgHBw0KCwsMCQYDAAABCAsVBAEPAD8zPzMSOREzMzMRATMRMxEzETMSOTkRMxEzERI5ETMSORI5MTABASETEyEBASEDAyEBhf6YAVrZ2wFa/pQBff6l6+z+pgI7AiP+nAFk/d39xQF//oEAAQAA/hQEjQReABYATEAlCxQUEBYWBAQBCAgJCRgQAQAAFwsUFBIEFhUQEg0SR1kNGwgADwA/Mj8rEQAzGD8zEjkRMxEBMxEzMxEzETMREjkRMxESOREzMTARIRMWFzM2NxMhAQYGIyInNRYzMjY3NwFO0xsKBgsgzwFH/idB8aFPTDdBUXkiEgRe/YtScGdbAnX7E6+uEfINY2Q3AAABADcAAAOqBF4ACQA9QB4DBwQHAQAACwgBAQoHBAUFBEZZBQ8CCAEBCEZZARUAPysREgA5GD8rERIAOREBMxEzETMREjk5ETMxMCEhNQEhNSEVASEDqvyNAgb+GQNC/ggCCrQCwenG/VEAAQAf/rwC1QW2AB8ANkAZAxQIHx8RGBggDRwcIQQDExMNGxscJA0MAwA/Mz8zERI5ETMzEQEzETMSOREzMxEzMzkxMAE0JiM1MjY1NRE0NjMVBgYVEQYHFRYVFREUFhcVIiY1AR+DfX6CwvRjSwbk6kpk9MIBDldc71hSCAE+mX3hA0ZE/tW8IgwjsQn+1URGA+J9mgAAAQHH/i8CogYOAAMAFLcCAwMEBQMAAAA/LxESATkRMzEwATMRIwHH29sGDvghAAEAUv68AwgFtgAiADZAGR8aDQAAEAgIJBQEBCMfHg4OFAUUFQMFBCQAPzM/MxESOREzMxEBMxEzEjkRMzMRMzM5MTAFFAYGIzU2NjURNTQ2NzUmJxE0Jic1MhYWFREVFBYzFSIGFQIIUr2nY0t2c+MGSmSnvlF7hX2DLXByNeICREcBKwtWaxEMIrwBK0ZEA+E1c27+wgpUVO9SYQAAAQBYAicEOQN9ABUAN0AYBgARCwALAw8PFwMWDw4OBgQDAwsREQAGAC8zMn0vMzMRMxEzETMRATMRMxESOTkRMxEzMTABIgYHNTYzMhYXFjMyNjcVBiMiJicmAUI3fTZnmUmBS4FiNX42ZZtCeFqDAqBDNudtICA3QDnnbRolOAACAHX+jwHTBF4AAwAPACZAEgMKCgIEBBEQAAcNB1RZDQ8DIgA/PysRADMREgE5ETMzETMxMBMzEyEBFAYjIiY1NDYzMhao9DP+pgFeWlZTW11RVFwCXvwxBSVUVlhSUVlYAAEAj//sBBAFywAbAERAIxEIGhoFGxsCFxcKAgocHRkTT1kIDk9ZAAUIGQgZCAYbGQYHAD8/Ejk5Ly8SOTkrKxESATk5ETMREjkRMzMRMzIxMCUkERASNzUzFRYXByYmIyIGFRAzMjY3FQYHFSMCM/5c0dOypoVaSHw+eXTtUoRkf4qysDsB+gEFARwfpp4JQesdJKer/rkfLf49CbwAAQBSAAAEagXLAB0AWEAsDxILAgkNDRoWFgIYEBgSEhAeHwwYGRhRWQkZGQATEg8SD05ZEhgABU9ZAAcAPysAGD8rERIAORE5GC8zKxEAMxESATk5ETMREjk5ETMzETMSORI5MTABMhcHJiMiBhUVIRUhFRQHIREhNTY2NTUjNTM1NDYCvMPDXZ1zTlQBd/6JlwLO++hnTbKy5QXLUuZAWVPB24+qTv78+CxyZJHbw8nZAAIAcQD+BCEEqgAbACcAPEAiEAwTCQUXGgIIAA4OIhwAHBwoKRcTEBoCDAkFCAcVFR8HJQAvM8YyERIXORESATkRMxDCMhESFzkxMBM0Nyc3FzYzMhc3FwcWFRQHFwcnBiMiJwcnNyY3FBYzMjY1NCYjIga8NoGTf1tqaVt/loE1NX2Sf19lc1R9kX82z21QUW9xT05vAtNmX3+TfzU3gY+BWW5rXH2RfTMze5F9XWhNb25OUG5wAAABAAYAAASJBbYAFgBxQDgOEhQSFQ0REQAJBQMFAgoGBgAAFgEBAgIYFhUVFwYSExJSWQADAQMTDwoODw5SWQcPDwwBFQYMGAA/PzMSOS8zKxEAMxgQxjIREjkrEQAzEQEzETMRMxEzERI5ETMRMxI5OREzETMRMxI5OREzMTABASEBMxUjFTMVIxUhNSM1MzUjNTMBIQJIAQgBOf6Bw/b29v7h9/f3vv6HATwDXAJa/RWyirLd3bKKsgLrAAIBx/4vAqIGDgADAAcAI0APAgYGAwcHCAkEAwQDBwAAAD8vOTkvLxESATkRMzMRMzEwATMRIxEzESMBx9vb29sGDvzR/n/80QAAAgBq/+wDfwYpAC0AOABVQCoKERcRBQUuIgAnHBwzFwAXOToDNjYTGTExKhMqDiUfJUtZHxYIDktZCAEAPysAGD8rERIAOTkRMxEzETMRMxESATk5ETMzETMRMzMzETMREjkxMBM0NjcmNTQ2MzIXByYmIyIGFRQWFxYWFRQHFhYVFAYjIic1FhYzMjU0JiYnJiY3FBYXNjU0JicGBnlIPYXftqrBUkSNTlFKY3Kjmn0+P+/Jy5JRxkbCJVpQt4rfgnROZYUlNQMlT4MoVJWDnlS+IDMuMDFKLUCpbbFTKGlKlK9Pzyk5dScwMyJKnYtDaC45WUReMQ5PAAIBFwT4A8UGBAALABcAIEANEgwABgAAGBkPAwMVCQAvMzMRMxESATkRMxDMMjEwATQ2MzIWFRQGIyImJTQ2MzIWFRQGIyImARdLQEJLTEFASwGTUTxBTU5APFEFfUFGSj08SUY/RkFIPz1IQQAAAwBk/+wGRAXLABUAJQA1AEJAHwMOCRMOEyYuJhYuHhYeNjcFCwARCxELERoqIhMyGgQAPzM/MxI5OS8vETMRMxESATk5ETMRMxESOTkRMxEzMTABIgYVEDMyNjcVBiMiJjU0NjMyFwcmATQSJDMyBBIVFAIEIyIkAjcUEgQzMiQSNTQCJCMiBAIDf2FqyzmEOXiEzODdx5WcSnH8fcgBXsrIAV7Kwv6i0M/+osOOpAEcoqQBG6Ok/uSipP7lowPylIP+6B4dvzn63dz1Tqg6/unIAV7KyP6iysX+ptDPAVrGpP7lo6QBHKKkARujpP7kAAACAC8C8AK4BccAFwAhAEFAHhgHARcXHhAHCwseBx4iIw8NDR8LCxMBGxsAAAQTHwA/xDkvMhEzEjkRMzISORESATk5ETMREjkRMxI5ETMxMAEnBgYjIiY1NDY3NzQjIgcnNjYzMhYVESUUFjMyNjU1BwYCMR8rfEp1faW5Y39RiEJCn2OJlf5ELiBNWWORAvxuOkB1am1tCQR1PYcgMo6D/kbVJiRTQSQGCgAAAgBSAF4EmgQEAAYADQBcQCsKDQwJCwsMAwYCBAQBBQwIDAwPDQYGAwcAAAoDAwILBAQMBQUBDgkCAggBAC8zMxEzERI5LzMzETMSOREzMxEzETMRMxEBMxEzENYyMhEzwTIRMxEzEMEyMTATARcBAQcBJQEXAQEHAVIBc9v+6QEX2/6NAfoBctz+6QEX3P6OAj0Bx3f+pP6kdwHFGgHHd/6k/qR3AcUAAQBYAPgEOQM/AAUAGkAKAQAABwMBAQYDBAAvMxI5LwEyETMRMzEwJSMRITUhBDnb/PoD4fgBbNsA//8APQGoAlYCogIGABAAAAAEAGT/7AZEBcsADAAVACUANQBmQDEEAwIFBQcAERENAw0HBwgDCC4mJhYuHhYeNjcCBgYNDQQVBAgVCQgJCAkaKiITMhoEAD8zPzMSOTkvLxEzETMREjkRMxI5ERIBOTkRMxEzERI5OREzETMREjkRMxI5ETMRMzEwARQHEyMDIxEjESEyFgEzMjY1NCYjIwE0EiQzMgQSFRQCBCMiJAI3FBIEMzIkEjU0AiQjIgQCBIWP7f6yL+UBCLWp/n8fQjk4RR39YMgBXsrIAV7Kwv6i0M/+osOOpAEcoqQBG6Ok/uSipP7lowOJqj/+cAFS/q4DlIz+8jlCQTb+38gBXsrI/qLKxf6m0M8BWsak/uWjpAEcoqQBG6Ok/uQAAAH/+gYUBAYG3QADABK2AAUBBAIBAAA/MxEBMxEzMTABITUhBAb79AQMBhTJAAACAFwDGQMQBcsADgAaABhACQAPDxwbEgwYBAAvM8QyERIBOREzMTATNDY2MzIWFhUUBgYjIiY3FBYzMjY1NCYjIgZcXKBeXKFdXaBdkcm/WUJCWltBQFsEcVygXlyiXF2hWseRQFpcPj9eXAACAFgAAAQ5BQIACwAPADZAGA8HBwYKCgsMAQEDCwsQEQ0MCwkBAQYEAgAvMzMzETMzLzMREgE5ETMzETMRMxEzMxEzMTABITUhETMRIRUhESMBNSEVAdv+fQGD2wGD/n3b/n0D4QKi2wGF/nvb/n/+39vbAAEALwJKAr4FywAWAChAEhUMAQYAEQERFxgJDh8CFRUBIAA/MxI5PzMREgE5OREzMxEzMzEwASE1NzY2NTQmIyIHJzYzMhYVFAYHByECvv154GY5MChRY3uTvYmeXoFpAWACSqjbZFkyJihYmIGFdVWWdV8AAQA7AjkCtgXJACUAPkAdFAsCGRkAACAGIAsQBgsGJicDFBQVFQkcIx8OCSEAPzM/MxI5LzMSORESATk5ETMRMxESOREzETMSOTEwARQHFRYWFRQGIyInNRYzMjU0JiMjNTMyNjU0JiMiBgcnNjYzMhYCmqpeaLC6j4KUe49YTnBcU1EyMy9UOWU+l2d/ogThjzcNFG5PeYtGvlprNTWgNDkmMiYojS8+gAABAUwE2QONBiEACAAcQAsDBEAIAAAJCgSAAAAvGs0REgE5ETMayTIxMAE1NjchFQYGBwFMrD8BVjT7RwTZG8hlFTTNMgAAAQCg/hQEqAReABgAP0AfCwYGCQkaEhYAFRUWFhkHFw8WGxIMDwMPA0dZDxYKFQA/PysREgA5ORg/PzMRATMRMxEzEjkRMxEzEjkxMAEUFjMyNjURIREjJyMGBiMiJicXFxEhESEB0VhefnIBMecrDyp4WD5oIAUF/s8BMQHReXmtxAIO+6KWVVUuLFWd/sAGSgABAHH+/ASPBhQADwAvQBULEAQFAQABARARCAgBDg4DTVkOBQEALzMvKxESADkYLxESATkRMxDEMhE5MTABIxEjESMRBiMiJjUQNjMhBI+hpqI+VNjL2ugCXP78BlD5sAMzEvr7AQT+AAEAdQIpAdMDfQALABVACQYAAAwDCVRZAwAvKxEBMxEzMTATNDYzMhYVFAYjIiZ1WlZTW11RVFwC01RWWFJRWVgAAAH/2/4UAaIAAAASADRAFxANDQUFAAsLExQQEA0UDRMJDgYJCQMbAD8zETMvERI5ERI5fC8REgE5ETMzEjkRMzEwBRQGIyInNRYWMzI1NCc3MwcWFgGil55ORBtbGUimTsEbSlj6gHIVqAcOPlMZmj0YZQAAAQBcAkoCSAW2AAoAKkATBAkAAAgBAQsMCAcHAQQECR4BIAA/PzMREjkRMxESATkRMzMSOTkxMAEjETc3BgcHJyUzAkjuAwUbME5tAS2/AkoBvnBfJCo9f+sAAgA5AvAC4QXHAAsAFwAfQA0MBhIABgAYGQ8DFQkfAD8zxDIREgE5OREzETMxMAEUBiMiJjU0NjMyFgUUFjMyNjU0JiMiBgLht5+ZubOjmLr+I0FISD8/SEhBBFyrwcWnqcLFpmRlZWRkY2MAAgBSAF4EmgQEAAYADQBaQCoLCQkKBwgEAgIDAAUBCAwICA4NBgYDBwAACgMDBAkCAggBAQUOCwQEDAUALzMzETMREjkvMzMRMxI5ETMzETMRMxEzEQEzETMQ1jLBMjMRMxDBMjMRMzEwAQEnAQE3AQUBJwEBNwEEmv6N2wEW/urbAXP+Bv6N2wEW/urbAXMCI/47dwFcAVx3/jka/jt3AVwBXHf+OQD//wAuAAAGkgW2ACYAe9IAACcCFwLJAAABBwI8A5z9twAJswMCEhgAPzU1AP//AC4AAAa0BbYAJgB70gAAJwIXAskAAAEHAHQD9v23AAeyAhAYAD81AP//AFoAAAawBckAJgB1HwAAJwIXAxAAAAEHAjwDuv23AAmzAwItGAA/NTUAAAIAPf55A9cEXgAbACcARkAkIhwcGwAABwcUFA4oDikAGxAbAgkDGxslJR9UWSUPEQpPWREjAD8rABg/KxEAMxgvX15dEQEzERI5ETMROREzMxEzMTABFRQGBwYGFRQWMzI2NxcGBiMiJjU0Njc2NjU1ARQGIyImNTQ2MzIWAslZbG05V1lPtGBmYvdq3Pthj181AShaVlNbXVFUXAJeSmKOTU5YPzlKOirdOEXBqWyeaUZKPTsBVlRWWFJRWVgA//8AAAAABYUHcwImACQAAAEHAEMABgFSAAizAhYFJgArNf//AAAAAAWFB3MCJgAkAAABBwB2ANEBUgAIswIWBSYAKzX//wAAAAAFhQdzAiYAJAAAAQcBSwBWAVIACLMCGwUmACs1//8AAAAABYUHYAImACQAAAEHAVIAVgFSAAizAhIFJgArNf//AAAAAAWFB1YCJgAkAAABBwBqAFYBUgAKtAMCIwUmACs1Nf//AAAAAAWFBwoCJgAkAAABBgFQdVgACbMDAiMDAD81NQAAAgAAAAAHJQW2AA8AEwBvQDwGEwMQEwMRBBEBCg4OAQEFDAgAABUEBQUUEANMWQoNTFkMCgENAxAKEAoBBhMJBglMWQYDBBIBDkxZARIAPysAGD8/KxEAMxESOTkYLy9fXl0rKxEBMxEzETMRMzMSOREzETMRMxESFzkRMzEwISERIQMhASEVIREhFSERIQEhESMHJfyX/hWW/sUCjwSW/c0CDv3yAjP7HQF6fwFc/qQFtv7+v/7+hwFgAk4A//8Ad/4UBNEFywImACYAAAAHAHoCHQAA//8AuAAABAIHcwImACgAAAEHAEP/twFSAAizARQFJgArNf//ALgAAAQCB3MCJgAoAAABBwB2AFwBUgAIswEUBSYAKzX//wCvAAAEFAdzAiYAKAAAAQcBS//1AVIACLMBGQUmACs1//8AuAAABAIHVgImACgAAAEHAGr/+QFSAAq0AgEhBSYAKzU1//8AKgAAAtsHcwImACwAAAEHAEP+3gFSAAizARQFJgArNf//AEIAAAMuB3MCJgAsAAABBwB2/6EBUgAIswEUBSYAKzX////cAAADQQdzAiYALAAAAQcBS/8iAVIACLMBGQUmACs1//8AOQAAAucHVgImACwAAAEHAGr/IgFSAAq0AgEhBSYAKzU1AAIALwAABXUFtgAMABgASEAkDQYGGhQSFhYMAQoKGRUMAAxMWRIAAAoCChZMWQoSAhFMWQIDAD8rABg/KxESADkYLzMrEQAzEQEzETMzMxEzMxEzETMxMBMzESEgABEQACEhESMlNCYjIxEzFSMRMyAviQHLAWYBjP5l/nz+YokEBNDSo+3tgwHCA1ICZP6G/q3+l/6AAlSN6O/+mv7+rP//ALgAAAXJB2ACJgAxAAABBwFSANMBUgAIswEUBSYAKzX//wB3/+wF5wdzAiYAMgAAAQcAQwB1AVIACLMCHgUmACs1//8Ad//sBecHcwImADIAAAEHAHYBRgFSAAizAh4FJgArNf//AHf/7AXnB3MCJgAyAAABBwFLAMMBUgAIswIjBSYAKzX//wB3/+wF5wdgAiYAMgAAAQcBUgDDAVIACLMCGgUmACs1//8Ad//sBecHVgImADIAAAEHAGoAwwFSAAq0AwIrBSYAKzU1AAEAgQEMBBAEmgALAB1ACwYDAAkJDA0JBgMAABkvMjIyERIBOREzMzMxMAEBNwEBFwEBBwEBJwGs/tWYAS0BMZn+zwEtlf7P/tOWAtMBLZr+1QErlv7P/tGYAS3+1ZgAAAMAd/+mBecGBAATABsAIgA5QBwXHxwUFAocAAoAIyQWHiEZDRlMWQ0EAyFMWQMTAD8rABg/KxESADk5ERIBOTkRMxEzERI5OTEwARAAISInByc3JhEQACEyFzcXBxYBFBcBJiMiBgU0JwEWMyAF5/6Y/rDFi1qiWsYBaQFRxpJUoFjC+9U4AfpUabm8AuYz/gxMaAFzAt3+lf56QYdsiMIBgwFtAYFGfWiDwv6Gv3QC9C359bR1/REn//8Arv/sBV4HcwImADgAAAEHAEMAKwFSAAizARsFJgArNf//AK7/7AVeB3MCJgA4AAABBwB2AQ4BUgAIswEbBSYAKzX//wCu/+wFXgdzAiYAOAAAAQcBSwCaAVIACLMBIAUmACs1//8Arv/sBV4HVgImADgAAAEHAGoAmgFSAAq0AgEoBSYAKzU1//8AAAAABP4HcwImADwAAAEHAHYAgQFSAAizAREFJgArNQACALgAAASqBbYADAAVADZAHBEAABcNCQUFBgYWBA1NWQkVTVkECQQJBgcDBhIAPz8SOTkvLysrEQEzETMRMzMRMxEzMTABFAQhIxEhESEVMzIEATMyNjU0JiMjBKr+4/76mf7KATay/gEM/URkkY5/iHwDAuX4/tsFtuXu/jxpemtoAAABAKD/7AVoBh8ANQBUQCsUByEhJycAAC4aDg43Li8vNg4aIQcAJycHGgMYKjMqR1kzAC8VERhKWREWAD8rABg/PysREgAXOREzETMRMxEBMxEzETMRMxI5ETMROREzMzEwARQOBBUUFhceAhUUBiMiJic1FhYzMjU0JiYnJiY1NDY3NjY1NCYjIgYVESERNCQhMgQE4SpASkAqNUKSaTPp42OQPDWlQKggUkp+YkZGTT5/ZHSC/s8BJQEC9AEmBNlAYUw6MCoWGzQoW2J6TqyuHSLyJDJ7KTM8Kkh3UUBqMTdQLjxRaWD7mARzyeOxAP//AFb/7AQ7BiECJgBEAAABBgBDowAACLMCKxEmACs1//8AVv/sBDsGIQImAEQAAAEGAHZtAAAIswIrESYAKzX//wBW/+wEOwYgAiYARAAAAQYBS/f/AAizAjARJgArNf//AFb/7AQ7Bg4CJgBEAAABBgFSCgAACLMCJxEmACs1//8AVv/sBDsGBAImAEQAAAEGAGoGAAAKtAMCOBEmACs1Nf//AFb/7AQ7BrICJgBEAAABBgFQKQAACrQDAiYRJgArNTUAAwBW/+wG/gR1ACgAMgA4AIVARTU2AxggIDIUDQ0yMgk2NiYfHzotCQk5JSAjNSBKWTU1BgMYABsbM0pZGxANKUtZDQ0WBhYRRlkWEAAjRlkABgYvRlkGFgA/KxEAMysAGD8rERIAORgvKwAYPysREgA5ORI5GC8rERIAOREBMxEzETMRMzMREjkRMxE5ETMSOTkROTEwBSImJwYGIyImNTQ2Nzc1NCYjIgcnNjMyFzY2MzIAFRUhFhYzMjcVBgYBBwYGFRQzMjY1ASIHISYmBTGJ4UhixZ6hw/Lxv1lNjKVjvenjc0KteN0BAP0tBZCCxLhPuP1BcXx8jGV4AiPZEQGuAmoUZWl1Wb2lsqkJBlRFQk3KZYNAQf7t6ZSCkljsJygCGgQEV1uBemUB8OxwfAD//wBc/hQD3QRzAiYARgAAAAcAegGDAAD//wBc/+wEYgYhAiYASAAAAQYAQ6kAAAizAiQRJgArNf//AFz/7ARiBiECJgBIAAABBgB2cwAACLMCJBEmACs1//8AXP/sBGIGIQImAEgAAAEGAUsIAAAIswIpESYAKzX//wBc/+wEYgYEAiYASAAAAQYAahIAAAq0AwIxESYAKzU1////mwAAAdwGIQImAPMAAAEHAEP+TwAAAAizAQwRJgArNf//AJEAAALSBiECJgDzAAABBwB2/0UAAAAIswEMESYAKzX///+GAAAC6wYhAiYA8wAAAQcBS/7MAAAACLMBEREmACs1////4wAAApEGBAImAPMAAAEHAGr+zAAAAAq0AgEZESYAKzU1AAIAXP/sBJgGIwAbACcAdkA7ABkCFxccBQgDCwMCAhEcHAsLKSIRESgZABgCBQgDCQkYGAIWFh8UFB9GWRQUDgIOJUZZDhYDAktZAwEAPysAGD8rERIAORgvKxESADkREjkRMxESOTkREjk5EQEzETMRMxEzERI5ETMREjk5ETMREjk5MTABJic3Fhc3FwcWEhUQACMiADU0ADMyFzcmJwcnATQmIyIGFRQWMzI2Af5QSGWQcuFkqpyU/t7/9f7aAQTdzUYIQ33mZAISemt5b3hwe2oFFzUnsEFMi5poj/6V6P7o/scBEuvpARFiBKJ3jpz9aGyCiZKMjqQA//8AoAAABKgGDgImAFEAAAEGAVIzAAAIswEZESYAKzX//wBc/+wEmAYhAiYAUgAAAQYAQ6EAAAizAiIRJgArNf//AFz/7ASYBiECJgBSAAABBwB2AIcAAAAIswIiESYAKzX//wBc/+wEmAYhAiYAUgAAAQYBSwwAAAizAicRJgArNf//AFz/7ASYBg4CJgBSAAABBgFSDAAACLMCHhEmACs1//8AXP/sBJgGBAImAFIAAAEGAGoMAAAKtAMCLxEmACs1NQADAFgA3QQ5BMcAAwAPABsAKkASFgoKEAQEAAMDHQAcGRMNBwABAC8zxDLEMhEBMxEzERI5ETMzETMxMBM1IRUFNDYzMhYVFAYjIiYRNDYzMhYVFAYjIiZYA+H9g0pCQklKQUFLSkJDSEpBQUsCZNvb70xLTklGUk4DBEtNUUdGUU4AAwBc/7QEmASRABMAGwAjADlAHBcfHBQUChwACgAlJBYeIRkNGUdZDRADIUdZAxYAPysAGD8rERIAOTkREgE5OREzETMREjk5MTABEAAhIicHJzcmERAAITIXNxcHFgEUFwEmIyIGBTQnARYzMjYEmP7g/v9+bEOaRJgBHgEDhHQ3mDqO/PsTAT0rP3psAc0M/ssmNnprAjH+7/7MLWVpZJwBFAESATA0UmxUm/77XkgB2xelp1E8/jIPqf//AJr/7ASiBiECJgBYAAABBgBDqQAACLMBHREmACs1//8Amv/sBKIGIQImAFgAAAEHAHYApgAAAAizAR0RJgArNf//AJr/7ASiBiECJgBYAAABBgFLMQAACLMBIhEmACs1//8Amv/sBKIGBAImAFgAAAEGAGovAAAKtAIBKhEmACs1Nf//AAD+FASNBiECJgBcAAABBgB2PQAACLMBHxEmACs1AAIAoP4UBLQGFAAVACEAREAiHwYGIxUMEBoTDw8QECIRABAbDBUJAwkdR1kJFgMWR1kDEAA/KwAYPysREgA5ORg/PxEBMxEzETMzEjk5ETMRMzEwATY2MzISERACIyInIxcXESERIREHBxciBgcVFBYzMhE0JgHRMqJpxuDfx9VoDgcH/s8BMQcH6XFoAmt0zWUDzVFV/sv+8/7v/syJPl7+OwgA/nl4SE6LoCG0nAFSpaUA//8AAP4UBI0GBAImAFwAAAEGAGrcAAAKtAIBLBEmACs1Nf//AAAAAAWFBv4CJgAkAAABBwFNAFgBUgAIswIRBSYAKzX//wBW/+wEOwWsAiYARAAAAQYBTQoAAAizAiYRJgArNf//AAAAAAWFB30CJgAkAAABBwFOAFYBUgAIswIRBSYAKzX//wBW/+wEOwYrAiYARAAAAQYBTgwAAAizAiYRJgArNf//AAD+FAWFBbwCJgAkAAAABwFRA3sAAP//AFb+FARMBHUCJgBEAAAABwFRAqwAAP//AHf/7ATRB3MCJgAmAAABBwB2AQoBUgAIswEfBSYAKzX//wBc/+wD/AYhAiYARgAAAQYAdm8AAAizAR4RJgArNf//AHf/7ATRB3MCJgAmAAABBwFLAKoBUgAIswEkBSYAKzX//wBc/+wEDgYhAiYARgAAAQYBS+8AAAizASMRJgArNf//AHf/7ATRB2YCJgAmAAABBwFPAdkBUgAIswEeBSYAKzX//wBc/+wD3QYUAiYARgAAAQcBTwE7AAAACLMBHREmACs1//8Ad//sBNEHcwImACYAAAEHAUwArAFSAAizARwFJgArNf//AFz/7AQfBiECJgBGAAABBgFMAAAACLMBGxEmACs1//8AuAAABXUHcwImACcAAAEHAUwAaAFSAAizAhUFJgArNf//AFz/7AYlBhQCJgBHAAAABwI4A28AAP//AC8AAAV1BbYCBgCSAAAAAgBc/+wFDAYUABsAKABgQDEOAx8KFxkQDAwVExcXKiYDAykJGgYABiNHWRYODw5KWRMPBg8GDxEYFREAABxHWQAWAD8rABg/PxI5OS8vETMrEQAzKxESADk5EQEzETMRMxEzMzMRMzMSOTkSOTEwBSICERASMzIWFzMmNTUhNSE1IRUzFSMRIycjBicyNjc1NCYjIgYVFBYB+MDcxuBsqTUKF/7FATsBMpub+EAMaExuaQRlhW9TZBQBIAECARoBDVRQg2Uzx6Ghx/tUkaXze5YcsIGKqZWWAP//ALgAAAQCBv4CJgAoAAABBwFN//cBUgAIswEPBSYAKzX//wBc/+wEYgWsAiYASAAAAQYBTfsAAAizAh8RJgArNf//ALgAAAQCB30CJgAoAAABBwFO/+oBUgAIswEPBSYAKzX//wBc/+wEYgYrAiYASAAAAQYBTgAAAAizAh8RJgArNf//ALgAAAQCB0kCJgAoAAABBwFPAS8BNQAIswETBSYAKzX//wBc/+wEYgYUAiYASAAAAQcBTwE/AAAACLMCIxEmACs1//8AuP4UBAIFtgImACgAAAAHAVECNQAA//8AXP4oBGIEcwImAEgAAAAHAVECPwAU//8ArwAABBQHcwImACgAAAEHAUz/9QFSAAizAREFJgArNf//AFz/7ARiBiECJgBIAAABBgFMAgAACLMCIREmACs1//8Ad//sBScHcwImACoAAAEHAUsAuAFSAAizASgFJgArNf//AAb+FARtBiECJgBKAAABBgFL3AAACLMDThEmACs1//8Ad//sBScHfQImACoAAAEHAU4AvgFSAAizAR4FJgArNf//AAb+FARtBisCJgBKAAABBgFO4gAACLMDRBEmACs1//8Ad//sBScHZgImACoAAAEHAU8B/AFSAAizASIFJgArNf//AAb+FARtBhQCJgBKAAABBwFPAQgAAAAIswNIESYAKzX//wB3/jsFJwXLAiYAKgAAAAcCOQEXAAD//wAG/hQEbQYhAiYASgAAAQYCOloAAAizA0URJgArNf//ALgAAAVmB3MCJgArAAABBwFLAKABUgAIswEZBSYAKzX//wCgAAAEqAeqAiYASwAAAQcBSwA1AYkAC7QBIyMKAAA/3hE1AAACAAAAAAYfBbYAEwAXAFFAKBQRBQUCAAQEGRcQCAgNCwkJGBcHTFkWAwsLEAAMFwwXDAkSDgMFCRIAPzM/MxI5OS8vETMzMxEzMysRATMRMzMzETMzETMRMzMzETMzMTABMxUjESERIREhESM1MzUhFSE1IQE1IRUFZrm5/sv9vf7KuLgBNgJDATX+y/29BPTH+9MCd/2JBC3HwsLC/cO0tAABAAQAAASoBhQAHABUQCoSCAEAAB4WCRMQCAgNCwkJHRYZBBkER1kTCwwLSlkQDBkMGQwJDgABCRUAPzM/Ejk5Ly8RMysRADMrERIAOREBMxEzMzMRMzMSOREzETMSOTEwISERNCMiBhURIREjNTM1IRUhFSEVFAczNjMyFhUEqP7PtH9z/s+cnAExATv+xQ4SZt7FygJQ8q/C/i8ErMehoccSU7ak0scA////8QAAAy4HYAImACwAAAEHAVL/IgFSAAizARAFJgArNf///5sAAALYBg4CJgDzAAABBwFS/swAAAAIswEIESYAKzX//wA/AAAC5Qb+AiYALAAAAQcBTf8kAVIACLMBDwUmACs1////6QAAAo8FrAImAPMAAAEHAU3+zgAAAAizAQcRJgArNf//AAcAAAMaB30CJgAsAAABBwFO/yQBUgAIswEPBSYAKzX///+vAAACwgYrAiYA8wAAAQcBTv7MAAAACLMBBxEmACs1//8AQv4UAtsFtgImACwAAAAGAVF3AP//ACv+FAHfBhQCJgBMAAAABgFRIQD//wBCAAAC2wdmAiYALAAAAQcBTwBUAVIACLMBEwUmACs1AAEAoAAAAdEEXgADABO3AAEBBAIPARUAPz8RATMRMzEwISERIQHR/s8BMQReAP//AEL+UgULBbYAJgAsAAAABwAtAx0AAP//AJP+FAQpBhQAJgBMAAAABwBNAkoAAP///2j+UgMJB3MCJgAtAAABBwFL/uoBUgAIswEbBSYAKzX///99/hQC5wYhAiYCNwAAAQcBS/7IAAAACLMBGxEmACs1//8AuP47BVAFtgImAC4AAAAHAjkAnAAA//8AoP47BPYGFAImAE4AAAAGAjl1AAABAKAAAAT2BF4ADwBBQB8EBwcIAgMGBQURDQgICgoQCw8EBwcICA8PAwYKFQMPAD8/MxI5ETMROREzPxEBMxEzETMRMxEzMzIROREzMTABNwEhAQEhAQcRIREhEQcHAc+NAToBRf5IAdP+pP7Gj/7PATEDAwJGqgFu/gD9ogGqWv6wBF7+26FSAP//ALgAAAQ/B3MCJgAvAAABBwB2/78BUgAIswEOBSYAKzX//wCgAAAC9AesAiYATwAAAQcAdv9nAYsAC7QBDAwCAAA/3hE1AP//ALj+OwQ/BbYCJgAvAAAABgI5SgD//wBj/jsB0QYUAiYATwAAAAcCOf8FAAD//wC4AAAEPwW3AiYALwAAAQcCOAF1/6MAB7IBCQMAPzUA//8AoAAAA4UGFAImAE8AAAAHAjgAzwAA//8AuAAABD8FtgImAC8AAAAHAU8CL/1w//8AoAAAA5cGFAAmAE8AAAAHAU8BuP04AAEAAgAABD8FtgANAEVAIQwPCQcLCwQDAAAOBwQIAwMKAQkCCQgCCAAFAwALTFkAEgA/KwAYPxI5OREzERI5OTMREjk5EQEzETMzMxEzMxEzMTAzEQcnNxEhETcXBREhEbhFcbYBNo91/vwCUQHsKcRvAsD9/FjEnv5Y/wAAAAEAAAAAAqQGFAALAEtAIwMGAgcACQEBBwIICAUCAAQECQUFDA0IBwIBBwEHAQUKAAUVAD8/Ejk5Ly8RMxEzERIBOREzMxEzMxEzERI5ORIAOTkREjk5MTABNxcHESERByc3ESEB6UZ1u/7PR3G4ATEDoivFcP1oAd0rxXADLQD//wC4AAAFyQdzAiYAMQAAAQcAdgFEAVIACLMBGAUmACs1//8AoAAABKgGIQImAFEAAAEHAHYAqgAAAAizAR0RJgArNf//ALj+OwXJBbYCJgAxAAAABwI5APgAAP//AKD+OwSoBHMCJgBRAAAABgI5dQD//wC4AAAFyQdzAiYAMQAAAQcBTADuAVIACLMBFQUmACs1//8AoAAABKgGIQImAFEAAAEGAUxOAAAIswEaESYAKzX//wAGAAAFogW2ACcAUQD6AAAABgIH7QAAAQC4/lIFyQW2ABoASEAjEggYEAMNFRUYGBwKDQ0OGxIKDhYPAxgICA4SAwUABUxZACcAPysRADMYPzMRMz8zEjk5EQEzMhE5ETMRMxESOTkSOTkxMAEiJxEWMzI2NwEjEhURIREhATMnJjURIREUBgP4clNdSW12Cfz+CRP+6wGHAnsHCAcBF/H+UhYBAhRbUwRO/tt9/VAFtvyFl22QAef6Ss/fAAEAoP4UBKgEcwAcAEFAIQIHBxoaHhIODg8PHRIKFhYKR1kWEBAPDxUDBQAFR1kAGwA/KxEAMxg/Pz8rERIAOREBMxEzEjkRMxEzETkxMAEiJzUWMzI1ETQjIgYVESERMxczNjYzMhYVERQGAz1rTTs8e7SAcv7P6SkTMrB0w8q8/hQZ8BOqAvDbq8b98gRej09V08f8rrPAAP//AHf/7AXnBv4CJgAyAAABBwFNAMMBUgAIswIZBSYAKzX//wBc/+wEmAWsAiYAUgAAAQYBTQwAAAizAh0RJgArNf//AHf/7AXnB30CJgAyAAABBwFOAMUBUgAIswIZBSYAKzX//wBc/+wEmAYrAiYAUgAAAQYBTgwAAAizAh0RJgArNf//AHf/7AXnB3MCJgAyAAABBwFTAUIBUgAKtAMCKAUmACs1Nf//AFz/7ASYBiECJgBSAAABBgFTewAACrQDAiwRJgArNTUAAgB3/+wHUAXNABYAIwBlQDYRFRUNASAgBxMPAAAlGgcHJBEUTFkMEQENAxERAQ0NEExZDQMKF0xZCgQEHUxZBBIBFUxZARIAPysAGD8rABg/KwAYPysREgA5GC9fXl0rEQEzETMRMxEzMxI5ETMzMxEzMTAhIQYGIyAAERAAITIWFyEVIREhFSERIQEiBhUUFjMyNjcRJiYHUPyXJo4t/sH+sAFTAT49hCMDZP3NAg798gIz+7imrKykQXomI4UJCwGKAWkBawGDDgn+/r/+/ocDy/vz9PkVEgOLExYAAwBc/+wHewRzAB8AKwAyAHBAOi8wDgIVFSYmCDAwHRQUNCAICDMcFRkvFUpZLy8AEBAsSlkQEAIOBAsLKUdZCxAAGUZZAAQEI0dZBBYAPysRADMrABg/KxESADk5GD8rERIAORgvKxESADkRATMRMxEzETMzERI5ETMSOTkROTEwBSAnBiMiJgI1EAAhMhYXNjMyABUVIRUWFjMyNjcVBgYBFBYzMjY1NCYjIgYlIgYHISYmBab+8ZWN+qL4hQEbAQJwyEeQ7/QBEP0WB5WFa7pkUb37Zm17emtse3psA+pefAkBwgJ1FJubjAEIsQEVAS1PTZz+8u6UCH+NKi7sJygCRaaqqaempqXCc3lvff//ALgAAAVIB3MCJgA1AAABBwB2AJEBUgAIswIgBSYAKzX//wCgAAADkwYhAiYAVQAAAQYAdgYAAAizARkRJgArNf//ALj+OwVIBbYCJgA1AAAABwI5ALQAAP//AGP+OwN3BHMCJgBVAAAABwI5/wUAAP//ALgAAAVIB3MCJgA1AAABBwFMADMBUgAIswIdBSYAKzX//wBTAAADuAYhAiYAVQAAAQYBTJkAAAizARYRJgArNf//AF7/7AQXB3MCJgA2AAABBwB2AE4BUgAIswEwBSYAKzX//wBc/+wDrAYhAiYAVgAAAQYAdgoAAAizAS4RJgArNf//AF7/7AQXB3MCJgA2AAABBwFL/+oBUgAIswE1BSYAKzX//wBc/+wDwgYhAiYAVgAAAQYBS6MAAAizATMRJgArNf//AF7+FAQXBcsCJgA2AAAABwB6AWIAAP//AFz+FAOsBHMCJgBWAAAABwB6AS0AAP//AF7/7AQXB3MCJgA2AAABBwFM/+oBUgAIswEtBSYAKzX//wBc/+wDzAYhAiYAVgAAAQYBTK0AAAizASsRJgArNf//ACn+OwR5BbYCJgA3AAAABgI5KQD//wAv/jsDNwVMAiYAVwAAAAYCOc4A//8AKQAABHkHcwImADcAAAEHAUz/5gFSAAizAQ0FJgArNf//AC//7APEBigCJgBXAAABBwI4AQ4AFAAHsgEZAQA/NQAAAQApAAAEeQW2AA8ARkAjAw4HCQcBCQwAAAUBARARCwcIB0xZDwMEA0xZDAQEAQgDARIAPz8SOS8zKxEAMysRADMREgE5ETMzETMzETMREjk5MTAhIREjNTMRIREhESERMxUjAuz+yvj4/nMEUP5z9/cCVP4BYgEC/v7+nv4AAQAv/+wDNwVMAB4AXUAvEQkUFBgcHAkLGg8WDw0JAhYJFh8gDhcUF0ZZGwsMC0pZGAwMBhIRFA8GAEdZBhYAPysAGD8zwRI5LzMrEQAzKxEAMxESATk5ETMRMzMREjk5ETMRMzMREjkxMCUyNxUGBiMiJjU1IzUzNSM1NzczFSEVIRUhFSEVFBYCd1BwNJVJuqp/f5KoWMMBOf7HARb+6knfI+MZGra8lMbBgWbs7uXBxpRBPv//AK7/7AVeB2ACJgA4AAABBwFSAJwBUgAIswEXBSYAKzX//wCa/+wEogYOAiYAWAAAAQYBUjEAAAizARkRJgArNf//AK7/7AVeBv4CJgA4AAABBwFNAJoBUgAIswEWBSYAKzX//wCa/+wEogWsAiYAWAAAAQYBTS8AAAizARgRJgArNf//AK7/7AVeB30CJgA4AAABBwFOAJoBUgAIswEWBSYAKzX//wCa/+wEogYrAiYAWAAAAQYBTjEAAAizARgRJgArNf//AK7/7AVeCAQCJgA4AAABBwFQALgBUgAKtAIBFgUmACs1Nf//AJr/7ASiBrICJgBYAAABBgFQTgAACrQCARgRJgArNTX//wCu/+wFXgdzAiYAOAAAAQcBUwEdAVIACrQCASUFJgArNTX//wCa/+wE1QYhAiYAWAAAAQcBUwC8AAAACrQCAScRJgArNTX//wCu/hQFXgW2AiYAOAAAAAcBUQJIAAD//wCa/hQEogReAiYAWAAAAAcBUQL4AAD//wAAAAAHvAdzAiYAOgAAAQcBSwFxAVIACLMBKwUmACs1//8AFAAABsUGIQImAFoAAAEHAUsBAAAAAAizASsRJgArNf//AAAAAAT+B3MCJgA8AAABBwFLABQBUgAIswEWBSYAKzX//wAA/hQEjQYhAiYAXAAAAQYBS9wAAAizASQRJgArNf//AAAAAAT+B1YCJgA8AAABBwBqABIBUgAKtAIBHgUmACs1Nf//ADEAAARxB3MCJgA9AAABBwB2AE4BUgAIswESBSYAKzX//wA3AAADqgYhAiYAXQAAAQYAdhQAAAizARIRJgArNf//ADEAAARxB2YCJgA9AAABBwFPARcBUgAIswERBSYAKzX//wA3AAADqgYUAiYAXQAAAQcBTwC2AAAACLMBEREmACs1//8AMQAABHEHcwImAD0AAAEHAUz/8QFSAAizAQ8FJgArNf//ADcAAAO4BiECJgBdAAABBgFMmQAACLMBDxEmACs1AAEAoAAAAz8GHwAMACJAEAoOAwQEDQsACABHWQgABBUAPz8rEQAzEQEzETMRMzEwASIVESERNDYzMhcHJgJQf/7PvM2eeEdcBS2J+1wEsL+wL+AdAAEAxf4UBC8FywAdAElAJBwUFBoAAA4MBQoKHh8MHRodRlkOGhoSAxIXR1kSAwMIR1kDGwA/KwAYEMQrERIAORgvMysRADMREgE5ETMzMzMRMzMSOTEwBRQGIyInNRYzMjURIzU3NTQ2MzIXByYjIhUVMxUjAum8sGtNOzt9qKivwpZwSFI/beTkebHCGfATqgNxk1JSvbIv4B2JRuUABAAAAAAFhQeqABAAFwAhAC0Ad0A7EQUEFwYUBxwdGCEYGAsAACIoQAsoKAkCCQIUFAcEBAMDLwcICC4XBkxZFxcHAgkJFCshDhwOJQAEBxIAPzM/M8wROc4yMhEzETkvKxEBMxEzETMRMxESOREzMxESOREzGhDKMhESOREzEMkyERI5ORE5OTEwARQHASEDIQMhASY1NDYzMhYDAyYnBgcDEzU2NjchFQYGBxM0JiMiBhUUFzM2NgO+LwH2/rRq/els/rQB9CuIcG2QMWZWDhNEcEwuahYBVhe3bA82Kio3VhMmMgW2VT763QFK/rYFIzpXboCB/C0BIeZFR8T+vwSLECp4HwwadDf+2y0zMy1cBAIzAAAFAFb/7AQ7B6oAGAAiACwAOABEAH5APycoIywjIzMtLTk/Mz8/HRgSDAgMAiIiGBhGHQgIRSw2Nic8MEIUQAwZS1kMDAUUFA9GWRQQAh8FH0ZZBRYAFQA/PysRADMYPysREgA5GC8rABoYENwy3swzETkRATMRMxEzETMSOTIREjkREjkRMxDKMhESOREzEMkyMTAhJyMGBiMiJjU0Njc3NTQjIgcnNjMyFhURAQcGBhUUMzI2NQE1NjY3IRUGBgcTFAYjIiY1NDYzMhYHNCYjIgYVFBYzMjYDZjsITaODobn5+8KuhrVlwevh8P7RdoWClGp//ssuahYBVhWkgM+OcHCIh3FukJ42Kio3MTAqNphhS7iqsqkJBjGqUc5lxMj9FwIGBARYWoF6ZQUvECp4HwwYaUT+xWyEgG5sgYRpLTMzLS00NAD//wAAAAAHJQdzAiYAiAAAAQcAdgKgAVIACLMCHAUmACs1//8AVv/sBv4GIQImAKgAAAEHAHYB0QAAAAizA0ERJgArNf//AHf/pgXnB3MCJgCaAAABBwB2ATEBUgAIswMrBSYAKzX//wBc/7QEmAYhAiYAugAAAQYAdnsAAAizAywRJgArNf//AF7+OwQXBcsCJgA2AAAABgI5+wD//wBc/jsDrARzAiYAVgAAAAYCOcgAAAEAugTZBB8GIQANACpAEgUEBAIMAAAJCAICDg8CCYAFAAAvMhrNMhESATkRMzMzETMRMxEzMTABJicGByM1NjchFhYXFQNUnU1Ol8u9QwFlH5lIBNldU1FfG71wNLNGGwAAAQC6BNkEHwYhAA4AKkASAA4ODAkKCgUEDAwPEAkAgAwFAC8zGs0yERIBOREzMzMRMxEzETMxMAEVBgYHISYmJzUzFhc2NwQfVI0f/psdbHfLk1JUlgYhG1SnMi+DextdU1dZAAEBGwTZA8EFrAADABO2AQAABAUAAwAvMxESATkQyTEwASEVIQEbAqb9WgWs0wABAOME2QP2BisADQAmQBEADQdABgcHDg8GbwABAIALAwAvMxrNXTIREgE5ETMaEMoyMTABBgYjIiYnMx4CMzI3A/YM3KauzwiqBC9VVc4QBiuauLacLzYYfQABAJME6QHfBhQACAATtgQAAAkKAgcALzMREgE5EMkxMBM0MzIVFAYjIpOmplNTpgV/lZVHTwACAVQE1wNKBrIACwAXACBADwYSEhkYDw8JHwkCCQkVAwAvMzMvXTMREgE5ETMxMAEUBiMiJjU0NjMyFgc0JiMiBhUUFjMyNgNKjnBwiIdxbpCeNioqNjAwKjYFx2yEgG5sgYRpLTMzLS00NAABAAr+FAGgAAAAEQAUtwYLExIOAwgbAD8zLxESATk5MTAXFBYzMjcVBiMiJjU0NjczBgbdLSM3PFJKcYlMaLNGTuMqKBKyF39nQ3ZNQm0AAAEAzwTXBAwGDgAXADRAGRAPA0AEAwMYGQwTAAcTBxMHbxB/EAIQgAQALxrMXTk5Ly8RMxEzERIBOREzGhDIMjEwASIGByM2NjMyHgIzMjY3MwYGIyIuAgHJHzkNlQuPdilPTUokHzkNlQuRdClPTUoFQjU2kaQhJyA0NpGkISchAAACAJwE2QQZBiEACQASAChAEQ0PEgoEBkAJAAATFA0FgAoAAC8yGs0yERIBOREzGsky3DLJMjEwEzU2NjchFQYGBzM1NjchFQYGB5w+bxUBLSDkSuyLOAEtGclsBNkbVa8pFTXINhvAbRUrt1EAAAEB1wTZA0QGXgAIABpACgMEAAcAAAkKBAgAL80REgE5ETMQyTIxMAE2NjchFQYHIwHXEjULARtObbIE+DbcVBi6swAAAwC6BPgD4wa0AAsAFgAfADJAFgAGGhwfHh8fBhEMBgwgIR8bDgMDFAkALzMzETPMORESATk5ETMSOREzEMkyETMxMBM0NjMyFhUUBiMiJiU0MzIWFRQGIyImJzY2NyEVBgcjukc6OUpKOTpHAiODOUpKOTxH9g8nCAEGOoCKBX1HQEBHREFBRIdAR0RBQU4xvEAUgLP////IAAAFhQX1AiYAJAAAAQcBVP3x/5cADbcCETIREQUFPgArETUA//8AdQInAdMDewAHABEAAAJC////nQAABJEF9QAnACgAjwAAAQcBVP3G/5cADbcBDzIPDwICPgArETUA////nQAABfUF9QAnACsAjwAAAQcBVP3G/5cADbcBDzIPDwYGPgArETUA////nQAAA9cF9QAnACwA/AAAAQcBVP3G/5cADbcBDzIPDwYGPgArETUA////xv/sBjkF9QAmADJSAAEHAVT97/+XAA23AhkyGRkJCT4AKxE1AP///4gAAAYdBfUAJwA8AR8AAAEHAVT9sf+XAA23AQwyDAwICD4AKxE1AP///8YAAAZsBfUAJgF2WgABBwFU/e//lwANtwEkMiQkERE+ACsRNQD////J/+wDFwa0AiYBhgAAAQcBVf8PAAAADLUDAgEiESYAKzU1Nf//AAAAAAWFBbwCBgAkAAD//wC4AAAE9AW2AgYAJQAAAAEAuAAABFQFtgAFAB1ADgAHAwQEBgUCTFkFAwQSAD8/KxEBMxEzETMxMAERIREhEQRU/Zr+ygW2/wD7SgW2AP//ADkAAAUKBbwCBgIoAAD//wC4AAAEAgW2AgYAKAAA//8AMQAABHEFtgIGAD0AAP//ALgAAAVmBbYCBgArAAAAAwB3/+wF5wXNAAMADwAbAEdAJQEWFgQEHQIQEAoKHAMCTFkMAwENAwMDBw0NGUxZDQQHE0xZBxMAPysAGD8rERIAORgvX15dKxEBMxEzETMRMxEzETMxMAEVITUFEAAhIAAREAAhIAABFBYzMjY1NCYjIgYEM/34A7z+mP6w/rD+mAFpAVEBUQFl+8+/ur28vLu7wANm/v6J/pX+egGGAW0BbQGB/nz+lPL7+/Ly/PsA//8AQgAAAtsFtgIGACwAAP//ALgAAAVQBbYCBgAuAAAAAQAAAAAFMwW2AAwAL0AXBwYAAAQJCQgIDgQFBQ0GAExZBgMJBRIAPzM/KxEBMxEzETMRMxESOREzMzEwAQYGBwEhASEBIQEmJgKaDDMN/uv+xwHwAVIB8f7H/u8KPASyPt4p/JMFtvpKA28d8P//ALgAAAbTBbYCBgAwAAD//wC4AAAFyQW2AgYAMQAAAAMAUgAABD8FtgADAAcACwBDQCMGAggIDQcDCgoMAANMWQwAAQ0DAAAKBAoLTFkKEgQHTFkEAwA/KwAYPysREgA5GC9fXl0rEQEzETMzETMRMzMxMBMhFSEDIRUhAREhEc0C+P0IUgOc/GQDxPwTA3f+Az3+/Ej/AAEAAP//AHf/7AXnBc0CBgAyAAAAAQC4AAAFPQW2AAcAI0ARAQAACQQFBQgGA0xZBgMBBRIAPzM/KxEBMxEzETMRMzEwISERIREhESEFPf7L/eb+ygSFBLT7TAW2AP//ALgAAASqBbYCBgAzAAAAAQBOAAAEeQW2AA8AU0ApAgoKBgsJBAQGAA8PEQsAABAJAwQKAgIHDQQHTFkEAwsBAA0ADUxZABIAPysREgA5ORg/KxESADkRMxE5OREBMxEzETMREjk5ETMREjkRMzEwMzUBATUhFSEiJwEBNjMhEU4B1/41A+P+SjOwAcb+I/AtAc/0AgoBy+3+C/49/fQM/wAA//8AKQAABHkFtgIGADcAAP//AAAAAAT+BbYCBgA8AAAAAwBc/+wGhQXLAAgAIgArAFZAKxcAIiIrFAkJDwQEHBwtJw8PLAArCytNWSELCCQTJE1ZFxMLEwsTCRUECRMAPz8SOTkvLxEzKxEAMxEzKxEAMxEBMxEzETMRMxESOREzMzMRMzMxMAEzMjY1NCYjIwE1IyIkAjU0NiQzMzUhFTMyBBYVFAIEIyMVASMiBhUUFjMzA/wOobeqkyn+6Ra6/uihjwEOtzUBFzW2AQ6Qof7ouhb+6SmTqrSkDgG8qZOIpfvH4YMBBqCb+Y20tI35m6D++oPhBDmkiZCs//8AAAAABVYFtgIGADsAAAABAG0AAAaWBbYAGwBAQB8VBQUSBgYLGQAAHQ4LCxwECBEITVkVEREGGhMMAwYSAD8/MzMSOS8zKxEAMxEBMxEzETMRMxI5ETMzETMxMAEQACEjESERIyAAEREhERQWMzMRIREzMjY1ESEGlv7W/tMz/uoz/s/+2wEilrIfARYfrpoBIwPX/uf+9v5MAbQBCQEWAeP+IZ2MAwj8+JGUAeMAAQA3AAAGEgXNACAAV0ArCgcXGgcaDR4ZFBQiCAMNDSEbBhQeHg0DBgMJABEATFkRBBcJCAlMWRoIEgA/MysRADMYPysREgA5OREzMxEzETMRATMRMzMRMxEzMxI5OREzETMxMAEiBhUUFhcRIREhJgI1NBIkMyAAERQCByERIRE2EjU0JgMltcSEhv2BAXOYpasBPNEBPwF5ppsBdv19i4TFBMvcyMv9SP7pAQRdAUHGuAEXlv6y/ufG/sRg/vwBF0gBAsjH2///ADkAAALnB1YCJgAsAAABBwBq/yIBUgAKtAIBIQUmACs1Nf//AAAAAAT+B1YCJgA8AAABBwBqABQBUgAKtAIBHgUmACs1Nf//AFz/7AUABl4CJgF+AAABBgFUMQAACLMCMxEmACs1//8ATv/sBCUGXgImAYIAAAEGAVQlAAAIswEvESYAKzX//wCg/hQEqAZeAiYBhAAAAQYBVHcAAAizAR0RJgArNf//AKD/7AMXBl4CJgGGAAABBwFU/w0AAAAIswEWESYAKzX//wCP/+4EvAa0AiYBkgAAAQYBVUQAAAy1AwIBKhEmACs1NTUAAgBc/+wFAARxAAsAKgBLQCYpFQMDIhkdHSwJDw8rGA8WEgcSB0dZEhAlH0hZJSkADAwAR1kMFgA/KxESADkzKwAYPysREgA5GD8RATMRMxEzETMzMxI5OTEwJTI2NzU0JiMiERQWFyICERASMzIWFzM2NzMGBhURFDMyNxUGBiMiJicjBgJvdmsEb3vXaxTN6fPadpkyDxgr/CAnVCAbEFsecHYiFW7fj7MMtJz+rKWl8wEwAQ8BFgEwVFReN2H7aP7IdgrwChBNWqcAAgCg/hQFAAYfABQAKQBYQCwiHh4KBicnAwMQCgorGBAQEREqERsGIiMjIkdZIyMNAA0bR1kNFgAVR1kAAAA/KwAYPysREgA5GC8rERIAORg/EQEzETMRMxEzERI5ETMRMxEzETkxMAEyBBUUBgcVFhYVFAQjIicRIRE0JBciEREWFjMyNjU0JiMjNTMyNjU0JgK26wEPmI28uf775Mh+/s8BGPbdMIw8gHyFf0g1Y25uBh/QuZWtFwYYwa7S8j/96QY04Pfu/vr8+h8nfHBuc/JtZlxkAAEAAv4UBIsEXgATADxAHAABAQQFBAoKBg8PEBAVBgUFFBIKBAQUDwUPARsAPz8zETMRMzMRATMRMxEzETMREjkRMxESOREzMTABITQSNwEhExYWFzM2NjcTIQEGAgKL/r04LP5WAT2kFUIOBgQ5H6QBPf5jLTb+FFYBHoQEUv4TPvJJLOVZAfz7tHT+5wACAFz/7ASYBh8AHQApAGtANQACESEhJB4eFQ8CAggbFRUrJBsbKhUeGyQeJCEnGCdHWQAhIQIPDxEMEQUYFgkMBQxGWQUAAD8rEQAzGD8SORESOREzMhEzKxESADk5ETMRMxEBMxEzETMREjk5ETMRMxESOREzEjkxMAEmNTQ2MzIWFwcmJiMiBhUUFhcWFhUQACEiJDU0NgE0JicGBhUUFjMyNgHl7fHVb9GNeVysWElKioq4rf7m/vf0/tvBAkNfaXuHeGlvegOWl7+Qoy1C1y03Ni42aUZe9qD+/f7v+NK28P6QXZY6I7V+ZX2IAAABAE7/7AQlBHMAJgBiQDIAHBQjIxYWEB0cHAsLKAUQECcUJgImAkpZDyYBDQUmJg0ZHQogBxkgRlkZEA0HRlkNFgA/KwAYPysREgA5ORESORgvX15dKxESADkRATMRMxEzETMRMxI5ETMRMxI5MTABFSMiBhUUITI2NxUGISAkNTQ2NzUmNTQ2MzIWFwcmJiMiBhUUFjMDSKiSkwEMZ9xZrP76/vb+54CQ1f7qc+lYXneKTXFuhY8CsNNBSH0tKfRNpaRrhhwKMdGNmC4m3TAfMjZCNwAAAQBc/oUD8gYUACAAUEAnDhUSFQsAAgMDBgYAACIZCwshCxkZFR8fCAghFQ4TEhMSRlkTAAMiAD8/KxESADk5ETMRMxESOREzEQEzETMRMxEzETMRMxESOTkRMzEwBRQHITY2NTQmJyQRNAAlBgYjITUhFQYAAhUUHgIXFhYD8or+zUVPT2b+SAEGATQcjzP+3gNWyf74hSdJZ0GmniWVwV2bLyApE00BftEBpvwHCt+2p/7W/ueTSlo1HA0hfQAAAQCg/hQEqARzABQAMkAZAQAAFg0JCQoKFQ0FEREFR1kREAsPARsKFQA/Pz8/KxESADkRATMRMxI5ETMRMzEwASERNCYjIgYVESERMxczNjYzMhYVBKj+z1ZegHL+z+kpETOzcsPK/hQEeXl5q8b98gRej1FT08cAAwBc/+wElgYrAAsAEgAZAD9AIBcPDwAAGxYQEAYGGhYQRlkWFgMJCRNGWQkBAwxGWQMWAD8rABg/KxESADkYLysRATMRMxEzETMRMxEzMTABEAAhIAAREAAhIAABMjY3IRYWEyIGByEmJgSW/vP+7v73/u4BDAEPAQkBFv3hdWsF/jcEaXlsbgkBxghpAwz+a/51AZsBhQGXAYj+afw16e7r7ASF1fbm5QABAKD/7AMXBF4ADQAhQA8GAQ8BDAwODQ8JBEdZCRYAPysAGD8RATMRMxESOTEwAREUFjMyNxUGIyImNREB0Uk8UXBtmr6yBF79AEE+I+MzubkDAP//AKAAAAT2BF4CBgD6AAAAAQAI/+wE4QYhACIAYkAyDQMDBwEBHh4iGhoQECIHFAAUJCIAACMNAx8BGhAQAQMDBRQSGBJIWRgWCgVIWQoBABUAPz8rABg/KxEAMxIXOREzETMRMxEBMxEzETMREjkROREzERI5ETMREjkRMzEwMwEnJiYjIgc1NjMyFhYXARYWMzI3FQYGIyImJwImJyMGBwMIAdkjJFxfMjRPV3OjczMBGSVMNyEkF3InbowpcisNBi4ezgQhXFpKDfwRRpOO/PxoYgrsDBJsdwFDhTSaTP4bAP//AKD+FASoBF4CBgB3AAAAAQAGAAAEcwReAA0AKkATDQwDAwEHBwgIDwEADgMNFQcADwA/Mj85EQEzMhEzETMREjkRMzMxMBMhExczNhIRIRACAgchBgE52kUIc2YBNFi/oP7uBF79lOSZAYwBK/8A/o3+taAAAQBc/oUD8gYUAC4AZUAyJSYmKSkjBAYJExMMBhgPBg8AIyMwHAAALyErKy8DGRYWGUpZFhYNJiIQDAkNCUpZDQAAPysRADMzGD8SOS8rERIAOREzETMRATMRMxEzERI5OREzETMzETMSOREzETMRMzEwEzQ2NzUmNTQ2NwYjIzUhFSMiBhUUFjMzFSMiBhUUFhYXFhYVFAchNjY1NCYnJiZckonbh5nNQxYDJEu564GTpqitmi9hiKaeiv7NRU9PZtnfAbZ+vzYKNMprgSUN39KJdV9S0nt7R1U1GyF9ZpXBXZsvICkTJtr//wBc/+wEmARzAgYAUgAAAAEAGf/sBaIEXgAXAEJAIQMVFQkMDQkNEw8TGREPDxgUCw8RD0ZZEQ8NFQYAR1kGFgA/KwAYPz8rEQAzMxEBMxEzETMREjk5ETMRMxE5MTAlMjcVBgYjIiY1ESERIREjNTchFSMRFBYFFEM/KX82lp3+rv7P6bIE1+w22yPbGR6kowJC/IsDdYNm6f3KMzEAAAIAef4UBJYEcwARAB4AL0AYHAAAIBYJCQoKHw4SR1kOEAobAxlHWQMWAD8rABg/PysRATMRMxEzETMRMzEwARACIyInIxYVESEREAAzMhYSJSIGFREWFjMyNjU0JgSW9dqafxIQ/s0BFf+b7IL98XFqK3Q8cmNhAi/+7/7OTaxg/ucEHQETAS+N/vifmaX++CsrnbGwngAAAQBc/oUD8gRzABwANUAZFBUVFxcSEgUeCwAAHRAZGR0VIgMIR1kDEAA/KwAYPxEzETMRATMRMxEzMxEzETMRMzEwExAAITIXByYjIgYVFBYWFxYWFRQHITY1NCYnJiZcAQ0BIritWK1ofnIyZIWnnYr+zZRSY9nfAe4BSAE9UOhCxMNKXjkdI4JqmMzWYSQrFCrpAAIAXP/sBRAEYAANABoAO0AdDAkXFw4UFAsAABwOBwcbDBgJGEZZCQ8EEUdZBBYAPysAGD8rEQAzEQEzETMRMxEzMxESOREzMzEwARQGBiMgABEQISEVIRYFFBYzMjY1NCYnIyIGBKiH+6f+/P7hAncCPf7ktPzud3Z0eDtEMqKGAduS43oBLQEIAj/fvqKcpJmQb7VTpAAAAQAp/+wEAAReABIANUAaAQwMBw4RERQQDg4TAA4QDkZZEA8JBEdZCRYAPysAGD8rEQAzEQEzETMRMxESOTkRMzEwAREUFjMyNxUGIyImNREhNTchFQJzSTxQcGubvrL+57ADJwN5/eVBPiPjM7m5Aht/ZuUAAAEAj//uBLwEXgAVAC1AFRAPDwwMExMXBgMDFg8EDwAJR1kAFgA/KwAYPzMRATMRMxEzETMRMxEzMTAFIAIRESERFBYzMjY1NCYnIRYWFRAAApH+/f8BMmlyfXIcKwEzKB3+7xIBAwENAmD9lpKBustr1red7Xb+xv7KAAACAFz+FAX6BHcACQAjAFBAKQcjIxcKCg4AAB4eJRUODiQbA0ZZGxAOFRUSFxIREAcXCxdGWSILFgobAD8/MysRADMYPzMREjkRMz8rEQEzETMRMxEzERI5ETMzETMxMAE0JiMiBhURNjYBESQANTQSNxcGBhUQBRE0NjMyABUUAgQHEQTVXlo5QImo/bT+7f7mbnjdWkoBDta64QEAlf7xsgJOnKdPYf36DMz8YQHgHgEj9psBH5KQes95/uo0AgS51/7c+6v++5sR/iAAAAH/z/4UBMkEbQAgAFhALBUYGAgFBR4GDwcHIhYXFx4eIRUIBRgYBhcbDgwRDEhZERsGDx4cABxIWQAQAD8rEQAzGD8/KxEAMxg/EjkRMzMzEQEzETMRMxEzETMzETkRMzMRMzEwEzIWFhcXASEBExYWMzI3FQYjIiYnAwEhAQMmJiMiBzU28FpyUClKARcBM/45wxxGPTE0VW59nzRo/sb+uwH2hhlGODg7cgRtM3F73QHt/Qb+JUA1De4fh54BRv2VA3UBYEY+E/QfAAEAj/4UBkYGEgAZAEFAIAENDRgODhIEBAkJGxUSEhoZAAYTDwEYDxhGWQwPFg4bAD8/MysRADMYPzM/EQEzETMRMxEzERI5ETMzETMxMAERNjY1NAMhEhEQAAURIREkABERIREUFhcRA/CwjVABG07+0/7X/uX+3v7cASOAowYS+scRpbPgATz+5/76/u7+0hH+JgHaCQEhARMCM/3FrZMMBTsAAQBt/+wGewReACcAP0AeBBkZFhYKHyUlKRAKCigXFwchDQ8cBBMHE0ZZAAcWAD8zKxEAMzMYPzMSOS8RATMRMxEzETMSOREzEjkxMAUiJicjBgYjIgIRNBI3IQIRFBYzMjY1ESERFBYzMjY1EAMhFhIVEAIEuHqcKQoum3fW7DBAASV9Y2BTTAEZTFReZH0BJUAx7hRpaW5kAS4BBZoBBKH++v7RpKx0hgEn/tmHc6mjATMBBqL+/pv++f7U//8ADP/sAxcGBAImAYYAAAEHAGr+9QAAAAq0AgEjESYAKzU1//8Aj//uBLwGBAImAZIAAAEGAGonAAAKtAIBKxEmACs1Nf//AFz/7ASYBl4CJgBSAAABBgFUQgAACLMCIhEmACs1//8Aj//uBLwGXgImAZIAAAEGAVROAAAIswEeESYAKzX//wBt/+wGewZeAiYBlgAAAQcBVAE1AAAACLMBMBEmACs1//8AuAAABAIHVgImACgAAAEHAGr/8QFSAAq0AgEhBSYAKzU1AAEAKf/uBgQFtgAeAFJAKhUXHBcCDwkPEBASCQkcHCASHxcOTFkXFxATFhITEkxZEwMQEgAFTVkAEwA/KwAYPz8rEQAzERI5GC8rEQEzETMRMxESOREzERI5MhESOTEwBSInERYzMjY2NTU0JiMhESERIREhESERITIWFRUUBgRtdFdjSTYyGVNf/rD+y/6RBFr+SgFc5PfNEiYBACsfRDd/WUf9XgS0AQL+/v7wzr2B0dkA//8AuAAABFQHcwImAWEAAAEHAHYAhQFSAAizAQ4FJgArNQABAHf/7AUjBcsAHAA/QCAFDBIZGR4DBgYSEh0DBkxZAwMPFhYATFkWBA8JTFkPEwA/KwAYPysREgA5GC8rEQEzETMRMxEzERI5OTEwASIGByEVIRYWMzI3EQYGIyAAETQSJDMyFhcHJyYDSqrWDAJ5/YUNybyr82rNev6o/pSyAU3igt1sb1eOBMm/qv6ywk3+/CgjAYMBauMBV7g3MPwlPP//AF7/7AQXBcsCBgA2AAD//wBCAAAC2wW2AgYALAAA//8AOQAAAucHVgImACwAAAEHAGr/IgFSAAq0AgEhBSYAKzU1////aP5SAe4FtgIGAC0AAAACABD/6geiBbYAGgAjAFFAKgoZABsbCBkIER8fBAQlESQAI0xZAAAIGRkKTFkZAw8UTFkPEwgbTFkIEgA/KwAYPysAGD8rERIAORgvKxEBMxEzETMREjk5ETMRMxEzMTABMyAEFRQEISERIQcCAgYnIic1FjMyNhISEyERMzI2NTQmIyME+nMBDgEn/tr+4P5p/t0QPl+2m1RAOjM1PjdbIANYXo2Dg6NIA4Xo1OTlBLSG/gH+Y6gCFv4UYQEHAlcBC/tIZWZjWwAAAgC4AAAHqAW2ABIAGwBSQCoPExMMBAQIFxcAAB0LBwcICBwLBkxZCw8PG0xZDw8EDQkDCBIEE0xZBBIAPysAGD8/MxI5LysAGBDEKxEBMxEzETMRMxEzERI5ETMzETMxMAEUBCEhESERIREhESERIREzIAQBMzI2NTQmIyMHqP7a/uD+af4j/soBNgHdATVzAQ4BJ/1YXo2Eh6BIAcnk5QJ3/YkFtv3DAj39z+j+YWVmZVkAAQApAAAGBAW2ABMARkAjDA4TDgYGBwcJAAATExUJFA4FTFkODgcKDQkKCUxZCgMABxIAPzM/KxEAMxESORgvKxEBMxEzETMREjkRMxEzERI5MTAhETQmIyERIREhESERIREhMhYVEQTPRlD+lP7L/pEEWv5KAYHQ5gICWUf9XgS0AQL+/v7w0br95///ALgAAAVgB3MCJgG0AAABBwB2APgBUgAIswETBSYAKzX//wAA/+wFOQeRAiYBvQAAAQcCNgBeAVIACLMBFwUmACs1AAEAuP5WBT0FtgALADJAGAIDAwUJAAANCAUFDAoGAwUITFkBBRIDJwA/PzMrABg/MxEBMxEzETMRMxI5ETMxMCEhESERIREhESERIQU9/lT+1f5SATYCGgE1/lYBqgW2+0wEtP//AAAAAAWFBbwCBgAkAAAAAgC4AAAEvgW2AAsAFAA/QCAKABAEBBYADAwHBxUAFExZAAAHCAgLTFkIAwcMTFkHEgA/KwAYPysREgA5GC8rEQEzETMRMxEzETMSOTEwATMgBBUQISERIREhETMyNjU0JiMjAe56AR4BOP2k/lYDnP2aaJ2SlLRPA4Xo1P43Bbb/APxIZWZlWQD//wC4AAAE9AW2AgYAJQAA//8AuAAABFQFtgIGAWEAAAACAAr+VgX0BbYADQATAFFAKBEBAQQNBA4OEgwSBgYNCQgIFQwNDRQJDScRBgALAExZCxIEDkxZBAMAPysAGD8rEQAzMxg/MxEBMxEzETMRMxI5ETMREjkRMxESOREzMTATMxISEyERMxEhESERIQEGAgchEQpxkagpA1TD/tX8bP7VAskglV0COwECASICQwFP+0z9VAGq/lYGXuX+AM0Dsv//ALgAAAQCBbYCBgAoAAAAAQAAAAAHiwW2ABEAVEAoCQYNDQMADg4RCgcICAsKChMCARARERIMBgkJDwMAAAEOCxESBwQBAwA/MzM/MzMSOREzMzMRMzMRATMRMzMyETMRMzMRMxESOREzMzMRMzMxMAEBIQERIREBIQEBIQERIREBIQII/hUBPwHZASEB2QFA/hQCCP60/hf+3/4X/rQC+AK+/TwCxP08AsT9Qv0IAuX9GwLl/RsAAQBe/+wE1wXLACYASkAlFgQbGwANACESBwcoIScDFxYXFk1ZFxcKJCQeTVkkBAoQTVkKEwA/KwAYPysREgA5GC8rERIAOREBMxEzETMSOTkRMxEzOTEwARQGBxUWFhUUBCEgJxEWFjMgNTQmIyM1MzI2NTQmIyIHJzYkMzIEBKrIq8nX/rn+3/6+w179bgFx7eiJe+jUhYXOwId9ARir7wEdBGCNuBkGFLaSyupPAQQtM9dhaPJYZktZd89TTcgAAQC4AAAF3QW2AA8ALEAUDgYCCQkICBECDw8QBA0JDxIGAAMAPzI/Mzk5EQEzETMRMxEzERI5OTEwEyERBwczASERIRE0EyMBIbgBFwQKBgKjAXP+7BII/Vr+iwW2/T691wRW+koCvo0BFfugAP//ALgAAAXdB5ECJgGyAAABBwI2APwBUgAIswETBSYAKzUAAQC4AAAFYAW2AAoANEAYCAkJAQAADAoHAwMECwcCCgoECAUDAQQSAD8zPzMSOREzMxEBMzIRMzMRMxEzMxEzMTAhIQERIREhEQEhAQVg/qD97v7KATYCDAFK/esC5f0bBbb9PALE/UIAAAEAEP/qBT0FtgATADFAGQMSEgoBAQAAFQoUEgNMWRIDCA1MWQgTARIAPz8rABg/KxEBMxEzETMREjkRMzEwISERIQcCAgYnIic1FjMyNhISEyEFPf7L/poQPl+2m1RAOjM1PjdbIAObBLSG/gH+Y6gCFv4UYQEHAlcBC///ALgAAAbTBbYCBgAwAAD//wC4AAAFZgW2AgYAKwAA//8Ad//sBecFzQIGADIAAP//ALgAAAU9BbYCBgFuAAD//wC4AAAEqgW2AgYAMwAA//8Ad//sBNEFywIGACYAAP//ACkAAAR5BbYCBgA3AAAAAQAA/+wFOQW2ABMARUAhAgwMBw0NEBAPExMHDgAAFQ8ODhQNEREFEw4DBQpMWQUTAD8rABg/MxI5ETMRATMRMxEzERI5MxESOREzERI5ETMxMAEBDgIjIicRFjMyNjcBIQEzNwEFOf48VZXMkn1sWINTZiL+BgFIAWgKEgEuBbb79sOqUx4BCiRNXwQa/NEyAv0A//8AXP/sBoUFywIGAXMAAP//AAAAAAVWBbYCBgA7AAAAAQC4/lYGFwW2AAsANEAZCQAABQMCAg0IBQUMCgYDAAgFCExZBRIDJwA/PysRADMYPzMRATMRMxEzETMSOREzMTAlMxEhESERIREhESEFPdr+1fvMATYCGgE19v1gAaoFtvtMBLQAAQBtAAAFGwW2ABMALUAWEQEBAAAVCwgIFAUOTFkFBQESCQMBEgA/PzMSOS8rEQEzETMRMxEzETMxMCEhEQYGIyImNREhERQWMzI2NxEhBRv+yprNXdHjATVidVKjdwE2AjU0Jsm2Alz9/GprISkCjwAAAQC4AAAH5wW2AAsANUAZAAkJBQEBBAQNCAUFDAoCBgMACAUITFkFEgA/KxEAMxg/MzMRATMRMxEzETMREjkRMzEwASERIREhESERIREhBOwBxgE1+NEBNgHGATgBAgS0+koFtvtMBLQAAAIAuP5WCMEFtgAPABAAPkAeAA0NAQwJCREHBgYBBAQQDgIKAwQADAkMTFkJEgcnAD8/KxEAMzMYPzMzAS8zETMzETMRMxEzEjkRMzEwASERIREzESERIREhESERIQEE7AHGATXa/tX5IgE2AcYBOAO0AQIEtPtA/WABqgW2+0wEtPpKAAIAAAAABXUFtgAMABUAQUAhCQ0NBAQGEREAABcGFgkVTFkJCQQHBwZMWQcDBA1MWQQSAD8rABg/KxESADkYLysRATMRMxEzERI5ETMRMzEwARQEISERIREhETMgBAEzMjY1NCYjIwV1/s/+1f5W/pECpHsBHgE4/S9onZKUs1AByeTlBLQBAv3P6P5hZWZlWQAAAwC4AAAGhwW2AAoAEwAXAEFAIA8AAAsVFBQZBwsLBAQYFRIHE0xZBwcEFgUDBAtMWQQSAD8rABg/MxI5LysAGD8RATMRMxEzETMRMxI5ETMxMAEUBCEhESERMyAEATMyNjU0JiMjASERIQSg/tH+1/5wATZkARkBNf1OUZmOiaxDBJn+ywE1Acnk5QW2/c/p/mJlZmZY/XkFtgAAAgC4AAAEvgW2AAkAEgAyQBkOAAAUBgoKAwMTBhJMWQYGAwQDAwpMWQMSAD8rABg/EjkvKxEBMxEzETMRMxEzMTABECEhESERMyAEATMyNjU0JiMjBL79pP5WATZ6AR4BOP0waJ2SlLRPAcn+NwW2/c/o/mFlZmVZAAABAEj/7ATXBcsAGQBJQCYVBAkXFBQJCRsOBAQaFhVMWQwWAQ0DFhYMBgwRTFkMEwYATFkGBAA/KwAYPysREgA5GC9fXl0rEQEzETMRMxEzETMREjkxMAEiBgcnNjMgABEQACEiJxEWMzI2NyE1ISYmAiljv11i6P8BRQFj/pP+qO3D86u/yQn9hgJ4BsAEyTgn+mf+cf6d/pb+fUsBBE26uv6qvwAAAgC4/+wIGQXNABIAHQBRQCsTDQYGCRgAAB8MCAgJCR4QG0xZEAQMB0xZDAwBDQMMDAkKAwkSAxZMWQMTAD8rABg/PxI5L19eXSsAGD8rEQEzETMRMxEzETMSOREzMzEwARAAISAAAyERIREhESESACEgAAEUFjMgETQmIyIGCBn+r/7F/t/+tBr+6P7KATYBHiIBSQEYATwBTvwrqKEBTKWjpKkC3f6Y/ncBTQE+/YkFtv3DASEBM/54/pj0+QHt9Pr6AAL/9gAABJoFtgANABYAUUAoAwAAEhYWDBIGBgIMDAsLGAECAhcDCQAVAE1ZFRUCCQkPTFkJAwwCEgA/Mz8rERIAORgvKxESADkRATMRMxEzETMREjkRMxEzERI5ETMxMAEBIQEmJjU0JCEhESERESMiBhUUFjMzAqT+qv6oAaB8hAEdAQsB3P7KmXiEgISRAjH9zwKDMtGOydn6SgIxAodWZGFwAP//AFb/7AQ7BHUCBgBEAAAAAgBc/+wEngYlABgAIwBEQCIbBhMTJQwhIQAAJAwdEBAdRlkQEBYFFhlHWRYWBQZIWQUBAD8rABg/KxESADkYLysREgA5EQEzETMRMxEzETMzMTATEAAlNiUTBgUOAgczNjYzMhYVEAAhIAAFMhEQIyIGBgcUFlwBJQE3lwEsI4L+tX58PQcPNa5kz+b+3f8A/wD+4QIx2cQ2a1kVggKeAYEBjzUaKP72DzEUUJR7Ulj97P7w/tMBb3gBKwEjMlEpy9cAAAMAoAAABMsEXgAPABgAIABOQCcDGRkAABUQBwciHRUVCwshAx0UHRRKWR0dCwwMHEpZDA8LFUpZCxUAPysAGD8rERIAORgvKxESADkRATMRMxEzETMRMxI5ETMSOTEwARQGBxUWFhUUBCMhESEyFgE0JiMjETMyNgM0IyEVMzI2BKhxbneL/wDu/cMCPebl/udmZvL4YWUcov8A3WFkAzlafxIIDodjo6sEXpX9lUI7/vhJAgVm3TgAAAEAoAAAA6QEXgAFAB1ADgAHAwQEBgUCRlkFDwQVAD8/KxEBMxEzETMxMAEVIREhEQOk/i3+zwRe5fyHBF4AAgAd/m8FMQReAAUAEwBJQCUFDQ0QEAIAEgISCwcGBhUKCwsUEAJGWRAPBwsjEgUMCQxGWQkVAD8rEQAzMxg/Mz8rEQEzETMRMxEzEjk5ETMRMxE5ETMxMCURIwYCBwEhESERIREzNhITIREzA1zlGVdNA3f+7v0Q/u5eYIIaAxak3wKauv6ykv2QAZH+bwJwlQHGAST8gf//AFz/7ARiBHMCBgBIAAAAAQAAAAAG/AReABEAUkAnBgMKCg8ACwsHBAUFCAcHExEQEA0OEgkDBgYMAA8PDgQBEA8LCA4VAD8zMz8zMxI5ETMzMxEzMxEBMzIyETMRMxEzMxEzETkRMzMzETMzMTABESERASEBASEBESERASEBASEC8AEcAY4BO/5kAcP+uv5W/uT+Vv66AcP+ZAE7Aj8CH/3hAh/96P26Ajf9yQI3/ckCRgIYAAEATv/sBCMEcwAoAExAJicKEwMDEAoQHCMWFiocKRIoJygnSlkoKBoNGiBGWRoWDQZGWQ0QAD8rABg/KxESADkYLysREgA5EQEzETMRMxI5OREzETMSOTEwATI2NTQmIyIGByc2NjMyFhUUBxUWFhUUBgYjICc1FhYzMjY1NCYjIzUBtq2RanpNw1Bad+CK0fzfiXWE+qn+6JZWzWCVlJyidgKwOD02NiYh1S0noIm9OQoifWVmnlZF/CguQz5EQdMAAQCgAAAFIwReAA0ALEAUCwQBCAgGBg8BDA4DCgwEDQ8HDBUAPzM/MxI5OREBMzIRMxEzERI5OTEwAREUAwEhESERNDcBIREBxxcCBAFv/tkU/f7+kgRe/kZG/vADEPuiAb532fzyBF4A//8AoAAABSMGPwImAdIAAAEHAjYAlgAAAAizARERJgArNQABAKAAAAT0BF4ACgA2QBkEAwMMAAEBDAoCBgYHCwoFAgIHAAgPBAcVAD8zPzMSOREzMxEBMzIRMzMRMxEzETMRMzEwASEBASEBESERIREDfQFQ/kUB4v6m/jf+zwExBF796P26Ajf9yQRe/eEAAAEAAP/sBIkEXgARADVAGwMQEAoBAQAAEwoSEANGWRAPCgwHDEhZBxYBFQA/PysRADMYPysRATMRMxEzERI5ETMxMCEhESECAgYjIic1FjMyNhITIQSJ/s/+5yBcmXxqRDExOU09FgNOA3n+if6PpSD0FKQBfwFPAAEAoAAABiEEXgAYADpAHAcGExcTDwMMAQEAABoMDRkCCxMLDRcODwcBDRUAPzMzPzMSOTkRMxEBMzIRMxEzERIXOREzMzEwISERBwYHAyMDJicnESERIRMWFhc+AhMhBiH+4xA2K8bZySsxE/7kAaTAHjMJISUssQGgA3E+02z+DAH4bsdE/I8EXv4jTchHloNuAbIAAAEAoAAABKwEXgALADNAGQIGBgUFDQEJCQoKDAEIRlkBAQoDCw8GChUAPzM/MxI5LysRATMRMxEzETMRMxEzMTABESERIREhESERIREB0QGqATH+z/5W/s8EXv5SAa77ogHN/jMEXgD//wBc/+wEmARzAgYAUgAAAAEAoAAABJgEXgAHACNAEQIBAQkFBgYIBwRGWQcPAgYVAD8zPysRATMRMxEzETMxMAERIREhESERBJj+zv5r/s8EXvuiA3n8hwReAP//AKD+FAS0BHMCBgBTAAD//wBc/+wD3QRzAgYARgAAAAEALwAABD0EXgAHAChAEwMEBAYAAAkGCAIGBwZGWQcPBBUAPz8rEQAzEQEzETMREjkRMzEwARUhESERITUEPf6S/s/+kQRe5fyHA3nl//8AAP4UBI0EXgIGAFwAAAADAFz+FAYnBhQAEQAYAB8AUEAoHQAHBxUPCAgZDBkDAyESDAwgEAAcFg8WRlkADw8dFQkVRlkGCRUIGwA/PzMrEQAzGD8zKxEAMxg/EQEzETMRMxEzERI5ETMzMxEzMzEwAQQAFRQABREhESQANTQAJREhARQWFxEGBgU0JicRNjYD0QEYAT7+xv7k/uX+5f7BATQBJgEb/cWahoGfA1iWh4WYBGQX/tTy9/7XF/4cAeQaAS/u/QElEwGw/BuNsRICoBG4h4S1E/1kErIA//8ACgAABJYEXgIGAFsAAAABAKD+bwVkBF4ACwA0QBkJAAAFAwICDQgFBQwKBg8ACAUIRlkFFQMjAD8/KxEAMxg/MxEBMxEzETMRMxI5ETMxMCUzESERIREhESERIQTBo/7u/E4BMQG+ATLf/ZABkQRe/IcDeQABAHsAAASgBF4AEgAtQBYGCgoJCRQBERETDgNGWQ4OCgcSDwoVAD8/MxI5LysRATMRMxEzETMRMzEwAREUMzI2NxEhESERBgYjIiY1EQGsh1iXTQEx/s9qtlW3yARe/meSKCAB4/uiAbw4LrutAaAAAQCgAAAHIQReAAsANUAZCAUFAQkJAAANBAEBDAoGAg8IBAEERlkBFQA/KxEAMxg/MzMRATMRMxEzETMREjkRMzEwISERIREhESERIREhByH5fwExAXcBMQF3ATEEXvyHA3n8hwN5AAACAKD+bwfFBF4ADwAQAD5AHgwJCQ0IBQURAwICDQAAEA4KBg8MAAgFCEZZBRUDIwA/PysRADMzGD8zMwEvMxEzMxEzETMRMxI5ETMxMCUzESERIREhESERIREhESETByGk/u357gExAXcBMQF3ATGg3/2QAZEEXvyHA3n8hwN5+6IAAgAAAAAFZgReAAsAEwBBQCEBEREICAoMDAUFFQoUARBKWQEBCAsLCkZZCw8IEUpZCBUAPysAGD8rERIAORgvKxEBMxEzETMREjkRMxEzMTABETMgFhUQISERITUBNCYjIxEzMgKW1wEC9/4T/ev+nAQ1Z2jQ1MsEXv5QpKb+nAN55f0CQTr++AAAAwCgAAAGLQReAAoAEgAWAENAIQsEBAgUFBMTGAAQEAgIFxQVAA9KWQAACBUJDwgQSlkIFQA/KwAYPzMSOS8rABg/EQEzETMRMxEzETMREjkRMzEwATMgFhUUBiMhESEBNCYjIxEzMgUhESEB0ZMBAPb29f4xATEBWGhniY3LAwT+zwExAq6kprGzBF79AkE6/vjTBF4AAgCgAAAEogReAAkAEQAyQBkKBAQTAA8PBwcSAA5KWQAABwgPBw9KWQcVAD8rABg/EjkvKxEBMxEzETMRMxEzMTABMyAWFRAhIREhATQmIyMRMzIB0dcBAvj+Ev3sATEBoGhn0dXLAq6kpv6cBF79AkE6/vgAAAEASv/sA7wEcwAZAD9AIAkCCwgIFxcbEQICGgoJSlkKCgAUFA5GWRQQAAVGWQAWAD8rABg/KxESADkYLysRATMRMxEzETMRMxI5MTAFIic1FjMyNjchNSEmJiMiByc2NjMgABEQAAGi0oaumW54Cv5aAaYIa2R3jVZLvV4BBgEA/vEURe5QgIDLe3w/0SMt/uT+5P7c/tUAAgCg/+wGqARzABIAHgBJQCYTDQYGCBkAACAMCAgJCR8QHEdZEBAMB0ZZDAwJCg8JFQMWR1kDFgA/KwAYPz8SOS8rABg/KxEBMxEzETMRMxEzEjkRMzMxMAEQACMiJCcjESERIREzNiQzMgABFBYzMjY1NCYjIgYGqP7q9t3+9xzJ/s8BMc0dARHW7QEZ/SVicW9iY3BvYgIx/u3+zvjp/jMEXv5S1u3+yf71p6mpp6elpgAAAgAAAAAEHwReAA0AFgBNQCYNAgISEg4FBQsBCwoKGAABARcCDRERDUpZEREBCAgUSlkIDwsBFQA/Mz8rERIAORgvKxESADkRATMRMxEzETMREjkRMzISOREzMTAhIQEmJjU0NjMhESERIwMUFjMzESMiBgFK/rYBLWxv89ICCP7PqMluWarRS1UBui2qc6K4+6IBoAFiRk8BGkn//wBc/+wEYgYEAiYASAAAAQYAagIAAAq0AwIxESYAKzU1AAEABP4UBKgGFAAmAGpANhkaJAIPBwckJCgSJx0QGhcPDxQQECcdCyAgC0dZGhITEkpZFxMgEyATEBUAEBUDBQAFR1kAGwA/KxEAMxg/PxI5OS8vETMrEQAzKxESADkRATMRMzMRMzMSORE5ETMRMxESORESOTEwASInNRYzMjURNCYjIgYVESERIzUzNSEVIRUhFRQHMzYzMhYVERQGAz1rTTs8e15Wf3P+z5ycATEBO/7FDhJm3sXKvP4UGfATqgKybm6vwv4vBKzHoaHHElO2pNLH/OuzwAD//wCgAAADqgYhAiYBzQAAAQYAdh0AAAizAQ4RJgArNQABAFz/7APwBHMAGQBBQCEYEBEJCAgbDhERAwMaDhFKWQ4OAAYGC0ZZBhAAFEZZABYAPysAGD8rERIAORgvKxEBMxEzETMRMxEzEjk5MTAFIAAREAAhMhcHJiMiBgchFSEWFjMyNjcVBgKN/ur+5QEOASG4rViqa2lzDwGl/lsObmdPn2aOFAEjARoBKgEgStlBen3Lg30kLOpJAP//AFz/7AOsBHMCBgBWAAD//wCTAAAB3wYUAgYATAAA////5QAAApMGBAImAPMAAAEHAGr+zgAAAAq0AgEZESYAKzU1////ff4UAd8GFAIGAE0AAAACAAD/7AbTBF4AFwAfAFFAKgIPER0dAA8ACRgYFRUhCSARHEpZEREADw8CRlkPDwYLSFkGFgAdSlkAFQA/KwAYPysAGD8rERIAORgvKxEBMxEzETMREjk5ETMRMxEzMTAhESMCAgYjIic1FjMyNhITIREzMhYVECETNCYjIxEzMgMt7iBcmXxqRDExOU09FgMjjvjv/h+wYmGBhb8Def6J/o+lIPQUpAF/AU/+UKSm/pwBYEE6/vgAAgCgAAAG0wReABEAGQBRQCkAFxcPBwcLEhIEBBsOCgoLCxoOCUZZDgAAFkpZAAAHEAwPBxdKWQsHFQA/MysAGD8zEjkvKwAYEMUrEQEzETMRMxEzETMREjkRMzMRMzEwATMyFhUQISERIREhESERIREhATQmIyMRMzIEXo747/4f/jv+pP7PATEBXAExAURiYYGFvwKupKb+nAHN/jMEXv5SAa79AkE6/vgAAAEABAAABKgGFAAcAFZAKxITAQAAHgsdFgkTEAgIDQkJHRYEGRkER1kTCwwLSlkQDBkMGQwJDgABCRUAPzM/Ejk5Ly8RMysRADMrERIAOREBMxEzMxEzMxI5ETkRMxEzEjkxMCEhETQjIgYVESERIzUzNSEVIRUhFRQHMzYzMhYVBKj+z7R/c/7PnJwBMQE7/sUOEmbexcoCUPKvwv4vBKzHoaHHElO2pNLHAP//AKAAAAT0BiECJgHUAAABBwB2AK4AAAAIswETESYAKzX//wAA/hQEjQY/AiYAXAAAAQYCNvsAAAizARoRJgArNQABAKD+bwTBBF4ACwA2QBoJCgoABAQHBw0DAAAMCiMFAQ8IAAADRlkAFQA/KxEAMxg/Mz8RATMRMxEzETMREjkRMzEwMxEhESERIREhESERoAExAb4BMv54/u4EXvyHA3n7ov5vAZEAAAEAuAAABH0G7AAHACNAEQMGBgkAAQEIAgdMWQQCAwESAD8/xisRATMRMxEzETMxMCEhESERIREhAe7+ygK5AQz9cQW2ATb9ygAAAQCgAAADzwWPAAcAI0ARAwYGCQABAQgCB0ZZBAIPARUAPz/GKxEBMxEzETMRMzEwISERIREhESEB0f7PAhwBE/4CBF4BMf3qAP//AAAAAAe8B3MCJgA6AAABBwBDAPwBUgAIswEmBSYAKzX//wAUAAAGxQYhAiYAWgAAAQcAQwCHAAAACLMBJhEmACs1//8AAAAAB7wHcwImADoAAAEHAHYBugFSAAizASYFJgArNf//ABQAAAbFBiECJgBaAAABBwB2AWQAAAAIswEmESYAKzX//wAAAAAHvAdWAiYAOgAAAQcAagFvAVIACrQCATMFJgArNTX//wAUAAAGxQYEAiYAWgAAAQcAagD+AAAACrQCATMRJgArNTX//wAAAAAE/gdzAiYAPAAAAQcAQ/98AVIACLMBEQUmACs1//8AAP4UBI0GIQImAFwAAAEHAEP/WQAAAAizAR8RJgArNQABAFIBtAOuApoAAwARtQIFAAQAAQAvMxEBMxEzMTATNSEVUgNcAbTm5gABAFIBtAeuApoAAwARtQIFAAQAAQAvMxEBMxEzMTATNSEVUgdcAbTm5gABAFIBtAeuApoAAwARtQIFAAQAAQAvMxEBMxEzMTATNSEVUgdcAbTm5gAC//z+MQNO/9MAAwAHACBADQQAAAkFAQEGBQUIAgEALzMSOS8zATIRMxEzETMxMAEhNSE1ITUhA078rgNS/K4DUv4xi4yLAAABABkDwQGkBbYABwAZQAoEBQcBBwcJAAQDAD/NEQEzETMQwjIxMBMnNhI3MwIHJw4WZTXbQiMDwRZbARNx/vXqAAABABkDwQGkBbYABgAXQAkDBAEGBgcEBgMAP8YRATMRM8IyMTABFwYDIxI3AZYOMn7bRR8FthbF/uYBKM0AAAEAP/74AcsA7gAGABhACQIDBQAFBQcDBgAvzREBMxEzEMIyMTAlBgMjEjchAcs0fNxBJAEY18r+6wEK7AAAAQAZA8EBpAW2AAcAGUAKAwIABgAACQMHAwA/zREBMxEzEMIyMTABFhMjJgInNwE/JUDbO2EUDgW29f8AfwELVRYAAgAZA8EDdwW2AAcADwAlQBALDAgOAwQGAAYGEQcPAwsDAD8zzTIRATMRMxDCMtQywjIxMAE2EjczAgchJTYSNzMCByEB7BZlNdtCI/7o/h8WZTXbQiP+6APXWwETcf716hZbARNx/vXqAAIAGQPBA3cFtgAGAA0AI0APCQoHDAIDAAUFDgoDDAUDAD8zxjIRATMRM8Iy1DLCMjEwAQYDIxI3IQUGAyMSNyEBpDJ+20UfARkB4TJ+20UfARgFoMX+5gEozRbF/uYBKM0AAgA//vgDngDuAAYADQAiQA4JCgcMAgMABQUOCgMMBQAvM8YyEQEzETPCMtQywjIxMCUGAyMSNyEFBgMjEjchAcs0fNxBJAEYAeI0fNxBJAEY18r+6wEK7BfK/usBCuwAAQB7AAADpgYUAAsATkAlBwQKAQQBAwkCAggDAwUAAA0FDAoHAQQHBAYABQULBgYDCAADEgA/PxI5LzMzETMSOTkRMxEzEQEzETMREjkRMzMRMxI5OREzETMxMAElEyETBTUFAyEDJQOm/rQ3/uo3/skBNzcBFjcBTAOgHvxCA74e8R4Bof5fHgAAAQB7AAADugYUABUAfUA+DgsJBhQRAAMVAwYKBAUQBAQPBQUHEwICFwwHBxYACQMGCQYIAgcHAQgRDhQLDgsNEwwMEg0IDQgNBQ8ABRIAPz8SOTkvLxEzMxEzEjk5ETMRMxEzMxEzEjk5ETMRMxEBMxEzETMRMxI5ETMzETMSFzkRMzMzETMzMzEwASUVJRMhEwU1BSc3BTUFAyEDJRUlFwJvAUv+tTf+6Tj+tAFMLy/+tAFMOAEXNwFL/rUvAi0f8h/+hwF5H/If5dUe8R4BeP6IHvEe1QAAAQBiAa4CoAQpAAsAE7YGAAAMDQkDAC/NERIBOREzMTATNDYzMhYVFAYjIiZilIuJlpeIipUC7JqjpJmYpqYAAAMAdf/lBmIBOQALABcAIwAsQBQeGBIMAAYAACQbDwMJA1RZIRUJEwA/MzMrEQAzMxEBMxEzGBDUMsQyMTA3NDYzMhYVFAYjIiYlNDYzMhYVFAYjIiYlNDYzMhYVFAYjIiZ1WlZTW1xSVFwCR1pXU1tcUlVcAkhaVlNbXFJUXI9UVlhST1tZUVRWWFJPW1lRVFZYUk9bWQAACAA//+4KAAXLAAkAFAAYACIALQA3AEIAQwBkQDEuPjgzODhFFhcXBQUKEAAQEEQYFRUZGSkjHiMjQzUgIEArMRwcOyYZGAYXGAMNBxIHAD8zxDI/Pz8zMxEzxDIyETMBLzMRMxDAMhI5ETMRMxEzEMAyEjkRMxEzETMQwDIxMAEUFjMyNTQjIgYFFAYjIiY1ECEyFiUBIwETFBYzMjU0IyIGBRQGIyImNRAhMhYFFBYzMjU0IyIGBRQGIyImNRAhMhYBATstMmBgMi0Bu7KspbQBWam1ArD81fADK4UtMmBgMi0Bu7KspbQBWam1AVAsMmBgMiwBurCupLQBWKm1/TUEAH99/Pp7febn7eABye3Y+koFtvwCf338+nt95eft3wHJ7d5/ffz6e33k6O3fAcnt/WoA//8AhQOmAZwFtgIGAAoAAP//AIUDpgNCBbYCBgAFAAAAAQBSAF4CoAQEAAYAMEAVAwYCBAQBBQUIBgADAwIEBAUFBwIBAC8zEjkvMxESOREzMxEBMxEzMxEzwTIxMBMBFwEBBwFSAXPb/ukBF9v+jQI9Acd3/qT+pHcBxQABAFIAXgKgBAQABgAwQBUEAgIDAAUBAQcGAAMDBAICAQEHBAUALzMSOS8zERI5ETMzEQEzETPBMjMRMzEwAQEnAQE3AQKg/o3bARb+6tsBcwIj/jt3AVwBXHf+OQD//wB1/+UEGwW2ACcABAJIAAAABgAEAAAAAf53AAACkQW2AAMAGkALAwACAQICBAMDAhIAPz8RATMRMxDBMjEwAQEjAQKR/NXvAysFtvpKBbYAAAEAZgL8AwoFxwASACpAEwwICAkAEgkSExQACQwEBA8fCh4APz8zEjnEMhESATk5ETMRMxI5MTABETQmIyIGFREjETMXMzYzIBURAkQ8OVpIx6IbDkmOAQIC/AGRTEBgcf60ArpUZfr+LwABACMAAAQnBbYAEQBWQCsCBBAQCwsTDgAEBAkHBQUSAwcIB1JZAAgIEQUOEU5ZDg4FCgoNTlkKBgUYAD8/KxESADkYLysREgA5GC8zKxEAMxEBMxEzMzMRMzMRMxEzERI5MTABIRUhESERIzUzESEVIREhFSEB6QE8/sT+z5WVA2/9wgIZ/ecBuLL++gEGsgP+/v6w/gABAFIAAARqBcsAJQB5QD0UERcMEBACDgoRESIeGwMCGwIVIBwcFxcVJicNICEgUlkKIR0RHB0cUlkOHR0AGBcUFxROWRcYAAZPWQAHAD8rABg/KxESADkRORgvMysRADMYEMYyKxEAMxESATk5ETMRMxI5OREzETMzMxEzMxI5ETMREjkxMAEyFwcmJiMiBhUVIRUhFSEVIQYGByERITU2NjcjNTM1IzUzNTQ2AsG+w11Og0VQTAFn/pkBZ/6XBUZKAs776GRLBbKysrLkBctS5h0jVlZxsHOySmwn/vz4KmpVsnOwc87UAAADALj/7AbpBbYACAATACkAcUA8IBwjJyceHCUcFgkWKwQJCQ8rAA4ODw8qGRRRWRkZDQBOWR0mIyZRWSMhUFkgIw0jDSMPEBAITlkQBg8YAD8/KxESADk5GC8vETMrKxEAMysAGD8rEQEzETMRMxESOREzETMREjk5ETMzETMSOTEwATMyNjU0JiMjBRQEISMRIREhIAQBMjcVBiMiJjURIzU3NzMVIRUhERQWAdlCi41+iFQCf/7P/uc1/t8BdQEQARsB8E5TYYqjlpKoWJoBEP7wSAMGaHVtaMrs+v34Bbbl+/ojzzOmrQE+bGfr7dH+zTxDAAABAEL/7ASDBcEAJwCMQEgGAwglJRwfJBkWGwkMEREkCwUFCCQkKRcdHQgbGygMFxcJGAYdHh1SWQMeDx5/HgILAxgeGB4TIiUAIgBPWSIHEA4TDk5ZExkAPysRADMYPysRADMREjk5GC8vX15dETMrEQAzETMzETMRATMRMzMRMxEzERI5ETMRMxE5ORI5ORE5OTMREjk5MTABIgYHIRUhBxUXIRUhFiEyNxEGIyIAJyM1MyY1NyM1MzYAMzIXByYmAyN6nhcBk/5eAgIBY/6uMwEOj4R0sfX+xCmJdgQCdIUlAUTzvKRiRXgEyY2GsCMvIbLzOf8AOwEK67IXJzWw8gEZUugfIwAEAD//7AYdBcEAAwAPABsAMABaQCwDAAAELiUkAQICHxAKJAoqFhYEBDIqHx8xJScnIi4sLBwiAxkNEwcTAwMCEgA/Pz8zxDI/xDIRMxEzETMRATMRMxEzETMREjk5ETMSOREzETMzEjkRMzEwAQEjAQEUBiMiJjU0NjMyFgUUFjMyNjU0JiMiBgEiJjU0NjMyFwcmIyIGFRQzMjcVBgUf/NXwAysB7rWdlbeyoJa2/i0+R0Q9PURHPv1ap762rXVkN2ZASUmMdFpPBbb6SgW2+6KswMSoqsHHpGRlZWRkY2MBOLiqsrkymylmX74rpC0AAAIAKf/uA98FyQAbACQARkAgHBYWBCIZGQ8MCwMECwQlJhkiDyINHh4TDQQMDAcTAAcALzMvEjkvOTMRMxESOTkRMxESATk5ETMRMzMzETMSOREzMTAlMjY3MwYGIyImNTUHNTY3ETQ2MzIWFRQCBxUUEzQjIgYVETY2AoE8TQbPC7i6t8y2YlS8xaO+y/K2WjUnWF6+Y2bcvc/EfzHEGhwBm7itrpa0/v9w6bkDwYtMP/64J6gABACHAAAH7gW2AA8AEwAfACsAXkAtEBMaFAEJDgYOAAAHIBoUJhQULQYHBywjFykdFx0XHRAODgsDBwgDERAQAQcSAD8zMxEzPxI5OTMREjk5Ly8RMxEzEQEzETMRMxEzEMAyETkRMxESOTkREjk5MTAhIQEjEhURIREhATMmNREhEzUhFRMUBiMiJjU0NjMyFgUUFjMyNjU0JiMiBgTP/rj+Ag4Y/vQBSgH6EhgBCosCfxW4npq4tKKauP4iQUlHQEBHSUEEF/7/of2LBbb78OmqAn36Sry8An+rwsanqMLHo2RlZWRkY2MAAgAQAuUFogW2AAcAGABfQC8YCBAPEBEDFAwMDQABAQMGDRQTEw0DAxkaFgoKEA4NDRQIAQEEGREODgQHAwMEAwA/MxEzETMRMxESOS8zMzMREjk5ETMREgEXOREzEMIROREzETMREhc5ETMzMTABIxEjNSEVIwEDIxcRIxEzExMzESMRNyMDAX2oxQI0xwI/pQcEo/egqvCoBAauAuUCPJWV/cQCEW/+XgLR/gIB/v0vAZh5/e8A//8ANwAABhIFzQIGAXYAAAACAGb/3QSLBEgAFwAfAEJAHxQVFQwfDg4EGAwEDCAhHhkOAxwcCBUUFBEfDQ0IEQAALzIvOS8zEjkRMxEzERc5ERIBOTkRMxEzETMSOREzMTAFIiYCNTQ2NjMyFhIVIREWFjMyNjcXBgYTESYmIyIHEQJ5nfGFivSVmPOH/MUxplKDt1FIYtmTMqNYrXojkwEFnav/jI7+/aX+nDVGaYEpm3wCiwEVNUJ1/un//wA6/+gGrgW2ACcCFwKyAAAAJwJAA9P9swEGAHveAAALtAMCAREZAD81NTUA//8AO//oBtEFyQAnAhcC+AAAACcCQAP2/bMBBgB1AAAAC7QDAgERGQA/NTU1AP//AFr/6AbRBbYAJwIXAvgAAAAnAkAD9v2zAQYCPQYAAAu0AwIBERkAPzU1NQD//wBD/+gGmQW2ACcCFwKeAAAAJwJAA779swEGAj8IAAALtAMCAREZAD81NTUAAAIAO//sBGIFywAXACMAQUAhGyISBw0NACIHAAclJAseRlkLCwQVFQ9HWRUHBBhHWQQWAD8rABg/KxESADkYLysREgE5OREzETMREjkSOTEwARACBCMiJjU0EjYzMhcmIyIGBxE2MzISATISNyYmIyIGBhUUBGKt/ty8x9OV+Z9pVBeyNplWqqbq8f1/Z6ggDk41RnNJA5j+/P5A6NTPrgE2mynsNjkBD1r+3vw2ARTQNDRs2HCYAAACADkAAAUKBbwABQAOAC9AFwIBBgYKCwoFCwQFBA8QBQpMWQUSBgEDAD8zPysREgE5OREzETMREjkRMzMxMDcBIQEVIQEOAgMhAycmOQG7AV4BuPsvAmkCFSjuAlr8CySyBQr69LAEvg9Xiv00AwAngQABAKb+NwVIBbYABwAiQBAABwcJAwQECAUCTFkFAwAEAC8zPysRATMRMxEzETMxMAERIREhESERBAr92f7DBKL+NwZ9+YMHf/iBAAEAKf43BQIFtgALAExAJQIICAcGBwMDCQAGCgAKDA0DBAgCAgcJBAdNWQQDAQAJAAlMWQAALysREgA5GD8rERIAOREzETkREgE5OREzETMzETMREjkRMzEwEzUBATUhFSEBASEVKQI//dEEjv0MAe79+QNI/jeqA0IC7ab8/W/9DP4AAAEAWAJkBDkDPwADABG1AgUABAABAC8zEQEzETMxMBM1IRVYA+ECZNvbAAEAJf/yBPwG3QAIADZAGAEABgYFBwUCAgMHBwgICgMJAwQEAQgGAQAvMy8SOS8zEQEzETMRMxESOREzERI5ETMzMTAFIwEjNSETATMCmLf+9LABRc0B6tsOAuHV/ckFbAAAAwBxAXsFNwQjABQAHwApAE5AJCIXBRAQHScdCycACwAqKxASBQMXIiIgJCQDFQgIDiogEhIaDgAvMzMRMxESOS8zxDIREjkRMxI5EjkREgE5OREzETMREjkRMzMzMTABFAYjIicGBiMiJjU0NjMyFzYzMhYBMjcmJiMiBhUUFgEiBxYzMjY1NCYFN7aHsHs7k0+NtLWMsHN9qIyx/IVYTiZQMjhFRQJqV1FQWjhERgLNjsSwTV24mpDArqq5/uaHRENNPDxJAQiFiVA5OksAAAEAAP4UA0wGFAAWACJADwQODgoVFRgKFwASAAwHGwA/Mz8zEQEzETMREjkRMzEwASIGFREUBiMiJzUWMzI1ETQ2MzIXFSYCrjM8xLhtVltDbsK7bVZZBRRIQfsEu8Ap/ieOBPi5wSj+Jv//AFgBXQQ5BEIAJwBhAAAAxQEHAGEAAP82ABCxARy4/0y0HBwAAD4AKxE1AAEAWACPBDkFGQATAFpALQ0QEQAEAQwBCgcGAwQCCwsMAgwEDg4TExUIBAQUDAsLEAcHDQoCAQEAAwMRBgAvMzMRMzMRM8QyMhEzMhEzEQEzETMRMxEzERI5OREzERIXOTIREhc5MTABAyc3IzUhNyE1IRMXBzMVIQchFQIxf8lZ6gFQUP5gAgSDyVzt/q5PAaEBov7tVL/bqtkBGVbD2arbAAIAVgAABDkFPQADAAoAOkAaCAQEAwMMCQUFAAALBgUJCQgKCAcKBAQHAQAALzIvOS8zETMREjkRMzMRATMRMxEzETMRMxEzMTAzNSEVEwE1ARUBAVYD4QL8HwPh/VQCrNvbAQgBtpAB7+/+wv7oAAACAFgAAAQ5BT0AAwAKADZAGAUJCQMDDAoGAAALCQgFBQQGBAoKBgcBAAAvMi8zOS8zERI5ETMzEQEzETMzETMRMxEzMTAzNSEVCQI1ARUBWAPh/B8CrP1UA+H8H9vbAfgBGAE+7/4RkP5KAAACAFgAAARQBcEABQAJAEJAIAUEBwcCAQkJCAYIAwYAAwAKCwAGBgMIBwgJAwIFBwIYAD8/Ehc5ETMzETMREgE5OREzETMREjkRMzMzETMzMTABASMBATMTAwMTBFD+PXL+PQHDcrv09PQC3/0hAt8C4v0eAZr+Zv5n//8AKQAABPgGHwAmAEkAAAAHAEwDGQAA//8AKQAABOoGHwAmAEkAAAAHAE8DGQAAAAEAaATZBDMGPwANAB5ADAANBwYHBw4PBwAKAwAvM80yERIBOREzEMoyMTABBgYjIiYnIRYWMzI2NwQzE/Tm7eMOAREHWXNlYwsGP7urpMJnU1tfAAH/ff4UAdEEXgANACFADwsCCAgOCQ8DBQAFR1kAGwA/KxEAMxg/EQEzETMzMTATIic1FjMyNjURIREUBkZ1VEZJTUcBMc7+FBnwE1ZUBKr7KbLBAAEBXgTNArYGFAAIABtACwMEAAcAAAkKBwMAAD/JERIBOREzEMkyMTABNjY3IRUGByMBXg8nCAEaUFayBOcxvEAUsIMAAQFe/jsCtv+DAAgAGkAKAwQABwAACQoIBAAvzRESATkRMxDJMjEwATY2NyEVBgcjAV4PJwgBGktbsv5WMbxAFKiMAAABAU4E2QKmBiEACAAcQAsDBAAHAAAJCgiABAAvGs0REgE5ETMQwTIxMAEGBgchNTY3MwKmDycI/uZOWLIGBjG8QBWqiQAAAgApAjUC3wXLAAsAFQAgQA4AEQYMEQwWFwkTHwMOIQA/Mz8zERIBOTkRMxEzMTABFBYzMjY1NCYjIgYFECEiJjUQITIWASUtMTIuLjIxLQG6/qKktAFYqbUEAH99fIB/e3t9/jPt4AHJ7QAAAgAMAkoC9gW8AAoAEgBCQB8SBQcOAgsDAwkAAgUCExQOCQcJBhIBBQUSEgMHHgMgAD8/EjkvMxEzEjkyERI5ERIBOTkRMzMzETMSOTkRMzEwASMVIzUhNQEzETMhNTQ3BgYHBwL2fe7+gQGB7H3+lQYJNQ9/AuGXl5oCQf3NpFZiGmwXvwABAFQCOQLLBbYAGgBMQCQYFRUUFxcDExkZFBQIDg4DCAMbHBQTExEMERkAAAYYFR4MBiEAPzM/MxI5LzMzERI5ETMREgE5OREzERI5ETMSOREzERI5ETMxMAEyFhUUBiMiJzUWFjMyNTQmIyIHJxMhFSEHNgGNj6++t55kMoU3rFdRPzhtJQII/pwQOAR/lYCRoDTAICqDP0ASKwG4uIcIAAACAC0CNQLZBdcAEgAdADhAGggJDAkbABsGFgAGAB4fDBkZEBADCQgfEwMhAD8zPzMSOS8zEjkREgE5OREzETMREjk5ETMxMAEUBiMiJjUQJRcGBgczNjYzMhYBMjY1NCYjIhUUFgLZr5uexAIjQ6+2GgsfWUp0hP6oOz48OYFEA22QqL+dAaKkojWEVysvjP70Rz82RGpCVAAAAQA7AkoC1wW2AAYAKEASBgAAAQIBBQIFBwgFAgIDHgAgAD8/MxI5ERIBOTkRMxESOREzMTATASE1IRUBmgFU/k0CnP6/AkoCtLiV/SkAAwAtAjUC2wXLABcAIQAtAEZAIRMGFQMVJQMrJSsYHhgQHgoQCi4vBhMTICAoKBsNISIAHwA/Mj8zOREzEjkRMxESATk5ETMRMxESOTkRMxEzERI5OTEwATIWFRQGBx4CFRQGIyImNTQ2NyY1NDYTFBYzMjY1NCcGEyIGFRQWFzY2NTQmAYWNqENMS0Ijv5eht0dXf64UOjk7PIVldSstNCYmMioFy3lpP2QrKj1JLHWVjHhBai5Zfmh6/W4tOTktUSwsAaMvHSkyFRMyKx0vAAIAKwI5AtUFyQAWACIAMkAXGgURCyAgABEAIyQLHR0ODgMXFB8IAyEAPzM/MxI5LzMSORESATk5ETMRMxI5MjEwARQGIyInNRYzMjY3IwYjIiY1NDYzMhYlIgYVFBYzMjY1NCYC1fbnSTYxM4yLCAhHfnqKtpSkvP6sNUI4OzdGRAQz/vwPvBZwg2KUg4mq1SNHQTdBPytDUwAWAFT+gQfBBe4ABQALABEAFwAbAB8AIwAnACsALwAzADcAOwA/AEMARwBTAFsAawB0AHwAiQELQIdAPDAFDw9BPTEADE5UY3BwYGBsbIB6Z2d2hHZra0iESFiEh4dYVAMMF0UpJQoUFEQoJAkXDBeKi4J9fWtkdXVsbHZ2a1ZLS2trXAxaUVGFdFxcBxISDC0dGRMPDwwWDSQxJzJEPUc+KEErQgkAAEJBPj0yMQ0IASwcGAwHATg0IAYEBDk1IQEALzMzMzMRMzMzMxEzLzMzMxIXOREzETMRMxEzETMRMxEzETMRMxEzMzMzETMREjkvMzMzLzMREjkvMy8zETMROS8zEjkRMy8zERIBOTkRMzMzMzMRMzMzMxESFzkRMxEzERI5ETMREjkRMzMyEjkRMxEzETMRMzMzMzMRMzMzMzEwExEhFSMVJTUhESM1AREzFTMVITUzNTMRITUhFSE1IRUBNSEVASMRMxEjETMBNSEVASMRMwE1IRUzNSEVASMRMzUjETMBIxEzBRQGIyImNTQ2MzIWBRQzMjU0IyIlMzIWFRQGBxUWFhUUBiMjEzMyNjU0JiMjFRUzMjY1NCMBIic1FjMyNREzERQGVAEvwAXOATBt+QBvwAUOw239SQER++EBDv7yAQ4Et21tbW37wgEQ/DBvbwLAARB3ARH6qG9vb28G/m1t+5+Hf3+Hh39+iP5zh4eHhwHhrG1wLiw7MG1ez3tCLiQqLztKMSVaAV40HCsZVn1pBL4BMG/BwW/+0MH5AgEvwm1twv7RbW1tbQb+b2/6qAEOAgIBD/o7bW0BpgEOBEpvb29v/C8BEHkBD/1oARBJkZyckZKbmpPFxcRhQ1MxRAgEDUQ4UVkBYiIgIh3jmislSv76CmYIVgGS/nJfYwADAFT+wQeqBhQAAwAeACoAWEApEiUfHwQeHhEXFwsRCwMBAwErLBwGCxcGFxQeHigoIhIUFA4iDiIOAgAALy85OS8vETMRMxEzETMvEjk5ETMRMxESATk5ERI5OREzERI5ETMzETMyMTAJAwU1NDY3NjY1NCYjIgYHFzYzMhYVFAYHBgYVFQMUFjMyNjU0JiMiBgP+A6z8VPxWA+ssQWdJu6VPukdSoFo/PjFIVDsbR0ZCSUhDSEUGFPxW/FcDqfsvMkExUn5Yh5o4KrJQOi81SzZEcEo7/u0/SEk+QElI////ff4UAukGIQImAjcAAAEHAUz+ygAAAAizARMRJgArNf//ABkDwQGkBbYCBgIHAAAAAgAp/+wFngYpAAgANgB2QD0fFBQiGhE0CTELMQMqAAMDBgYuLigRKDYLEQs3OBwXR1kcHDQONAAJKgAqRlkAAA4xMQNGWTEBDiVGWQ4WAD8rABg/KxESADkYLysRADMRMxESORgvKxESATk5ETMzERI5ETMRFzkRMxESOTkRMzMzETMxMAEmJiMiBhUUFgUXFRAAISImNTQ2NTQmIyIHJzYzMhYVFAYVFBYzMjY1NScmJCY1NDYzMgATMxUD3xaLZTtGzwH2Av7D/s7b2wwbHCowTJWYWmcPYVyRkwLg/sii4cXxARwskgPfqbw4OXKA5yst/q7+nKWmNWkrKhwdtlZeWD+GR0tP5vcfIQJ00Yyhv/7b/tvlAAEAAAAABQYFwwAVAEZAIhMQAAAVAwMMDAgIFxUUFBYQExMAABIUAxISCAoFCk1ZBQQAPysRADMYPz8SOREzETMRATMRMxEzETMRMxESOREzMzEwAT4DMzIXFSYjIgYHBgIHESERASECfT54aHVfVUIsGSg1GkO2Nv7M/hkBUANUiPWwQhvlDCsnYP6cjv3VAi8DhwACADP/7AfLBF4AFAAoAGxANQoYEBcYFxoVGggDIyMgIAgVFRIIEgsPDyoNCwspISEFDRgQCw0LRlkNDwMFJh0FHUZZAAUWAD8zKxEAMxI5GD8rEQAzMxESORgvEQEzETMRMxESOTkRMxESOREzEjkRMxESOTkRMxEzMTAFIicjBiMiAjU0NyE1NyEVIRYVFAIDNCchBhUUFjMyNjU1IRUUFjMyNgVG7VMKUu7d5T/++q4G6v7+P+UzQPygPlxnVEwBGExUZ1wU0tIBDvyy0X9m5dGy/P7yAhCp1MmwlpFzh4mJh3OQ//8AuAAABtMHdQImADAAAAEHAHYBwwFUAAizAR0FJgArNf//AKAAAAdCBiECJgBQAAABBwB2Ae4AAAAIswEsESYAKzX//wAA/agFhQW8AiYAJAAAAAcCWwFzAAD//wBW/agEOwR1AiYARAAAAAcCWwEAAAD///5y/+wGOQXNACYAMlIAAAcCXP35AAAAAgBY/agCTv+DAAsAFwAgQA0MAAYGEhIZDwkJGBUDAC8zEjkvMxEBOREzEMwyMTABFAYjIiY1NDYzMhYHNCYjIgYVFBYzMjYCTo5wcIiHcW6QnjYqKjYwMCo2/phshIBubIGEaS0zMy0tNDQAAgB5BGgDKwXHABEAGgAxQBYVFhkaDAQHAAcHGxwBBwcEDxoEAxUDAD/GMtTEETkRMxESATkRMxDCOdAywTIxMBM0NjcVBgYVFB4CFRQGIyImBTc2NyEVBgcjeZiNSUUlLSU/QkNKAVoTKhUBBiqliQTyUnATShYlHRISERocJS1KJ0OTVxRe1QD//wApAAAIDgYfACYASQAAACcASQMZAAAABwBMBi8AAP//ACkAAAgABh8AJgBJAAAAJwBJAxkAAAAHAE8GLwAAAAMAd//sBtcGFAATAB0AHgBIQCMLEgAUBgYfDw0NGRkAAB4SCxMLAwkJG0xZDUAJBAMXTFkDEwA/KwAYPxrOKxESADk5ETMBGC8zETMSOREzETMRMxI5OTEwARAAISAAERAAISAXNjUhFwYGBxYFFBYzIBEQISIGAQXn/pj+sP6w/pgBagFSAVqyXQEtDiSOez371bq5AXP+j7m8BKIC3f6V/noBhgFtAWsBg8s91RaxyTKf1vX4Ae0B7vn8LgADAFz/7AXNBQYAFgAiACMASEAjDRUAFwcHJBEPDx0dAAAjFQ0WDQMKCiBHWQ9AChADGkdZAxYAPysAGD8azisREgA5OREzARgvMxEzEjkRMxEzETMSOTkxMAEQACEiJgI1EAAhMhYXNjUhFw4CBxYFFBYzMjY1NCYjIgYBBJj+4P7/ofaEAR4BA3DIR5UBLQ8bV45pNPz7bXt6a2x7emwDYQIx/u/+zI0BCLABEgEwRUUt8BaGnWsafZqmqqmnpqal/SgAAgCu/+wHKQYUABwAHQA5QBsVEhIeBgQBARsLCx0KAQEPHARAEwMPGExZDxMAPysAGD8azjMSOS8zAS8zETMzEMIyETMRMzEwARU2NjUhFw4CBxEUBgQjIAA1ESERFBYzMjY1EQEFXkpGAS0OIGu2ipH+7rv+5v7IATWNmJiJAeMFtrwalmoWmqdnFP3CovSCASH7A678aZyTmZgDlfpKAAIAmv/sBnMFBgAeAB8ASkAlCwgIIBkXFEAUAhERHh4fFB1LWRQUABcSCQ8CDgUFDkdZBRYAFQA/PysREgA5GD8zxhI5LysBGC8zETMSOTMaEMoyETMRMzEwIScjBgYjIiY1ESERFBYzMjY1ESEVNjY1IRcOAgcRMwO4KRIws3PFyAExVl6AcgExR04BLQ8gbLeOoI9NVtPGAtn9c3l5q8YCDnUWk3QWnKhmFfzP///8FgTZ/lcGIQAHAEP6ygAA///80ATZ/xEGIQAHAHb7hAAA///74ATX/x0GDgAHAVL7EQAAAAH82QTD/qAGpAATABS3BQQNCwsRAgQAL8nMMhEzEjkxMAEUBwcjJzY2NTQmIyIHNTY2MzIW/qCiCq4XSzYqIkFKHmkpjIsFz5wpR5MMMyUgIheoCg1vAAAB/Nn+Uv4l/30ACAAIsQcCAC/JMTABNDMyFRQGIyL82aamVFKm/ueWlkdO//8AuAAABAIHcwImACgAAAEHAEP/egFSAAizARQFJgArNf//ALgAAAXdB3MCJgGyAAABBwBDAFQBUgAIswEYBSYAKzX//wBc/+wEYgYhAiYASAAAAQYAQ6kAAAizAiQRJgArNf//AKAAAAUjBiECJgHSAAABBgBDDAAACLMBFhEmACs1AAEAd//sCD0FyQAyAGJAMR0cAwQEEBwDKysoKBYwMAoKNCMWFjMpKRMZAx0dACAZIE1ZBxkEEBMtJhMmTFkNExMAPzMrEQAzEjkYPzMrEQAzMxEzERI5GC8RATMRMxEzETMREjkRMxIXOREzETMxMAEiBgcnNjYzIAAREAAhIiYnBgYjIAAREAAhMhYXByYmIyIGFRQSMzI3ESERFjMyEjU0JgX+J1pEbECwSwEMASn+uP7WdLJNTa50/tf+twEpAQxKr0JsRFsmgI66sFNVATZIbLC4jwTTIS3XMTz+iv6t/on+Y0hLS0gBnAF4AVIBdzoz1y0h8+L7/vdFAYz+dEUBCfvh9AABAAYAAAbFBF4AGABVQCkYAAUFCQIJFwoWFhUNDQsLCgoRARESEhoCAQEZFwkKDRYVChEBDwUAFQA/Mj8zMz8zEjk5EQEzETMRMxEzERI5ETMROREzMxESOTkREjkRMzMxMCEBIRMWFzM2NxMDIRMXMzYSESEQAgchAwMBkf51AUDCIQwIEDxtfwFYuD4IZ10BNMjQ/u6krARe/X9kgVOSARUBbP2U5JsBkwEi/pD93swBff6DAAIAAAAABQYGFAARABoAT0AoERIWBQUcDwESEgwKCAgbAAoLCk1ZDwsBGkxZCwELAQgNAAgSTFkIEgA/KwAYPxI5OS8vKxEAMysRADMRATMRMzMzETMzETMRMxI5MTABFTMgBBUQISERITUhNSEVIRUBMzI2NTQmIyMCNXsBHgE4/aT+Vv8AAQABNQF5/odpnZKUtFAEZN/o1P43BGTmysrm/JplZmVZAAIAAAAABQQFJwARABkASkAmERcSBQUbDwEXFwwKCAgaAAoLCkZZARZKWQEBCA8NCw8IF0pZCBUAPysAGD/GMxI5LysrEQAzEQEzETMzMxEzMxEzETMSOTEwARUzIBYVECEhESE1ITUhFSEVEzQmIyMRMzICM9cBAvj+E/3r/v4BAgExAWc5aGfR1csDecukpv6cA3nlycnl/edBOv74AAABALj/7AdSBcsAIgBVQCwACCEBAQ4VDhoQGiQUEBARESMYHkxZGAQBDxQPTFkhFBQREgMREgsETFkLEwA/KwAYPz8SOS8zKxEAMxg/KxEBMxEzETMRMxESOTkRMxEzOTkxMAEhFhYzMjY3EQYGIyAAAyMRIREhETMSACEyFwcmJiMiBgchBmb9mg3QqmHBcmjJd/7F/p0Zzv7KATbXLAF8ASTm22RatFej0BQCZAJ3tdQoJf78KCMBTgE9/YkFtv3DARgBOmf8JzquogABAKD/7AYdBHMAIABXQC0XEB4WGRkKAwMFHh4iCQUFBgYhDRNGWQ0QGQQJBEZZFgkJBgcPBhUAHEZZABYAPysAGD8/EjkvMysRADMYPysRATMRMxEzETMREjkRMzMRMxI5OTEwBSIkJyMRIREhETM2JDMyFhcHJiMiBgchFSEWFjMyNxUGBMXw/vIZ3f7PATHdGAEB6Vu/TVaNeGRrCAGm/loJdHOYsIgU8u/+MwRe/lLh4iwk0T9xcOOAflDuRQACAAAAAAXXBbwACwAQAEVAIwoJBAMMBgcBDQ4DDwAACwsSBwgIEQwGTVkMDAcPCQMEAAcSAD8zMz8zEjkvKxEBMxEzETMRMxESFzkROTkyMjIyMTAhAyMRIREjAyEBIQEBIQInBgSq0WT+72bP/tECLQF7Ai/8dQE5hhMLAnf9iQJ3/YkFvPpEA2QBWUU0AAACAAAAAAUfBF4ACwARAExAJQ0ACwwFCQgDAhAQBgsLCgoTBgcHEgAFDAVKWQwMBhAIDwsDBhUAPzMzPzMSOS8rEQAzEQEzETMRMxEzERI5ETMzMzM5ORI5OTEwASMRIREjAyEBIQEhASEnJicGA2JO/vhQl/7bAdcBbwHZ/tv+EAENI0gdGgGm/loBpv5aBF77ogJ1UJxXXQAAAgC4AAAICgW8ABMAGQB0QDkQCREIFQEAFAYHEhEEAxgYAAcHCAgLABMTGw8LCwwMGhgRAxUUFBAGAQkQCUxZEBAMDQMIBwQADBIAPzMzMzM/EjkvKxEAMzMSOREzGD8zEQEzETMRMxEzETMSOS8zERI5ETMzMzMSOTkSOTkREjk5MTAhAyMRIREjAyETIREhESERIRMhAQEhJyYnBgbd0WT+8GfP/tHw/sv+ygE2AZfbAXsCL/x1ATkzXAoLAnf9iQJ3/YkCd/2JBbb9wwJD+kQDZInuJzQAAgCgAAAHNwReABMAGAB4QDsVABMUBRcGDwgQBxEQAwIXFxMGExIGBwcKEhIaDgoKCwsZFRQUDwUACA8IRlkPDwsXEA8MDxMHBgMLFQA/MzMzMz8/MxI5LysRADMzEjkRMxEBMxEzETMRMxESORgvMxEzERI5ETMzMzMREjk5ERI5ORE5OTEwASMRIREjAyETIREhESERIRMhASEBMyYnBgVvQv74Qqb+3ML+zf74AQgBkbcBbgHZ/tv+I+pgFxUBy/41Acv+NQHN/jMEXv5SAa77ogKa2kRJAAACACkAAAZGBbYAGQAcAIRAQgIXFxkcBQUUABQaCxAQDhsICBMNEwkEGhoADg0NHhkAAB0IBQUGHAYcTFkLEBACFxcUEhUEFU1ZGgkEBAYDFA4AEgA/MjI/OS8zMysRADMSOREzMxEzKxESADkRMxEBMxEzETMRMxI5ETMzMxESOREzETkRMxEzERI5ETMROREzMTAzEzY2NwE1IRUBFhYXEyEDJiYnESERBgYHAwETISmYOqiE/okFFf6Bh6g5mP7IeylUQ/7NR1YoewHX/v4GAcWzuiQB1YuL/islv63+OwGBfGQQ/Y8CcRBle/5/A3sBOQAAAgAUAAAE5wReABkAHACEQEICFxcZHAUFFAAUGgsQEA4bCAgTDRMJBBoaAA4NDR4ZAAAdCAUFBhwGHEpZCxAQAhcXFBIVBBVKWRoJBAQGDxQOABUAPzIyPzkvMzMrEQAzEjkRMzMRMysREgA5ETMRATMRMxEzETMSOREzMzMREjkRMxE5ETMRMxESOREzETkRMzEwMxM2NjcBNSEVARYWFxMhAyYmJxEhEQYGBwMBNyEUdSh9W/7fBDT+21l5KnT+/l4aOC/++DY8F14BaLT+mgFafZAgAW1qav6RIJB7/qYBJ01CC/4/AcMKRE7+2QKu4QADALgAAAhtBbYAHwAiACMAqUBWAx0dGh8iCwsAGhogERYWGRQhDg4TGRkPCiAgHxQUEx8AABMlCQUFBgYkIyUOCwsMIgwiTFkCHR0RFhYUGxgPGE1ZCQRMWQkJByAPDwYMAwcDFBoABhIAPzMzMz8/EjkvMxI5LysrEQAzEjkRMzMRMysREgA5ETMBGBDEETMRMxEzETMyETMRMxESOREzMzMREjkRMxESOREzETMREjkRMxESOREzMTAhEzY3IREhESERIQE1IRUBFhYXEyEDJiYnESERBgYHAwETIQECUJcsM/6o/soBNgJD/qYFFf6Bh6g5mP7IeylUQ/7NR1YoewHX/v4G/cUBxX8z/YkFtv3DAbKLi/4rJb+t/jsBgXxkEP2PAnEQZXv+fwN7ATn7TAADAKAAAAb2BF4AHwAiACMAqEBVAx0dHyILCxoAGiARFhYUIQ4OGRMZDwogIB8UFBMfAAATJQkFBQYGJCMlDgsLDCIMIkpZAh0dERYWGhsYDxhKWSAJCQRGWQkJBw8PBgwPBw8aFAAGFQA/MzMzPz8SOS8SOS8rEQAzKxEAMxI5ETMzETMrERIAOREzARgQxBEzETMRMxEzMhEzETMREjkRMzMzERI5ETMROREzETMREjkRMxE5ETMxMCETNjchESERIREhATUhFQEWFhcTIQMmJicRIREGBgcDATchAQIjdR0g/tP++AEIAc//AAQz/ttZeil1/v5eFzwv/vg2PBdeAWi1/pn+NAFaVR7+MwRe/lIBRGpq/pEgkHv+pgEnSEgK/j8BwwpETv7ZAq7h/HEAAQAp/i8EtgbwAEkAkkBMMigNNzcKREJCQEBGAwcHRghGPwM9Ch8KKC4REUs9GCgoSg0zMjMyTVkzM0AUREQFDwABCQMAQEZAQDpNWQdAAyUaTVklJxQrTVkUEwA/KwAYPysAGD8zKxEAMxgQxF9eXTI5LxESOS8rERIAOREBMxEzMxEzETMSOTkREhc5ETMRMxEzETMRMxEzETMSOTEwATIXFSYjIgcWFhUUBgcVFhYVFAQhIgYGFRQzMjc3MhcVJiYjBwciJjU0Njc2NjU0JiMjNTMyNjU0JiMiByc2NjcmJzUzFhc+AgPDSjAaPl1fqLi3n7jL/q/+2FxiKZFZaJqMHhBaNrXvss3s/8Os7eiJe+jUhYXPvohTt3dgg9E2m05XZQbwEZcMmiK4gIy5GQYUt5HJ6xEnKVgFBSnlEBkEBKyTrZwHBGVuYWjyWGZLWXfPNkwRd4MbKJtkTi4AAAEAH/4vBCMFZABMAKpAWTQqDTk5CkdFRUNDSQMHB0kISUIDQAogCiowERFOP0BAFyoqTT88QzxKWQ01NDU0Slk1NRNHR0MAAwUABUtZAEBJB0MQHiRGWR4aEycaRlkhIScnEy5GWRMWAD8rABg/My8rERIAOSsAGD8zMxrMKxEAMxESORgvETkvKxESADkrEQAzEQEzETMzETMRMxEzEjk5ERIXOREzETMRMxEzETMRMxEzEjkxMAEyFxUmIyIHFhYVFAYHFRYWFRQEISIGFRQWMzI3NjMyFxUmJiMiBiMiJjU0NjMyNjU0JiMjNTMyNjU0JiMiBgcnNjY3Jyc1MxYXPgIDe0gzIjZUSn6GaWiBb/7c/vFsYUtZVU9OMIgeEVY0RLN8sbHm7YSEnKJ2cK2RanpNw1BaQX8+XVfEOZhSVmMFZBCYDW8ijWFfexwKIn1lqLInNDQqBQUp5REYCJmar6VAQURB0zg9NjYmIdUYIQpsXxspmmZMLQD//wBtAAAGlgW2AgYBdQAA//8Aj/4UBkYGEgIGAZUAAAADAHf/7AXnBc0ACwASABkAP0AgFhcQDw8AABsQBgYaFhBMWRYWAwkJE0xZCQQDDExZAxMAPysAGD8rERIAORgvKxEBMxEzETMRMxESOTkxMAEQACEgABEQACEgAAEyNjchFhYTIgYHISYmBef+mP6w/rD+mAFpAVEBUQFl/UijvRP9GBS3rJ66GwLgGbcC3f6V/noBhgFtAW0Bgf58/KfAvbTJA9uurqmzAAMAXP/sBJgEcwANABQAGwA/QCAZEREAAB0YEhIHBxwYEkpZGBgDCgoVR1kKEAMOR1kDFgA/KwAYPysREgA5GC8rEQEzETMRMxEzETMRMzEwARAAISImAjUQACEyFhIBMjY3IRYWEyIGByEmJgSY/uD+/6H2hAEeAQOh9oT942FwDv4+D25kYnAPAcIObQIx/u/+zI0BCLABEgEwjP76/gB0dHR0ApxxcHBxAAABAAAAAAWmBcMAFQBBQCAFBAoKBw4OAgITExcHBgYWDgICBQARAExZEQQGAwoFEgA/Mz8/KxESADkRMxEBMxEzETMRMxEzERI5ETMzMTABIgYHASEBIQEWFzY3Ez4CMzIXFSYFQi5AKv6Y/q7+EAE5ASErFRE2qjdceFZ0RjMEwUd2+/wFtvxzoIuAqwIIq5xLJ/IXAAABAAAAAATRBGYAFgBAQB8WFQQECQEJExMODhgBAAAXCRMTEQQWFQwRR1kMDwAPAD8/KwAYPzMSOREzEQEzETMRMxEzETMREjkRMzMxMBEhExYXMzY3Ez4CMzIXFSYjIgYHASEBP80yCAQNLHszTGtVTEgrJyAzFf7M/skEXv2Oo09vfAFYjmoxHOwTLDf88v//AAAAAAWmB3MCJgKAAAABBwN2BScBUgAKtAIBKQUmACs1Nf//AAAAAATRBiECJgKBAAABBwN2BMsAAAAKtAIBKhEmACs1NQADAHf+FAqNBc0AFgAiAC4Aa0A3CxQUEBYWBAQBCAgJCTApFxcQAQAwIx0dLyAsTFkgBBomTFkaEwsUFBIEFhUQEg0STVkNGwgADwA/Mj8rEQAzGD8zEjkRMz8rABg/KxEBMxEzGBDEMjIyETMRMxEzERI5ETMREjkRMzEwASETFhczNjcTIQEGBiMiJzUWMzI2NzcBEAAhIAAREAAhIAABEBYzMjYRECYjIgYGAAFO0xsKBgsgzwFH/idB8aFOTTdBUXkiEv3a/rb+uv68/rUBTAFFAUMBS/wgpKyto6Gtr6MEXv2LUnBnWwJ1+xOvrhHyDWNkNwLV/o3+ggF7AXgBeAF2/of+if7/7OUBCAEF6e4AAwBc/hQJKQRzABYAIgAwAGtANwsUFBAWFgQEAQgICQkyHSMjEAEAMhcqKjEtIEdZLRAmGkdZJhYLFBQSBBYVEBINEkdZDRsIAA8APzI/KxEAMxg/MxI5ETM/KwAYPysRATMRMxgQxDIyMhEzETMRMxESOREzERI5ETMxMAEhExYXMzY3EyEBBgYjIic1FjMyNjc3ARQWMzI2NTQmIyIGBRAAISImAjUQACEyFhIEnAFN0xoLBg0ezwFI/idB8aFNTzlAUXkiEvs7bXt6a2x7emwDBf7g/v+h9oQBHgEDofaEBF79i0t3Z1sCdfsTr64R8g1jZDcCKaaqqaempqWn/u/+zI0BCLABEgEwjP76AAACAHf/gwY5BjEAFQAoAFBAKhMjHxknDQYDAwcHCiEhAAAqFgoKKSMnDSdMWRMQQA0EHxkHGUxZBQMHEwA/M8krEQAzGD8ayTMrEQAzEQEzETMRMxEzERI5ETMSFzkxMAEQAAUGIyInJAAREAAlNjYzMhYXBAABFBYXNjYzMhYXJBEQJQYjIicEBjn+0/7iI3F2Hf7h/s8BLgEkEEQ9NUgSAR8BMft9josWRTAtRRcBF/7tJ2ZmKf7rAt3+v/6CKHNzJAF/AUYBQwF7JjwyLEIm/oT+vMbyJSoeHipKAZMBjk1LS00AAAIAXP+RBRIEtAAVACsAVEAsAx4TDxgJBiQkKioMISEAAC0WDAwsJyQqDypGWRMRQA8PHhsYCRhGWQYDCRUAPzPJKxEAMzMYPxrJMysRADMzEQEzETMRMxEzERI5ETMSFzkxMAEUAgcGBiMiJicmAjU0Ejc2MzIXFhIFEBc2NjMyFhc2NjU0JicGBiMiJicGBRLv5glINjlHCd/y8+YTbmoV4P38gZ4TOTkrPhpTT1BJET49NkQTlgIx6/7gJjU6OzYnASXj7QEjIVJSIv7b6v7yPicrITMfsX6CpR0vODE2QQADAHf/7Ag9CI0AMQBHAFkAoEBQTE89PFRPQDNISE9PFgodHBApAwQEKRwDIy8vCgpbIxYWWkhPT0xXTEtLGVdXPUc0NDk9PTk5QgMdHQAgGSBNWQcZBBATLCkmQBMmTFkNExMAPzMrABoQyjMSORg/MysRADMzETMYLzMRMy8SOS8zETMvEjkvMxESOREzEQEzETMRMxEzERIXOREzETMRMxESOREzETMaENjKMhI5MTABIgYHJzY2MyAAERAAISImJwYGIyAAERAAITIWFwcmJiMiBhUUEjMyNjcWFjMyEjU0JgMVIyInJiYjIgYHIzU0NjYzMh4CMwEUBgc1NjY1NC4CNTQ2MzIWBf4nWkRYPJtQAQwBKf64/tZrslRNsHT+1/63ASkBDFGaPFhEWyaAjq6gYLpKS7pfoqyPcRC0iGcyGS4rC7Y/bmk6cHeFTv7+s4I0QCUsJU5HTlQE0yEt1y8+/or+rf6J/mNHUktOAZwBeAFSAXc+L9ctIfPi+P7wcGNlbgES9uH0A0HCNikNMzsxYnQ2Ji0m/rNdjAdWDjoeExIQGhw1OloAAAMAXP/sBsMHUgApAEAAUgCkQFJESDU0TUgrQUFISAMjCQgoEx0eHhMIAw4YGCMjVA4DA1NALEFISEVQRUREBlAsUCxQMTU1MTE7BkAdCQkaDAYMRlkgBhAoABUTEUAAEUZZJgAWAD8yKwAaEMozEjkYPzMrEQAzMxEzGhgQzDIRMy8SOTkvLxESOS8zERI5ETMRMxEBMxEzETMRMxESFzkRMxEzETMREjkRMxEzENjKMhI5MTAFIAAREBIzMhcHJiYjIhEUFjMyNxYzMjY1ECMiBgcnNjMyEhEQACEiJwYBFSMiJyYmIyIGByM1ND4CMzIeAjMBFAYHNTY2NTQuAjU0NjMyFgJm/v7++Oz1lXxWP0IlundskoKCk212uidBPlZ8lPbs/vr++618egImELSIZzIZLisLtiI6ZlQ6cHeFTv7+tn8yQiUsJU5HTlQUASkBJgEaAR480R4N/qqyuoeHu7EBVg4d0Tz+4v7m/t3+1HBwBu3CNikNNDsyRWU+JCYtJv6yXosGVgw7HxMSEBocNDpZAAACAHf/7Ag9B0IAMgBAAI9ASB0cPzw7NDc4ODsDBAQQOxwEKysoKBYwMAoKQiMWFkE0Pz9AOTU9PDg8PEAZQCkpExkDHR0AIBkgTVkHGQQQEy0mEyZMWQ0TEwA/MysRADMSORg/MysRADMzETMREjkYLxoQzjIRMxDJMjISOREzEQEzETMRMxEzERI5ETMSFzkRMxEzEMoyEMoyETMxMAEiBgcnNjYzIAAREAAhIiYnBgYjIAAREAAhMhYXByYmIyIGFRQSMzI3ESERFjMyEjU0JgMVByMnIwcjJyMHIyc1Bf4nWkRYPJtQAQwBKf64/tZrslRNsHT+1/63ASkBDFGaPFhEWyaAjrqwUFgBNllbsLiPhVI3MpkxODGZMjdQBNMhLdcvPv6K/q3+if5jR1JLTgGcAXgBUgF3Pi/XLSHz4vv+90oBh/6DVAEJ++H0Am9ZrGdnZ2esWQAAAgAGAAAGxQWkABwAKgCHQEEbCRoKKSYlHiEiIiUlFQIcAAYGCQIJGwoaGhkREQsLCgoVARUWFiwCAQErHikpJiMfJyciJiYqFQoBDxEaGgUAFQA/MjIRMz8zM84yETMzETMzETkRMxEBMxEzETMRMxESOREzETkRMzMREjk5ERI5ETMzERI5ETMQyjIQyjIREgA5OTEwIQEhExYXMzY2EwMhEx4DFzM2EhEhEAIHIQMDARUHIycjByMnIwcjJzUBoP5mAUDCJQwGBhKliwE/yQcUExIFCWpgATTH3/7jhZgCJ1I3MZoxNzGaMTdQBF79g292GzYBnAF1/ZQXPj87FZcBigEv/oz9/+kBgf5/BaRYrGZmZmasWAAAAQB3/hQFIwXLABcAM0AZFxYWEAkJGRADAxgXGwcNTFkHBAASTFkAEwA/KwAYPysAGD8RATMRMxEzERI5ETMxMAUgABE0EiQzMhcHJiYjIgIVECEyNjcRIQNa/pn+hLIBTeLh6mVbuVrD1wGeOrNO/ssUAYMBauMBV7hn/Cc6/vrs/hcTEf0CAAEAXP4UA/AEcwAVADNAGRUUFAgOCBcOAwMWFRsGC0dZBhAAEUdZABYAPysAGD8rABg/EQEzETMRMxESOREzMTAFJgAREAAhMhcHJiMiBhUUFjMyNxEhAlr8/v4BDgEhuK1YrWh+coF3fYP+zxATAR8BBwEqASBQ6EKpqZysJf0MAAABAGj/+gR5BQoAEwAStgcRFBUOBBIAPy8REgE5OTEwAQUHJQMnEyU3BRMlNwUTFwMFByUCTAEcR/7jtIG0/uVGAR/G/uRHAR22f7YBH0r+5QGwpnuk/sdKATuke6QBWqR9pAE5Sf7EpHukAAABALQEewPFBc0AEAAgQA0JDQYABgYREgsICAMAAC/JMxDIERIBOREzEMkyMTABBgYjIiY1NDMhNjMyFRQGIwGLBjYwODNtAcsKYm02OQTZKzNHOHVeczlIAAABAPQE1wQMBhQAFQAeQAwKCxQWFxUUFA4OBQsAL8wyEjkvMxESATnKMjEwATI+AjMyFhYVFSMmJiMiBgcGIyM1AQJOhXdwOmluP7YLKy4eSUqGtxAFnCUtJjZ1YTE7NBgeN8MAAQHNBMMDBAZYABEAJEAPDAMIDwgIEhMPCAgLCwAMAC/MMxE5ETMREgE5ETMQyDkxMAEyFhUUDgIVFBYXFSYmNTQ2Am9HTiUtJUQxfrdVBlg6NRsaERETIDoMVgaJYE1ZAAABAcsEwwMCBlgAEQAkQA8DDAcABwcSEwAHBwQPBAMALzPMETkRMxESATkRMxDIOTEwARQGBzU2NjU0LgI1NDYzMhYDArZ/MEUlLSVOR05UBbJeiwZWCzsgExERGhs1OlkAAAgAKf7BB8EFkQAMABoAKAA2AEQAUgBfAG0AmkBKUDQsSCwsGGNrOh4mQiYmXgMQGAsYGGteVmtWbm9kXldqZ1NgYGdJQTtPN0VFPkxMWgctJR8zGykpIjAwFFpaZ2cHERcNFAQKAAcALzPKMi8zyjISOS8zERI5LzMzETPKMjIyERI5LzMzETPKMjIyETMRMxDKMjIyERIBOTkQyBE5ETMQyDIROREzEMgyEMgROREzEMgyMTABMhYXIyYmIyIGByM2EzIWFyMmJiMiBgcjNjYBMhYXIyYmIyIGByM2NiEyFhcjJiYjIgYHIzY2ATIWFyMmJiMiBgcjNjYhMhYXIyYmIyIGByM2NgEyFhcjJiYjIgYHIzYhMhYXIyYmIyIGByM2NgPpXXEHTwU8RU4yBUsLxVxzBk8FPEVOMgVLBWQCq1xzBlAFPEROMgVMBWX75lxzBlAFPEROMgVMBWUE6FxzBlAFPEROMgVMBWX75lxzBlAFPEROMgVMBWUFp1xzBlAFPEROMwVLC/rUXHMGUAU8RE4yBUwFZQWRZV0sLCkvwvnyZlwsLCkvWWkBF2ZdLSsnMVppZl0tKycxWmkD22ZdLSsnMVppZl0tKycxWmn+GGhaLCwoMMJmXC0rJzFaaAAACAAp/n8HfQXTAAcADwAXAB8AJwAuADUAPgBiQDMbLzIpLAAGCA4hJDY6EzokDgYsMgYeFh4WP0AgIzAzGB4QFjc7KCsrOxYeMyMGBgwOBAYALzMvMxIXOREzETMRMxEzETMRMxESATk5ERIXOTMRMxEzETMRMxEzETMyMTAFBgYHIzY3MwM2NjczBgcjARYWFxUmJzUFJiYnNRYXFQEXBgcnNzY2ASc2NxcHBgM3FhcHJyYBByYmJzcXFhYEQhFGJGE1EYvRE0kfYTQSiwK8R8hB3YH7WkK/T92BBOxFsXhiAkO++wNFsXhiApuYQ3tMYhFSBNdDH4ImYhEnWjFCv0/dgQSmR8hB3IL+IRNJH2E1EYvREUYkYTURiwLdRG5YYhAnWPr8RG5YYhBZBO5GxmNiAoz7eEYywzRiAkXCAAADALj+VgcrB5EAEwAhACIAW0AtFCEbGhsbExIGAg0CExMjDQgMCwsKCQkICCINCExZDQQRABMSCychGh4XBgADAD8y3jLNMj8/Ejk5MysBGC8zETMQwTISOREzETMRMxESOTkSOREzEMIyMTATIREHBzMBIREhAyETIRE0EyMBIQEGBiMiJichFhYzMjY3AbgBFwQKBgKjAXMBTrL+qLz+7BII/Vr+iwR3E/Tm7eMOAREHWXNjZQsCewW2/T691wRW+1T9TAGqAr6NARX7oAeRu6ukwmdTW1/4bwAAAwCg/m8GTgY/ABEAIAAhAF9ALyASGRkaGhAPBAELARAQIgsGCgkJCAcHBgYhIBkdFUADDgsEEQ8QFQsGRlkLFQkjAD8/KwAYPz8zEjk5Gt4yzTIBLzMRMxDBMhI5ETMRMxEzERI5ORI5ETMQwDIxMAERFAMBIREhAyETIRE0NwEhEQEGBiMiJiYnIRYWMzI2NwEBxxcCBAFvASuS/t6J/tkU/f7+kgQpFfPmoctnCgEQCVlxZ2QIAg8EXv5GRv7wAxD8gf2QAZEBvnfZ/PIEXgHhvalKloZsTl9b+cEAAgAvAAAEvgW2ABEAGgBOQCgCEhYICBwEABISDw0LCxsEGkxZAw0ODUxZAA4EDgQOCxADCxJMWQsSAD8rABg/Ejk5Ly8RMysRADMrEQEzETMzMxEzMxEzETMSOTEwASEVIRUzIAQVECEhESM1MzUhETMyNjU0JiMjAe4BK/7VegEeATj9pP5WiYkBNmidkpS0TwUf/pzo1P43BCH+l/tIZWZlWQACAAQAAASiBhQAEQAZAFBAKQYXEgwMGwgEFxcRAQ8PGgcRABFKWQgWSlkICAQEAAAPAg8XSlkPFQIAAD8/KxESADkYLzMROS8rKxEAMxEBMxEzMzMRMzMRMxEzEjkxMBMzNSEVIRUhETMgFhUQISERIwE0JiMjETMyBJwBMQF5/ofXAQL4/hL97JwDbWhn0dXLBTXf38b+P6Sm/pwEb/zxQTr++AAAAgC4AAAEqgW2AA8AGwB1QDsDFQQUBhIFExMUFBAXFwUEBAoAHRAKCgsLHAMGAAkAFxUSFBAUExcTGxAMG0xZCRBMWQQFCQkLDAMLEgA/PxI5L8oyKysREgA5OREzERI5OREzERI5OREBMxEzETMRMxE5ETMyERI5ETMREjk5ERI5OTEwARQGBxcHJwYjIxEhESEgBAEzNyc3FzY1NCYjIwSqX11YmHNWcoX+ygHTAQoBFf1EkRc6mlIpd3+NA+6ByT59cKQV/fgFtuX+NQJSb3U1Wm1oAAIAoP4UBLQEcwAXACgAgUBBFiEVIhMkFCIjIxwmJhEVFBQRESocAwoGBgcHKSEkHyMjIhYTABERJiImHxgOGEdZCgMADhAIDwcbAB9HWRQVABYAP8oyKwAYPz8/Ejk5KxESADk5ETMREjk5ETMREjk5EQEzETMSOTkyETMROREzETMREjkRMxI5ORESOTkxMAUiJyMWFREhETMXMzY2MzISERAHFwcnBgMiBgcVFBYzMzcnNxc2NTQmAwbFcBAQ/s/4KxA2omPG4JFenmw0l3FoAmt0ERJmp1IXZRSPjBb+OwZKkVNT/s7+8P7RoHt2ixADk4ugIbScAn97ZE5spaUAAAEALwAABFAFtgANAEFAIAUHAAAPAwcHDAoICA4GCgsKTFkDCwsIDQ0CTFkNAwgSAD8/KxESADkYLzMrEQAzEQEzETMzMxEzETMREjkxMAEVIREhFSERIREjNTMRBFD9ngGR/m/+yomJBbb+/pr+/awCVP4CZAABAAQAAAO+BF4ADQBBQCAFBwAADwMHBwwKCAgOBgoLCkZZAwsLCA0NAkdZDQ8IFQA/PysREgA5GC8zKxEAMxEBMxEzMzMRMxEzERI5MTABFSEVIRUhESERIzUzEQO+/gABTP60/s+JiQRe+Nnr/l4BousB0QAAAQC4/gAFeQW2AB4AVUArFgMcHAcJDw8gCQMDBAQfDxwcABcZExlMWRMcCwBMWQsLBAUFCExZBQMEEgA/PysREgA5GC8rABg/KxEAMxI5ETMRATMRMxEzETMREjkzERI5MTABIgcRIREhFSERNjMyBBIVFAIGIyImJxEWMzI2NTQmAm01Sv7KA5j9nmuVwQExmYv7mW6LSoGFi6LmAhkN/fQFtv7+bwyq/tHNw/7XoRYZARAvzbDEyAAAAQCg/goEiQReAB0AWUAtFhgABhMNDQAAHxgSEhMTHgANDQoPGg9IWRoaExQUF0dZFA8TFQcKBApIWQQbAD8rEQAzGD8/KxESADkYLysREgA5ETMRATMRMxEzETMRMxESORESOTEwJRQCBiMiJxEWFjMyNjUQISIHESERIRUhFTYzMhYSBIl64JOOci15MXR9/sUqLv7PAzH+AEpLnvuKRLP+/oUzAQcYHqOXATEG/o0EXvjxDIz+/AAAAgAA/lYIEgW2ABUAFgBuQDYKCQkGEREDABISFhUCAQEUFRUXDQwMFgcICA8WFhcPCkxZDxUQBgkJEwMAAAESFRINJwcEAQMAPzMzPz8zEjkRMzMzETMzETMrEQAzARgvMzMRMxEzETMRMxEzMxEzERI5ETMzMxEzMxE5MTABASEBESERASEBASERIREjAREhEQEhIQII/hUBPwHZASEB2QFA/hQBUgE9/tWo/hf+3/4X/rQHiwL4Ar79PALE/TwCxP1C/hL9TAGqAuX9GwLl/RsAAgAA/m8HWAReABUAFgBpQDQHBhUUFBIGAw4OEwAPDxYREhIXCgkJFgQFBQwWDQMGBhAAExMPBAEUDw8SFQwHRlkMFQojAD8/KwAYPzM/MzMSOREzMzMRMzMBLzMzETMRMxEzETMRMxI5ETMzMxEzMxEzETMROTEwAREhEQEhAQEhESERIwERIREBIQEBIQEC8AEcAY4BO/5kARUBCv7ukP5W/uT+Vv66AcP+ZAE7BZoCPwIf/eECH/3o/pn9kAGRAjf9yQI3/ckCRgIY+6IA//8AXv4UBNcFywImAbEAAAAHA38BngAA//8ATv4UBCMEcwImAdEAAAAHA38BMQAAAAIAuP5WBeMFtgAOAA8ASkAkAA8ODgsHBwgQDA0NDwMCAgUPCwYODggMCQMFAExZBQ8IEgMnAD8/MzMrABg/MxI5ETMzAS8zMxEzETMRMxEzMhEzMxESOTEwASERIREjAREhESERASEBAQScAUf+1bj97v7KATYCDAFK/esCMQEK/UwBqgLl/RsFtv08AsT9Qv0IAAACAKD+bwU1BF4ADgAPAE1AJgMPAgIOCgoLEAYFBQ8AAQEIDw4JAgILAAwPCxUPCAgDRlkIFQYjAD8/KxEAMxg/PzMSOREzMwEvMzMRMxEzETMRMzIRMzMREjkxMAEhAQEzESERIwERIREhEQEDfQFQ/kUBKfr+7on+N/7PATEDIwRe/ej+mf2QAZECN/3JBF794f3BAAABALgAAAVQBbYAEwBhQC8LBwwGERAADgAMDQ0PCxERDggAAAEQEA8PFQYBAQMUDQwMBAEGCQYTAwMEAxADEgA/Mz8SFzkRMxEzETMRATMyETMRMxEzERI5ETMzMxEzETMRMwA5ORESORESOTkxMAEHESERIRE3NxEzFQEhAQEhARUjAmp8/soBNnoChgEEAVj+AgIC/qD/AIYCZFr99gW2/WOsAgFiugFH/Xn80QGc3gAAAQCgAAAEywReABIAVUApDA8LEAYDBwIHCAgLCgoUBgwMAw8QCQIQEBISExACCQQJDgMLEhUHAA8APzI/Mxc5ETMzEQEzETMRMzMQyjIyETMRMxEzMxEzERIAOTkREjk5MTATIRE3ETMVNyEBASEDFSMRJxEhoAEcY5G4ATz+RQHi/rrXkWH+5ARe/eF7ATyB6f3o/boBCrABZHn9yQABAAQAAAUlBbYAFABgQC8MDw8LCAQQFAESEhUKCwsODQ0WDA8PEAsQCAgCDg4SBxQAFExZBAAAAhISCwoCAwA/MzM/EjkvMysRADMRMxESOREzERI5ETMRATMRMzMRMxEzETMzMzIyETkRMzEwEzM1IRUzFSMRNwEhAQEhAQcRIREjBIkBNomJegGMAVj+AgIC/qD+gYP+yokFL4eH/v7orAHx/Xn80QJoXv32BDEAAAEABAAABPYGFAAWAGhAMw4REQ0SBggMDA0NEA8PGAkUCAQSEhYBFBQXDhEREhIJCQ0QFBUHFgAWSlkEAAACDQ8CAAA/PxI5LzMrEQAzGD8zEjkRMxE5ETMRATMRMzMzETMzEjkRMxEzMxEzERI5ERI5ETMxMBMzNSEVIRUhEQczNwEhAQEhAQcRIREjBJwBMQE7/sUQBIUBOQFY/kQB1/6g/r6D/s+cBXOhocf+sv6qAVT+G/2HAcVp/qQErAACAAAAAAXdBbYADgAPAFFAJwYJBQIKCgwMDxEEBQUIBwcRABAGCQkKBQoCAgAIDBIFAAAOTFkAAwA/KxEAMxg/MxI5ETMREjkRMxEBMxEzETMzETMQxDIRMxEzEjk5MTARIRE3ASEBASEBBxEhESETAnt7AYsBWP4CAgL+oP6Bg/7L/rqNBbb9Y6wB8f15/NECaF799gS0+0wAAgAAAAAFjwReAAwADQBGQCIHBgMEBAYGDwAOBQIJCQoKDQ8IAgUFAAcKFQMPAAxGWQAPAD8rABg/PzMSOREzMwEQxDIRMxEzMxEzETMRMxEzETMxMBEhEQEhAQEhAREhESETAoEBrAE7/kYB4f67/jf+4/6cxARe/eECH/3o/boCN/3JA3n8hwAAAgC4/lYGkQW2AA8AEABGQCMMCAgJCRENBQUAAwICAAAQDAdMWQwMCQ4KAwUATFkFCRIDJwA/PzMrABg/MxI5LysBGC8zETMRMxEzETMRMxEzETMxMAEhESERIREhESERIREhESETBWYBK/7V/sv9vf7KATYCQwE1uQEK/UwBqgJ3/YkFtv3DAj36SgACAKD+bwXBBF4ADwAQAEdAJAENDQ4OEQIKCgUIBwcFBRABDEZZAQEKAw8PDhUKBUZZChUIIwA/PysAGD8/MxI5LysBGC8zETMRMxEzETMRMxEzETMxMAERIREhESERIREhESERIREBAdEBqgExARX+7f7N/lb+zwSsBF7+UgGu/IH9kAGRAc3+MwRe+6IAAgC4AAAGrAW2AA0ADgBCQCEAEAoGBgcHDwsDAwICDgoFTFkKCgcMDAFMWQwDCAMDBxIAPzM/PysREgA5GC8rARgvMxEzETMRMxEzETMRMzEwASERIREhESERIREhESEDBqz+uv7L/b3+ygE2AkMCe40EtPtMAnf9iQW2/cMCPfpKAAIAoAAABhAEXgANAA4AQUAgBRABCwsMDA8CCAgHBw4NDwEKRlkBAQMIDBUDBkZZAw8APysAGD8zEjkvKwAYPwEvMxEzETMRMxEzETMRMzEwAREhESEVIREhESERIREBAdEBqgKV/pz+z/5W/s8ErARe/lIBruX8hwHN/jMEXvuiAAABALj+AAiaBbYAIABdQC8NEwAZGRoaHhMTBgYiHR4eIQYTExYQAhZMWQICHh8fHExZHwMaHhIOEAoQTFkKHAA/KxEAMxg/Mz8rERIAORgvKxESADkRMxEBMxEzETMRMxESOREzETMSOTEwATYzMgQSFRQCBiMiJicRFjMyNjU0JiMiBxEhESERIREhBRRzprkBIpKL+5lth1CBhYOq1eU6Yv7L/g/+ygRcAyMQq/7TzsP+16EUGwEQL9WoxMgV/fwEtPtMBbYAAAEAoP4KBtUEXgAeAF1ALxoSEgYTQBMXDQ0AACAWFxcfAA0NEQobEUhZGxsXGBgVRlkYDxMXFQcKBApIWQQbAD8rEQAzGD8zPysREgA5GC8rERIAOREzEQEzETMRMxEzERI5GhDKMxEzMTAlFAIGIyInERYWMzI2NTQmIyMRIREhESERIRE3MhYSBtV54JWOci15MXN/m5YG/s/+if7PA9lQl/GERLP/AIczAQcYHqOXlZz+hwN5/IcEXv4fBI3+/QAAAgB3/6wF+gXNACkANAB6QD8gDAMyMi8qLyQkERccKioIAAA2HBERNSQvACovKiwyJyxNWScQFBpMWRQEDA4DAwUyMiEfDh9MWQoFTVkKDhMAP8QrKxEAMzMREjkREjkYPysAGD8rERIAOTkRMxEzEQEzETMRMxEzMxESORI5ETMREjkRMzMzMTABFAYHFjMyNxUGIyInBiMgABEQACEyFhcHJiMgERQWMzI3JiY1NDYzMhYFNCMiBhUUFhc2NgXNYnEuQkxEPnStkWiS/sr+nQFFAT44ki5OXE7+tsixGQY/Tce/u9D+63A3PjgmPUoCpo/3cBAW8RliIgGGAVcBfQGHGRLwHf4E5vsETPN92uPy3+l7anqvMTi5AAACAFz/uAT6BHMAKgAzAI5ASCIMAzIyMCswJSURKxgXFx0rKwgAADUdERE0ACslMCswLjIoLkZZKCgOFBQaR1kUEAwOAwMyBTIgIiIgDiBHWQcFCgVKWQoOFgA/xCsRADMrEQAzGC8RMxESORESOT8rERIAORgvKxESADk5ETMRMxEBMxEzETMRMzMREjkRMxESOREzERI5ETMzMzEwARQGBxYzMjcVBiMiJwYjIgAREAAzMhYXByYjIgYVFBYzMjcmJjU0NjMyFgc0JiMiFRQXNgTdVk4cKjtASFSTf2KG7f7lARH5KnkwQ1g4b2hvbBkMKh2mpZiy8SwtWkxnAfx2ujQHEdMXViIBNwEIARQBNBYT5BmmuJioBE+BTaexuaU5SIN+V0AA//8Ad/4UBNEFywImACYAAAAHA38COQAA//8AXP4UA90EcwImAEYAAAAHA38BoAAAAAEAKf5WBHkFtgALADZAGwMCAgoAAAcFBQwNCwcIB0xZCAMFAExZBRIDJwA/PysAGD8rEQAzERIBOREzMxEzMxEzMTABIREhESERIREhESEC7AEr/tX+yv5zBFD+cwEK/UwBqgS0AQL+/gABAC/+bwQ9BF4ACwA6QB0GBQUDAwgICgEBDQoMAgoLCkZZCw8IA0ZZCBUGIwA/PysAGD8rEQAzEQEzETMREjkRMxEzETMxMAEVIREhESERIREhNQQ9/pIBEv7u/s/+kQRe5f1m/ZABkQN55f//AAAAAAT+BbYCBgA8AAAAAQAA/hQEmAReAA4ANUAZAA4OAQgIBAwMDQ0QBAMDDwwDDw4IAhUBGwA/PzMzPzMRATMRMxEzETMREjkRMzMRMzEwASERASETFhcXMzY3EyEBAuX+zf5OAVCwGh8NDCQisgFO/k3+FAHsBF7+CEmPPLRgAfj7ogAAAQAAAAAE/gW2ABAAXkAuCwYPAgkODgAIAwMAABABAQICEhAPDxEHCwwLTFkADg8OAwMEAQQMDAkBDwMJEgA/PzMSOS8zERI5ETMREjkrEQAzEQEzETMRMxEzERI5ETMRMxEzETMREjk5MTABASEBFSERIREhESERITUBIQJ/ATEBTv4bAT/+wf7M/sEBP/4bAVADXAJa/IMp/v7+8gEOAQIfA4cAAAEAAP4UBJgEXgAUAExAJQMUFA8ECAgPDwoSEgYBCRMTFgoJCRUSCQ8CBgcGRlkUDgcVBBsAPz8zMysRADMYPzMRATMRMxEzERI5OTMREjkRMxEzETMRMzEwIRUhESERITUhASETFhcXMzY3EyEBBAj+3f7N/t0BI/5OAVCwGh8NDCQisgFO/k3l/vkBB+UEXv4ISY88tGAB+PuiAAIAAP5WBckFtgAPABAAXkAuABAPDwkGDAwLDQsKCg0ODgoQBwgRAwICBRAPDAYJCQgNCgMQBQUATFkFCBIDJwA/PzMrEQAzGD8zEjkRMzMzAS8zMxEzETMyETk5ETMyETMREjkRMzMzERI5MTABIREhESMBASEBASEBASEBAQSkASX+1ar+rP6s/rQB5f46AVYBOwE1AU7+NQHuAQr9TAGqAin91wLyAsT98gIO/Sv9HwADAAr+bwUCBF4ADwAQABEAZ0AzBxAGBgUAAQ0DAwQCAgEEBQEFEA4PDxIKCQwJEBARDxUNBgMAAAEQDAwHRlkMFQojBAEPAD8zPz8rEQAzEjkRMzMzGD8BLzMRMzMRMxEzETMSOTkRMxEzERI5ETMSORI5ERI5MTABASETEyEBEyERIREjAwMhITMBhf6YAVrZ2wFa/pTnAQL+7rXr7P6mBIwKAjsCI/6cAWT93f6k/ZABkQF//oEAAQAp/lYHSAW2AA8AS0AlBwAFCEAICwALAg4NDRECEA4nCwsAAwYCAwJMWQkDAwAHTFkAEgA/KwAYPzMrEQAzERI5GC8/EQEzETMRMxI5OREzGhDKETMxMCERIREhESERIREhESERIREBmP6RBDv+aQIaATYBK/7VBLQBAv7+/E4EtPtU/UwBqgAAAQAv/m8GNwReAA8AREAiAwwBBAQHDAcOCgkJEQ4QAg4PDkZZBQ8PBwMMA0ZZDBUKIwA/PysRADMYPzMrEQAzEQEzETMRMxI5OREzEMIRMzEwARUhESERIREhESERIREjNQOF/tkBlgExARL+7vwI/gRe5f1sA3n8gf2QAZEDeeUAAAIAbf5WBkYFtgAXABgAQEAgDwwMGRUFBQADAgIAABgJEkxZCQkFFg0DBQBMWQUSAycAPz8rABg/MxI5LysBGC8zETMRMxEzETMRMxEzMTABIREhESERBgYjIiY1ESERFBYzMjY3ESETBRsBK/7V/sqazV3R4wE1YnVSo3cBNrgBCv1MAaoCNTQmybYCXP38amshKQKP+koAAgB7/m8FsgReABYAFwBAQCABFRUYBg4OCQwLCwkJFxIDRlkSEg4HFg8OCUZZDhUMIwA/PysAGD8zEjkvKwEYLzMRMxEzETMRMxEzETMxMAERFDMyNjcRIREhESERIREGBiMiJjURAQGsh1iXTQExARL+7v7ParZVt8gExARe/meSKCAB4/yB/ZABkQG8OC67rQGg+6IAAQBtAAAFGwW2ABkASkAkDhgYCxkZCBAUFBMTGwgFBRoMBg4LAgtMWRkXAAICBhQSEQYDAD8zPxI5LzMzMysRADMSOREBMxEzETMRMxEzEjkRMzMRMzEwAQcjIiY1ESERFBYXETMRNjcRIREhEQYHESMCcSgo0eMBNWJthVmWATb+yoFuhQHdAsm2Alz9/G5lAgFI/sINMwKP+koCNS0Y/rwAAQB7AAAEoAReABkASkAkDhgYCxkZCBAUFBMTGwgFBRoMBg4LAgtGWRkXAAICBhQVEQYPAD8zPxI5LzMzMysRADMSOREBMxEzETMRMxEzEjkRMzMRMzEwAQYjIiY1ESERFDMzETMVNjcRIREhEQYHFSMCRhkzt8gBMYcTfU5eATH+z2lDfQFaBLutAaD+Z5IBAPEQKQHj+6IBvDYT8gABALgAAAVmBbYAEwArQBUKCQkVAhISExMUBQ5MWQUFChMSAAMAPz8zOS8rEQEzETMRMxEzETMxMBMhETY2MzIWFREhETQmIyIGBxEhuAE2k9Zbzub+y2J1T6d2/soFtv3LMyfHuP2kAgRqayAq/XEAAQCgAAAExQReABEALUAWABEREwoGBgcHEg0DRlkNDQcIDwAHFQA/Mz8SOS8rEQEzETMRMxEzETMxMCERNCMiBxEhESERNjYzMhYVEQOTh5Cr/s8BMWq0V7fIAaSHSP4dBF7+RDguu63+YAAAAgAA/+wG8gXNACEAKABjQDMlHx8XCgoUJgQeHioRFBQODikgJAAiGiJMWSUQFkALFkxZHwsJCxgDBxoEAwAHAExZBxMAPysRADMYPxIXOS8zKwAaEMgzKxESADk5EQEzETMRMxEzETMzEjkRMzMRMzEwJTIkNxEGBCMgAAMjIiY1NDczBgYVFDMzEgAhIAARFSEWFhMiBgchNCYEYooBTG59/uOs/sL+gh0/o6U16ggTYCklAWQBJQFcAVv71Q3SlZ/FDALltu5dRP7qS0IBVQE2inp0WRFIHlgBHAE4/nX+fEfByAPds5+wogACAAD/7AVgBHMAHgAlAGdANSIICAAVFRwjDwcHJxocHBcXJg4IJCEJIQsfEgtGWQgVABVKWSIZQAAUAAEDAxIWAx9KWQMQAD8rABg/Ehc5LxrIMysRADMrERIAOTkRMxE5EQEzETMRMxEzETMzEjkRMzMRMzEwATYkMzIAFRUhFhYzMjY3FQYGIyAAJyA1NDczBhUUMyUiBgchJiYBTiEBFtvyAQ79GQWVh2q7Yk6+hv79/s8T/rgpzRlgAiVefAkBwwJ3Aq7b6v7z75SCkist7CcoAQXy4GBFNzVO7HN5cHwAAgAA/lYG8gXNACQAKwB9QEAjJCQpKRcBIQMfHxcoGBgQAwMNFxctCg0NBwcsJCcnGSUbEyVMWSgJD0AED0xZGAQRBAIDABMEHhsiG01ZACITAD8zKxEAMxg/Ehc5LzMrABoQyDMrERIAOTkYPxEBMxEzETMRMxESOREzMxEzETMREjk5ETMROREzMTAFJgADIyImNTQ3MwYGFRQzMxIAISAAERUhFhYzMiQ3EQYGBxEhEyIGByE0JgO89v7bGj+jpTXqCBNgKSUBZAElAVwBW/vVDdK8igFMbm3Wfv7Xf5/FDALltggoAUkBDop6dFkRSB5YARwBOP51/nxHwchdRP7qQD4J/mQGdbOfsKIAAgAA/m8FYARzACAAJwCCQEMfICAlJRQBHQMcHBQkFRUNDQMDChQUKQgKCgUFKCAjGxUmIxYjGCEeGEZZFQMNA0pZJAdADQ4NAgAEEB4VECFKWRAQAD8rABg/Ehc5LxrIMysRADMrERIAOTkRMxE5GD8RATMRMxEzETMREjkRMxEzETMRMxESOTkRMxE5ETMxMAUmJicgNTQ3MwYVFDMzNiQzMgAVFSEWFjMyNjcVBgcRIRMiBgchJiYC3bXRD/64Kc0ZYBEhARbb8gEO/RkFlYdqu2J/sv7thV58CQHDAncCKPjF4GBFNzVO2+r+8++UgpIrLew/DP5/BStzeXB8//8AQgAAAtsFtgIGACwAAP//AAAAAAeLB5ECJgGwAAABBwI2AXUBUgAIswEVBSYAKzX//wAAAAAG/AY/AiYB0AAAAQcCNgEvAAAACLMBFREmACs1AAEAuP4ABa4FtgAfAFhALA0fFx8dHRAJCgoDEBAhCwcDAwQEIBgaFBpMWRQcAgALAE1ZBwsLBAkFAwQSAD8/MxI5LzMrEQAzGD8rEQAzEQEzETMRMzMRMxESOREzETMROTkRMzEwASIHESERIRE3ASEBMzIEEhUUAgYjIiYnERYzMjY1NCYCqEtv/soBNpEBiQFY/b8EyAEvlIv7mW6LSoGFjp/iAhkZ/gAFtv1AzwHx/VCc/uTBw/7XoRYZARAvzbDDyQABAKD+CgT4BF4AHQBYQCwZGhoAHA8GDxQNDQAAHxsYFBQVFR4TEBsQR1kYGxsVGRYPFRUHCgQKSFkEGwA/KxEAMxg/PzMSOS8zKxEAMxEBMxEzETMzETMRMxESOTkRMxE5ETMxMCUUAgYjIicRFhYzMjY1NCYjIgYHESERIREBIQEyAAT4eeCVjnIteTF0fp6ZMnof/s8BMQGyAVj+J+UBEUSz/wCHMwEHGB6llZSdFQz+qARe/hMB7f4M/tsAAgAQ/lYGiwW2ABcAGABJQCUDEhIKAQoZABcXFhUVARQUGBcnEgNMWRIDCA1MWQgTARRMWQESAD8rABg/KwAYPysAGD8BLzMRMzMQwTISOREzERI5ETMxMCEhESEHAgIGJyInNRYzMjYSEhMhESEDIQEFPf7L/poQPl+2m1RAOjM1PjdbIAObAU6y/qgBdQS0hv4B/mOoAhb+FGEBBwJXAQv7VP1MAaoAAgAA/m8FtAReABUAFgBOQCgHFBQOBQ4XBQAEAwMCAQEAABYUB0ZZFA8OEAsQSFkLFQUARlkFFQMjAD8/KwAYPysRADMYPysBGC8zETMQwTISOREzETMREjkRMzEwJSEDIRMhESECAgYjIic1FjMyNhITIRMEiQErkf7dif7P/ucgXJl8akQxMTlNPRYDTqDf/ZABkQN5/on+j6Ug9BSkAX8BT/uiAAEAuP4ABWYFtgAXAENAIgYQFQ0NAAAZFBAQEREYFA9MWRQUERYSAxESBwoECkxZBBwAPysRADMYPz8zEjkvKxEBMxEzETMRMxEzETMSOTEwJRQCBiMiJxEWFjMyNjURIREhESERIREhBWaG96G/hUuEUn6O/b3+ygE2AkMBNVqx/uyVLwEQGhXBrAH6/YkFtv3DAj0AAAEAoP4KBKwEXgAWAEVAIgYVFQkJGA8BBQEBAgIXEBIMEkhZDBsFAEZZBQUCBwMPAhUAPz8zEjkvKwAYPysRADMRATMRMxEzGBDEETMRMxEzMTABESERIREhESERFAAjIiYnERYzMjY3EQHR/s8BMQGqATH++OhMdkBwcmxvBAHN/jMEXv5SAa77uff+6hggAQY6lI0BngAAAgC4/lYGtAW2AA8AEABMQCYMCAgJCRENBQUABAMDAgEBAAAQDAdMWQwMCQ4KAwUATFkFCRIDJwA/PzMrABg/MxI5LysBGC8zETMQwTISOREzETMRMxEzETMxMAEhAyETIREhESERIREhESETBWYBTrL+qLz+y/29/soBNgJDATW5AQr9TAGqAnf9iQW2/cMCPfpKAAIAoP5vBdcEXgAPABAATUAnAQ0NDg4RAgoKBQkICAcGBgUFEAEMRlkBAQoDDw8OFQoFRlkKFQgjAD8/KwAYPz8zEjkvKwEYLzMRMxDBMhI5ETMRMxEzETMRMzEwAREhESERIQMhEyERIREhEQEB0QGqATEBK5H+3Yn+z/5W/s8ErARe/lIBrvyB/ZABkQHN/jMEXvuiAAEAbf5WBRsFtgAXAD1AHwIDAxUFBQAAGQ8MDBgJEkxZCQkBFg0DAycBBExZARIAPysAGD8/MxI5LysRATMRMxEzETMRMzMRMzEwISERIREzEQYGIyImNREhERQWMzI2NxEhBRv+/v7V95rNXdHjATVidVKjdwE2/lYCtAErNCbJtgJc/fxqayEpAo8AAQB7/m8EoAReABYAPUAfCwwMBg4OCQkYARUVFxIDRlkSEgoHFg8MIwoNRlkKFQA/KwAYPz8zEjkvKxEBMxEzETMRMxEzMxEzMTABERQzMjY3ESERIREhETM1BgYjIiY1EQGsh1iXTQEx/vz+7eZqtlW3yARe/meSKCAB4/ui/m8CcN04LrutAaAAAgC4/lYIIQW2ABgAGQBUQCoYAAkLCQgDBRIFBgYaEg0REBAPDg4NDRkQJxYCCQIGCwcDEg1MWRIABhIAPzMzKwAYPzMSOTkRMz8BLzMRMxDBMhI5ETMRMxEzERIXOREzMzEwIQEjEhURIREhATMBIREhAyETIRE0NhMjASEDI/6gCRP+6wGmAVoGAW8BpgFOsv6ovP7fAwwJ/ocDTAR7/qJ1/VgFtvuiBF77VP1MAaoCtDGAART7hwAAAgCg/m8HTAReABwAHQBVQCsLChcbFxMDEAUQEREeBQAEAwMCAQEAAB0GDxcPBRsSDwsRFQUARlkFFQMjAD8/KwAYPzM/MxI5OREzAS8zETMQwTISOREzETMRMxESFzkRMzMxMCUhAyETIREHBgcDIwMmJycRIREhExYWFz4CEyETBiEBK5L+3on+4xA2K8bZySsxE/7kAaTAHjMJISUssQGgoN/9kAGRA3E+02z+DAH4bsdE/I8EXv4jTchHloNuAbL7ogD//wBCAAAC2wW2AgYALAAA//8AAAAABYUHkQImACQAAAEHAjYAdQFSAAizAhEFJgArNf//AFb/7ARcBj8CJgBEAAABBgI2KQAACLMCJhEmACs1//8AAAAABYUHVgImACQAAAEHAGoAVgFSAAq0AwIjBSYAKzU1//8AVv/sBDsGBAImAEQAAAEGAGr7AAAKtAMCOBEmACs1Nf//AAAAAAclBbYCBgCIAAD//wBW/+wG/gR1AgYAqAAA//8AdgAABEEHkQImACgAAAEHAjYADgFSAAizAQ8FJgArNf//AFz/7ARiBj8CJgBIAAABBgI2HQAACLMCHxEmACs1AAIApP/sBhIFzQAUABsAPUAfGBISCgodGQMQEBwRGUxZERENBw0VTFkNEwcATFkHBAA/KwAYPysREgA5GC8rEQEzETMzETMRMxEzMTABIgQHETYkMyAAERAAISAAETUhJiYDMjY3IRQWAzOU/sFwiwEXowFaAYP+lP60/qj+ogQrDdOVo8ML/Rq0BMtbRwEMU0X+bv6e/p7+dQGHAYdIwMn8I7abr6IAAAIAXP/sBHcEcwAGABsAPUAfAxISCgodGAQQEBwRBEpZERENBw0ASlkNFgcVRlkHEAA/KwAYPysREgA5GC8rEQEzETMzETMRMxEzMTAlMjY3IRYWEyAAERAAISIANTUhJiYjIgYHNTY2Alpjdgr+PgJ0PAEUATb+5f8A8f7xAugFloZjuWtYvsV2dW59A67+1f7v/un+zAEL8JSCkiYy7Cwk//8ApP/sBhIHVgImAuEAAAEHAGoA7gFSAAq0AwIxBSYAKzU1//8AXP/sBHcGBAImAuIAAAEGAGr/AAAKtAMCMREmACs1Nf//AAAAAAeLB1YCJgGwAAABBwBqAVgBUgAKtAIBJwUmACs1Nf//AAAAAAb8BgQCJgHQAAABBwBqARAAAAAKtAIBJxEmACs1Nf//AF7/7ATXB1YCJgGxAAABBwBqAC0BUgAKtAIBPAUmACs1Nf//AE7/7AQjBgQCJgHRAAABBgBqzgAACrQCAT4RJgArNTUAAQA5/+wEagW2ABkAUEAoBhkZAQEFAgUOFQkJGw4aBgAZAE1ZGRkMAwwSTVkMEwUDAgMCTFkDAwA/KxESADkYPysREgA5GC8rEQAzEQEzETMRMxI5OREzETkRMzEwAQEhESEVARYEFRQEISAnERYWMzI2NTQmIyMBGwFo/ecDv/5Q8QEA/rv+1/79wF3raKel0M97A1oBXAEAxv5kCtzE0O5PAQcsNWlyZl8AAAEAOf4UBFYEXgAaAFJAKQYaGgEBBQUCFgkJHA8CAhsABhoGRlkaGg0DDRNHWQ0bBQIDAwJGWQMPAD8rERIAORg/KxESADkYLysRADMRATMRMxEzETMSOREzETkRMzEwAQEhNSEVARYWFRQGBCMiJxEWFjMyNjU0JiMjARsBlf2yA8f+Ru36j/7uwfvAXONlnqbKxnYB9gF/6cb+Yhr+4JffeFABBi0zh3+Kg///ALgAAAXdBv4CJgGyAAABBwFNANsBUgAIswETBSYAKzX//wCgAAAFIwWsAiYB0gAAAQYBTXUAAAizARERJgArNf//ALgAAAXdB1YCJgGyAAABBwBqAN0BUgAKtAIBJQUmACs1Nf//AKAAAAUjBgQCJgHSAAABBgBqdQAACrQCASMRJgArNTX//wB3/+wF5wdWAiYAMgAAAQcAagDDAVIACrQDAisFJgArNTX//wBc/+wEmAYEAiYAUgAAAQYAag4AAAq0AwIvESYAKzU1AAMAd//sBecFzQALABIAGQA/QCAWFxAPDwAAGxAGBhoWEExZFhYDCQkTTFkJBAMMTFkDEwA/KwAYPysREgA5GC8rEQEzETMRMxEzERI5OTEwARAAISAAERAAISAAATI2NyEWFhMiBgchJiYF5/6Y/rD+sP6YAWkBUQFRAWX9SKO9E/0YFLesnrobAuAZtwLd/pX+egGGAW0BbQGB/nz8p8C9tMkD266uqbMAAwBc/+wEmARzAA0AFAAbAD9AIBkREQAAHRgSEgcHHBgSSlkYGAMKChVHWQoQAw5HWQMWAD8rABg/KxESADkYLysRATMRMxEzETMRMxEzMTABEAAhIiYCNRAAITIWEgEyNjchFhYTIgYHISYmBJj+4P7/ofaEAR4BA6H2hP3jYXAO/j4PbmRicA8Bwg5tAjH+7/7MjQEIsAESATCM/vr+AHR0dHQCnHFwcHEA//8Ad//sBecHVgImAn4AAAEHAGoAxQFSAAq0BAMvBSYAKzU1//8AXP/sBJgGBAImAn8AAAEGAGoMAAAKtAQDMREmACs1Nf//AEj/7ATXB1YCJgHHAAABBwBqACMBUgAKtAIBLwUmACs1Nf//AEr/7AO8BgQCJgHnAAABBgBqlwAACrQCAS8RJgArNTX//wAA/+wFOQb+AiYBvQAAAQcBTQAxAVIACLMBFwUmACs1//8AAP4UBI0FrAImAFwAAAEGAU3cAAAIswEaESYAKzX//wAA/+wFOQdWAiYBvQAAAQcAagAxAVIACrQCASkFJgArNTX//wAA/hQEjQYEAiYAXAAAAQYAatwAAAq0AgEsESYAKzU1//8AAP/sBTkHcwImAb0AAAEHAVMAuAFSAAq0AgEmBSYAKzU1//8AAP4UBI0GIQImAFwAAAEGAVNSAAAKtAIBKREmACs1Nf//AG0AAAUbB1YCJgHBAAABBwBqAFYBUgAKtAIBKQUmACs1Nf//AHsAAASgBgQCJgHhAAABBgBqIwAACrQCASgRJgArNTUAAQC4/lYEVAW2AAkAL0AYAQsGBQUDAwgICgkCTFkJAwgDTFkIEgYnAD8/KwAYPysRATMRMxEzETMRMzEwAREhESERIREhEQRU/ZoBK/7V/soFtv8A/FT9TAGqBbYAAAEAoP5vA6QEXgAJAC9AGAELBgUFAwMICAoJAkZZCQ8IA0ZZCBUGIwA/PysAGD8rEQEzETMRMxEzETMxMAEVIREhESERIREDpP4tARL+7v7PBF7l/Wb9kAGRBF7//wC4AAAGhwdWAiYBxQAAAQcAagE1AVIACrQEAy0FJgArNTX//wCgAAAGLQYEAiYB5QAAAQcAagD6AAAACrQEAywRJgArNTX//wAv/hAEUAW2AiYCmwAAAQcDgADsAAAADLcBFgAWFgcHPisRNf//AAT+EAO+BF4CJgKcAAABBwOBALwAAAAMtwEWABYWBwc+KxE1//8AAP4QBbIFtgAmADsAAAEHA4ADiQAAAA+xARS4/+a0FBQAAT4rETUA//8ACv4QBQwEXgAmAFsAAAEHA4EC4wAAAA+xARS4//y0FBQHCD4rETUAAAEAAAAABVYFtgARAGFAMRAKDQ0HAQQEBQMFBgMCAhEJBgQPDAsLEw4PDxIEDQUMDA8KEQARTFkHAAACDxIFAgMAPzM/EjkvMysRADMRMxESOTkRATMRMxEzETMSFzkRMxEzERI5ETMzMxEzMzEwEyEBIQEBIQEhFSEBIQEBIQEhcQEp/oUBVgE7ATUBTv6LASf+0wGe/p7+rP6s/rQBjf7kA2gCTv3yAg79sv79lgIp/dcCagAAAQAKAAAElgReABEAaUA1CgcHBAYQAQECDQQEAwUFBgMCAhEJBgQPDAsLEw4PDxIEDQUMDA8KEQARRlkHAAACDxUFAg8APzM/EjkvMysRADMRMxESOTkRATMRMxEzETMSFzkRMxEzERI5ETMSOREzERI5ETMxMBMzASETEyEBMxUjASEDAyEBI2bX/uABWtnbAVr+29nRAS7+pevs/qYBK88CqAG2/pwBZP5K5f49AX/+gQHDAAACAFwAAARiBbYACQASADRAGgQSEgcHFA4AABMDC0xZAwMIBQgRTFkIEgUDAD8/KxESADkYLysRATMRMxEzETMRMzEwEzQkITMRIREhIAEjIgYVFBYzM1wBOAEeewE1/lb9pALRULSTkp1oAcnU6AIx+koCh1llZmUA//8AXP/sBHEGFAIGAEcAAAACAFz/7Aa6BbYAGwAmAFNAKRYHBwQmJgANDRAQKCAAACcWGQojGSNMWQ4OEwMTGQMdTFkDAwUZEwUDAD8/EjkvKxEAMxESORgvKxEAMxI5EQEzETMRMxEzERI5ETMzEjkxMBM0JCEzESERFhYzMjY1ESERFAYjIiYnBgYjIiYBIyIGFRQWMzI2NVwBKgELcwE1A09WWk4BMfDtbMEnK6596O8CqEidiV1bVGIBttj3AjH7uUJBZnEBjf4tw85OPT9K6wGuaWxgZkE7AAACAFz/7AbJBhQAIAAsAFdALR4JJAMPDwwMAxUVGBguKgMDLQ0AFhYbHgkABgYoR1kGEBsSSFkbAAAhR1kAFgA/KxEAMysAGD8rERIAOTkSORgvPxEBMxEzETMRMxESOREzEhc5MTAFIgAREBIzMhczJiY1ESERFBYzMjY1NSERFAYjIiYnBgYnMjY3NTQmIyIRFBYCXvf+9dnDy2oKBw8BMVBYV0sBLevoeJg+LsRab2YEanHJYhQBKAEZARABNqQmjyoBZvtpS0Zmcfn+wcTNPUw3UvOJoiG2mv6upaUAAAEAGf/sBqAFywAoAFJAKRoEHh4AABcGBiQNEBAqJCkDGxobGk1ZDg4bGxMmJiFNWSYEEwpMWRMTAD8rABg/KxESADkYLzMvKxESADkRATMRMxEzEjkRMzMRMxEzOTEwARQGBxUWFhUUFjMyNjURIREUBiMiJjU0JiMjNTMgNTQmIyIHJzYhMgQD9KaWsbZTVVlPATHw6er0w7mqqgFYa3GcmZvIAR/mAQ4Eb4nAJAYWq5FlWWZxAY3+LcXM5NpqbdnRTlhkzpC7AAABADn/7AZcBHMAKABWQCsnEgMDEBAiFhYKGh0dKgopEygnKCdKWQkGKBsoGyANIBdIWSAWDQZGWQ0QAD8rABg/KxESADk5GC8vEjkrERIAOREBMxEzETMSOREzMxEzETM5MTABMjY1NCYjIgYHJzY2MzIWFRQHFRYVFDMyNjU1IREUBiMiJjU0JiMjNQGTnodlck2yT1p414TL8tHtqFdLAS3r5N38koiaArA4PTY2JSLVLiagib05Cie9emZx+f7BxcyZjWVm0wAAAQAZ/lYFcwXLAB8AW0AuEgMWFgAAGw0ICAsLCgohGyAHDg4NAxMSExJNWRMTDR0dGE1ZHQQNCExZDRILJwA/PysAGD8rERIAORgvKxESADkSOREzEQEzETMRMxEzETMSOREzETM5MTABFAYHFRYWFRUhESERIRE0JiMjNTMgNTQjIgcnNiEyBAQdppaxtgEr/tX+ytHItrYBde6npZvRASrxARgEb4nAJAYWq5Gg/UwBqgGqam3Z0aZkzpC7AAEATv5vBS0EcwAiAF1ALyIDAxAQChwXFxoaGRkkCiMWHR0cEiEiIiFKWQkGIiIcDRwXRlkcFRojDQZGWQ0QAD8rABg/PysREgA5GC8SOSsREgA5ETkRMxEBMxEzETMRMxEzEjkRMxE5MTABMjY1NCYjIgYHJzY2MzIWFRQHFRYWFRUhESERIRE0JiMjNQGyqpBqek3DUFp34IrR/NGBbwES/u7+15mhpAKwOD02NiYh1S0noIm9OQoifWVn/ZABkQFGTknTAAEAEP/qB5YFtgAhAERAIQAPESAPIAYZBgkJIxkiBwcWICARTFkgAwMbFhtMWQwWEwA/MysRADMYPysREgA5GC8RATMRMxEzERI5OREzETMxMAEWFjMyNjURIREUBiMiJjURIQcCAgYnIic1FjMyNhISEyEFFAJPV1pOATLw6uvy/sMQPl+2m1RAOjM1PjdbIANyAXdIQ2ZxAY3+LcXMyMMDPYb+Af5jqAIW/hRhAQcCVwELAAEAAP/sBuEEXgAfAERAIREeAA8eDxgGBgkJIRggBwcVHh4RRlkeDwMaFRpIWQwVFgA/MysRADMYPysREgA5GC8RATMRMxEzERI5OREzETMxMAEUFjMyNjU1IREUBiMiJjURIwICBiMiJzUWMzI2EhMhBGpQWFdLAS3r5Ovu+iBcmXxqRDExOU09FgMvAXlKQ2Zx+f7BxczIxQIA/on+j6Ug9BSkAX8BTwAAAQC4/+wHqgW2ABkAWkAtFwAPDxMGBgkJGxYSEhMTGgkGBg8AABgDGBQWEUxZBxYHFhMUAxMSDANMWQwTAD8rABg/PxI5OS8vKxEAMxESOREzMxEzEQEzETMRMxEzETMREjkRMzMxMAEUFjMyNjURIREUBiMiJicRIREhESERIREhBT1JVVVJATHr5ObrAv3m/soBNgIaATUBfUtGZnEBjf4txM3IwQEC/YkFtv3DAj0AAAEAoP/sBwQEXgAZAFpALQUCFBQYCwsODhsBFxcYGBoOCwsUBQUDCAMZARZGWQEMAQwYGQ8YFREISFkRFgA/KwAYPz8SOTkvLysRADMREjkRMzMRMxEBMxEzETMRMxEzERI5ETMzMTABESERIREWFjMyNjU1IREUBiMiJic1IREhEQHRAZUBMgJOUVVJAS3p4ufqAv5r/s8EXv5SAa79GUhDZnH5/sHGy8nCVv4zBF4AAQB3/+wF8AXLAB0AQEAhHRwcDhUCAh8VCAgeDxIMEkxZAB1MWQAABQwEBRhMWQUTAD8rABg/EjkvKysRADMRATMRMxEzERI5MxE5MTABIRUQACEgABE0EiQzIBcHJiYjIgIVFBYzMjY1NSEDNQK7/q/+u/6c/oGvAU3jARTka3K/aL3X2dOarv6LAzV7/pr+mAGKAWflAVS1a/o5Kv746uv+p5cHAAEAXP/sBPIEcwAZAEBAIRkYGAwTAgIbEwcHGg0QChBHWQAZRlkAAAQKEAQVR1kEFgA/KwAYPxI5LysrEQAzEQEzETMRMxESOTMROTEwASEVECEgABEQACEyFwcmJiMiBhUQITI2NSEClgJc/bz+5v7IAUUBLOLEXEu1SKObARWBk/7cAphd/bEBKgERARwBMFbqIyens/66dGMAAAEAKf/sBWIFtgAVAD9AHxQACQAPDxEGBgkJFxEWFRESEUxZBwcMEgMMA0xZDBMAPysAGD8SOS8rEQAzEQEzETMRMxESOREzERI5MTABFBYzMjY1ESERFAYjIiY1ESERIREhAuxLVlhMATHt5uvu/nMEUP5zAX1LRmZxAY3+LcXMy74DPwEC/v4AAAEAL//sBUYEXgAVAD9AHwEDDAMSEhQJCQwMFxQWAhQVFEZZCgoPFQ8PBkhZDxYAPysAGD8SOS8rEQAzEQEzETMRMxESOREzERI5MTABFSERFBYzMjY1NSERFAYjIiYnESE1BD3+klBYVkwBLevk6e4C/pEEXuX+BEtGZnH5/sHFzMfEAgLlAAABAFj/7ATRBcsAKABSQCkSHBYHJQ0NAAAiHQcHKhYiIiklExAQE01ZEBAfBB8ZTFkfEwQKTFkEBAA/KwAYPysREgA5GC8rERIAOREBMxEzETMRMxI5ETMRMxESOTkxMBM0NjYzMgQXByYjIgYVFBYzMxUjIgYVFBYzMiQ3EQYhICQ1NDY3NSYmhYr6n7ABA3aHwM6FhdXoeonq66aqgAEJYcH+v/7f/rbMt5+3BGBpp1tDT+V3UUtmWPJoYWdhMS/+7U/qypK3EwYZuQABAE7/7AQlBHMAJABOQCcTISEWFhABCwUcHCYFEBAlEyQCJAJKWSQkDRkZH0ZZGRANB0ZZDRYAPysAGD8rERIAORgvKxESADkRATMRMxEzERI5ORI5ETMRMzEwARUjIgYVFCEyNjcVBiEgJDU0Njc1JjU0JDMyFhcHJiMiFRQWMwNIqJKTAQBv4Vis/vr+9v7ngJDVAQHrb+ZbUqmt44WPArDTREl5Lij0TaWka4YcCjHRjZgsKNVHaEI3//8AEP4QBmIFtgAmAbUAAAEHA4AEOQAAAAy3ARwAHBwAAD4rETX//wAA/hAFrgReACYB1QAAAQcDgQOFAAAADLcBGgAaGgAAPisRNf//AAD+UgWFBbwCJgAkAAAABwJnBUQAAP//AFb+UgQ7BHUCJgBEAAAABwJnBMcAAP//AAAAAAWFB/YCJgAkAAABBwJmBSMBUgAIswISBSYAKzX//wBW/+wEOwakAiYARAAAAQcCZgTLAAAACLMCJxEmACs1//8AAAAABYUH0QImACQAAAEHA3cFIQFSAAq0AwIUBSYAKzU1//8AVv/sBP4GfwImAEQAAAEHA3cExQAAAAq0AwIpESYAKzU1//8AAAAABYUH0QImACQAAAEHA3gFHwFSAAq0AwIbBSYAKzU1////0//sBDsGfwImAEQAAAEHA3gExwAAAAq0AwIwESYAKzU1//8AAAAABYUISgImACQAAAEHA3kFIQFSAAq0AwInBSYAKzU1//8AVv/sBKgG+AImAEQAAAEHA3kEyQAAAAq0AwI8ESYAKzU1//8AAAAABYUIYgImACQAAAEHA3oFHQFSAAq0AwIsBSYAKzU1//8AVv/sBDsHEAImAEQAAAEHA3oExQAAAAq0AwJBESYAKzU1//8AAP5SBYUHcwImACQAAAAnAUsAWAFSAQcCZwVEAAAACrQCDg4FJgArETX//wBW/lIEOwYgAiYARAAAACYBS/v/AQcCZwTTAAAACrQCIyMRJgArETX//wAAAAAFhQgTAiYAJAAAAQcDewUpAVIACrQDAhkFJgArNTX//wBW/+wEOwbBAiYARAAAAQcDewTNAAAACrQDAi4RJgArNTX//wAAAAAFhQgTAiYAJAAAAQcDfAUnAVIACrQDAiAFJgArNTX//wBW/+wEOwbBAiYARAAAAQcDfATLAAAACrQDAjURJgArNTX//wAAAAAFhQhYAiYAJAAAAQcDfQUnAVIACrQDAisFJgArNTX//wBW/+wEOwcGAiYARAAAAQcDfQTNAAAACrQDAkARJgArNTX//wAAAAAFhQhiAiYAJAAAAQcDfgUnAVIACrQDAhcFJgArNTX//wBW/+wEOwcQAiYARAAAAQcDfgTNAAAACrQDAiwRJgArNTUABAAA/lIFhQd9AAcADQAbACQAACEDIQMhASEBAQImJwYDAQYGIyImJzMeAjMyNwE0MzIVFAYjIgQ3av3rav6yAgQBewIG/f6TJQghnAJGDNymrs8IqgQvVVXOEP5/pqZUUqYBXP6kBbz6RAJgAdl8JID+BwUdmri2nC82GH33apaWR07//wBW/lIEOwYrAiYARAAAACcCZwTJAAABBgFO+wAACLMDLxEmACs1//8AuP5SBAIFtgImACgAAAAHAmcE2wAA//8AXP5SBGIEcwImAEgAAAAHAmcE3QAA//8AuAAABAIH9gImACgAAAEHAmYExQFSAAizARAFJgArNf//AFz/7ARiBqQCJgBIAAABBwJmBNsAAAAIswIgESYAKzX//wC4AAAEAgdgAiYAKAAAAQcBUv/vAVIACLMBEAUmACs1//8AXP/sBGIGDgImAEgAAAEGAVL7AAAIswIgESYAKzX//wC4AAAE9QfRAiYAKAAAAQcDdwS8AVIACrQCARIFJgArNTX//wBc/+wFBAZ/AiYASAAAAQcDdwTLAAAACrQDAiIRJgArNTX////NAAAEAgfRAiYAKAAAAQcDeATBAVIACrQCARkFJgArNTX////f/+wEYgZ/AiYASAAAAQcDeATTAAAACrQDAikRJgArNTX//wC4AAAEmwhKAiYAKAAAAQcDeQS8AVIACrQCASUFJgArNTX//wBc/+wEqgb4AiYASAAAAQcDeQTLAAAACrQDAjURJgArNTX//wC4AAAEAghiAiYAKAAAAQcDegS8AVIACrQCASoFJgArNTX//wBc/+wEYgcQAiYASAAAAQcDegTLAAAACrQDAjoRJgArNTX//wCr/lIEEAdzAiYAKAAAACcBS//xAVIBBwJnBNsAAAAIswEZBSYAKzX//wBc/lQEYgYhAiYASAAAACYBS/MAAQcCZwTdAAIACLMCKREmACs1//8AQgAAAtsH9gImACwAAAEHAmYD7gFSAAizARAFJgArNf//AHUAAAI8BqQCJgDzAAABBwJmA5wAAAAIswEIESYAKzX//wBC/lIC2wW2AiYALAAAAAcCZwQOAAD//wCR/lIB3wYUAiYATAAAAAcCZwO4AAD//wB3/lIF5wXNAiYAMgAAAAcCZwWwAAD//wBc/lIEmARzAiYAUgAAAAcCZwT4AAD//wB3/+wF5wf2AiYAMgAAAQcCZgWRAVIACLMCGgUmACs1//8AXP/sBJgGpAImAFIAAAEHAmYE2wAAAAizAh4RJgArNf//AHf/7AXnB9ECJgAyAAABBwN3BYUBUgAKtAMCHAUmACs1Nf//AFz/7AUKBn8CJgBSAAABBwN3BNEAAAAKtAMCIBEmACs1Nf//AHf/7AXnB9ECJgAyAAABBwN4BYcBUgAKtAMCIwUmACs1Nf///9//7ASYBn8CJgBSAAABBwN4BNMAAAAKtAMCJxEmACs1Nf//AHf/7AXnCEoCJgAyAAABBwN5BYUBUgAKtAMCLwUmACs1Nf//AFz/7ASwBvgCJgBSAAABBwN5BNEAAAAKtAMCMxEmACs1Nf//AHf/7AXnCGICJgAyAAABBwN6BYcBUgAKtAMCNAUmACs1Nf//AFz/7ASYBxACJgBSAAABBwN6BNUAAAAKtAMCOBEmACs1Nf//AHf+UgXnB3MCJgAyAAAAJwJnBbAAAAEHAUsAwQFSAAizAx8FJgArNf//AFz+UgSYBiECJgBSAAAAJwJnBPwAAAEGAUsMAAAIswMjESYAKzX//wB3/+wG1wdzAiYCXwAAAQcAdgEZAVIACLMDHwUmACs1//8AXP/sBc0GIQImAmAAAAEGAHZ9AAAIswMkESYAKzX//wB3/+wG1wdzAiYCXwAAAQcAQwBkAVIACLMDJwUmACs1//8AXP/sBc0GIQImAmAAAAEGAEOlAAAIswMsESYAKzX//wB3/+wG1wf2AiYCXwAAAQcCZgWmAVIACLMDIgUmACs1//8AXP/sBc0GpAImAmAAAAEHAmYE5wAAAAizAycRJgArNf//AHf/7AbXB2ACJgJfAAABBwFSAMsBUgAIswMiBSYAKzX//wBc/+wFzQYOAiYCYAAAAQYBUhQAAAizAycRJgArNf//AHf+UgbXBhQCJgJfAAAABwJnBbIAAP//AFz+UgXNBQYCJgJgAAAABwJnBP4AAP//AK7+UgVeBbYCJgA4AAAABwJnBYcAAP//AJr+UgSiBF4CJgBYAAAABwJnBR8AAP//AK7/7AVeB/YCJgA4AAABBwJmBV4BUgAIswEXBSYAKzX//wCa/+wEogakAiYAWAAAAQcCZgT4AAAACLMBGREmACs1//8Arv/sBykHcwImAmEAAAEHAHYBFwFSAAizAiYFJgArNf//AJr/7AZzBiECJgJiAAABBwB2AKoAAAAIswIgESYAKzX//wCu/+wHKQdzAiYCYQAAAQcAQwAUAVIACLMCJgUmACs1//8Amv/sBnMGIQImAmIAAAEGAEOjAAAIswIgESYAKzX//wCu/+wHKQf2AiYCYQAAAQcCZgVkAVIACLMCIQUmACs1//8Amv/sBnMGpAImAmIAAAEHAmYE/gAAAAizAiQRJgArNf//AK7/7AcpB2ACJgJhAAABBwFSAJoBUgAIswIhBSYAKzX//wCa/+wGcwYOAiYCYgAAAQYBUjMAAAizAiMRJgArNf//AK7+UgcpBhQCJgJhAAAABwJnBX0AAP//AJr+UgZzBQYCJgJiAAAABwJnBRcAAP//AAD+UgT+BbYCJgA8AAAABwJnBP4AAP//AAD+FASNBF4CJgBcAAAABwJnBlYAAP//AAAAAAT+B/YCJgA8AAABBwJmBNkBUgAIswENBSYAKzX//wAA/hQEjQakAiYAXAAAAQcCZgSiAAAACLMBGxEmACs1//8AAAAABP4HYAImADwAAAEHAVIAEgFSAAizAQ0FJgArNf//AAD+FASNBg4CJgBcAAABBgFS4AAACLMBGxEmACs1//8AXP68BQwGFAImANMAAAAHAEIA2QAAAAL7fwTZ/ucGIQAJABMAELYODwUBBQoAAC8yzV0yMTABJiYnNSEWFhcVISYmJzUhFhYXFf5GPtoiAS0hZCn90UnRHwEtIWQpBNkxyzcVSK04GznIMhVIrTgbAAL8LQTZADkGfwANABUAF0AKEBUVAw8KAQoGAQAvM81dMjkvzDEwAyMmJwYHIzU2NyEWFhcnNjczFQYHI+micGNyYaJwZwE7NYccWVU18UOgmATZS1tlQRuClk6rH8JbbhVZdQAC+wwE2f8ZBn8ADQAVABlACxMPDw0NCg8CAQIIAC/NXTIzETkvzTEwATY3IRYWFxUjJicGByM3IyYnNTMWF/wvcGcBPDF+KKJhcmppoliXpEDyNlME9IKWSKQsG0FlYEbDd1cVcFkAAAL8LQTZ/98G+AASACAAJUARAgUFBA0LCxAEBBYPHAEcGRQALzPNXTI5L8wyETMSOREzMTADFAcHIyc2NjU0JiMiBzU2MzIWAyMmJwYHIzU2NyEWFhchfQZ/CjdCJSsjJRZGXnHIonBjcmGicGcBOzWHHAZgchk9dAIfHRUeCn8GSP4pS1tlQRuClk6rHwAC/DEE2f8bBxAAFwAlAClAFBEAAAkJBSEFDAwVGw8hHyECIR4ZAC8z3V0yzDIvMxESOS8zLzMxMAEiLgIjIgYHIzY2MzIeAjMyNjczBgYTIyYnBgcjNTY3IRYWF/43JEtIQxwoKw1xCWtTJU1IQhopKQ5xDGqTjo1aU5WNqkIBEjCAPAYfGR4ZITFvghoeGiQwdH3+ukdRSk4bpGBFhDsAAvwxBNn/BgbBAAcAFQAZQAsHEhILAxUPDgEOCwAv3V0yzBEzETkxMAE2NzMVBgcjJQYGIyImJzMWFjMyNjf9N0Yv3VxzgwHPC8OgpboIlghzWFhyCQX4aWAVbmFOnrSspldTXkwAAvwxBNn/BgbBAAcAFQAXQAoBCwUODxUBFQsSAC8z3V0yzBE5MTABIyYnNTMWFyUWFjMyNjczBgYjIiYn/gCDamXdL0b+ywhyWVtwCJUJuaShwwsF3VV6FWBpM0tfV1Onq7OfAAL8MQTZ/wYHBgASACAALUAWGQ8gASAdAwYGBQ0LCw8QARAFBRYWHQAvMxEzL8xdMhEzEjkRMxDNXTIxMAEUBgcHIyc2NjU0IyIHNTYzMhYFFhYzMjY3MwYGIyImJ/4xMjYGawozJzs1HRZGVmT+mghyWVtwCJUJuaShwwsGfzRBEiluCRgZKQhoBkOYS19XU6ers58AAAL8MQTZ/wYHEAAMACQAK0AXEhkZIkAJDUgiFh4NDRYFDwwfDAIMAwkALzPdXTLGMi8zEMwrMi8zMTABFhYzMjczBgYjIiYnJSIuAiMiBgcjNjYzMh4CMzI2NzMGBvzLB2pixQ6VCbilo8ELAgYkS0hDHCsoDXEJYlwlTUhCGikpDnELaAYCO0aBkpefijEZHhkkLmR5Gh4aJDBtcAAAAQAK/hQBoAAAABIAK0ATBAMDDQ0IAAAUEwgAAAMQEAsbAwAvPzMREjkRMxESATkRMzMSOREzMTAXNCYnMx4CFRQGIyInNRYzMjbNTkazT0IjinBKUjw3Iy3jNG1CPEtQL2d/F7ISKAABABD+EAIpAS8ADAAZQAoJAwcHDQ4IBQAbAD8yLxESATkRMzMxMBMiJzUWMzI1ESERFAbJZFU7PHsBJ7f+EBnwE6oBf/5UscIAAAEAEP4QAikBBgAMABlACgoCBwcNDggFABsAPzIvERIBOREzMzEwEyInNRYzMjURIREUBslkVTs8ewEnt/4QGfATqgFW/n2xwgAAAQAtAAADAgW2AAsAKkATBAoAAAkBAQwNCQgIAQQECgYBGAA/PzMREjkRMxESATkRMzMSOTkxMCEhETc3DgIHJwEzAwL+ywMFBi0ku5YB1/4DTouYCCshmLoBdwACAGb/7AR5BIcACwAXAChAFAYMDBkAEhIYFQlPWRUmDwNPWQ8ZAD8rABg/KxEBMxEzETMRMzEwARQWMzI2NTQmIyIGBRAAIyIAERAAMzIAAZhldHJlZnNyZQLh/vD8+v7zARP69wEPAjurr6+rrKqrq/7m/ssBMgEdARYBNv7MAAEAPQAAAzcEcwALACpAEwQKAAAJAQEMDQkICAEEBAoQARgAPz8zERI5ETMREgE5ETMzEjk5MTAhIRE3NwYGBwcnASEDN/7PAwUNUxjDlgHyAQgCCouYD0QRh7oBdwABAEIAAAQ/BIcAGgBBQCAHFA4UAQAAHBkBARsUBwcCChEKTlkRJgIZAQEZTlkBGAA/KxESADkYPysREgA5ETMRATMRMxEzERI5OREzMTAhITUBPgI1NCYjIgYHJzY2MzIWFRQGBwcVIQQ//AMBcJ1aLFBUVKBYoYnrh9fyerO8AiDPAQJtVFAwM0BNSMZ3WrCgeLN7fw4AAAEATv6oBEIEhwAmAFZALRcDHBwAACITBwcoDCIiJwMYFxgXUFkMGHwYAg0DGBgKJCQeT1kkJgoQT1kKJQA/KwAYPysREgA5GC9fXl0rERIAOREBMxEzETMRMxI5ETMRMzkxMAEUBgcVFhYVFAQhIicRFhYzMjY1NCYjIzUzMjY1NCMiBgcnNiEyBAQXppaxtv7O/uTuuFXMZJmSqLhvcaqd0EiVW4/IARXjAQcDK4nAJAYWq5HT608BBys2aHNnVu1ZbKYwO9WQuAACABf+qAR5BHMACgAUAEZAIg8HAwkCAgsDAwUAABYUBQUVBhQBBRQFUFkJFBQDDwcQAyUAPz8zEjkvMysRADMSOREBMxEzETMREjkRMzMRMxI5OTEwJSMRIREhNQEhETMhNTQ2NyMGBgcDBHmw/sT9igKVAR2w/iMIBAgZVh3pG/6NAXPMA4z8l9sy2yIwhiX+0QAAAQBk/qgENQRyABsAUEAoGBUVFxQOAwMdExkZCBQUHBQTExAAEE9ZAAAGFRUYTlkVEAYMT1kGJQA/KwAYPysREgA5GC8rEQAzETMRATMRMzMSOREzETMSOTkRMzEwATIWFRQAISInERYWMyA1NCEiBgcnEyERIQM3NgJm1Pv+0v7n9JZP0l4BG/7bNYAoezcDGf32GyM9AmLuz/X++E8BCyo16N0VDEIC6f76/uEHDv//AEj/7ARQBccCBgAZAAAAAQA3/rwEUARwAAYALEAVBgAAAgEFBQgCBwUDAgMCTlkDEAAkAD8/KxESADkRATMRMxEzEjkRMzEwEwEhESEVAeMCJf0vBBn91/68BLABBML7DgD//wBI/+wESgXJAgYAGwAAAAIAQv6qBEoEhQAZACUARkAjHQUTDAwjIwATACYnDCAQECBQWRAQAxYWGk9ZFiYDCFBZAyUAPysAGD8rERIAORgvKxESADkREgE5OREzEjkREjkyMTABEAAhIic1FjMyNjY3IwYGIyImNTQAMzIWEiUiBhUUFjMyNjU0JgRK/pT+j4JDVFybyGoIDDqYcr/cAQvmovOC/e9gbGJkXoZ9AgT+UP5WDvgVW8OrXkz12usBEZj+38GEfGp8e1B3pP//ACkAAAaOBh8AJgBJAAAABwBJAxkAAAACAFIC3QWFBcEAIwA0AIFAQB4FEjQkLCssLQMwJigoKRgXFwsAKTIwMC8vKRIDNTYyJiYsKiQkKRIeAAseCxsGCAgDAzApKSo1GBsbFRUtKgMAPzMzLzMRMxESOS8zMy8zETMSOTkRMxEzETMvEjk5ETMREgEXOREzEjkQyjIyETMRMxI5ERc5ETMzETMzMTABFAYjIic1FjMyNjU0JicuAjU0NjMyFwcmJiMiBhUUFhcWFgEDIxcRIxEzExMzESMRNyMDAhmLdW9Yc1gtLyMlbEgngHJfcDQ4PCclLSpKaUYBh6YGBKT4oKrvqAQGrgOyZHErkDYnIxsmEjU8TjRdcjR9GxAhIh8sJDNd/uwCEW/+XgLR/gIB/v0vAZh5/e8A//8AKf4UBHkFtgImADcAAAAHAHoBnAAA//8AL/4UAzcFTAImAFcAAAAHAHoBQgAAAAIAXP4UBHEEcwALACYASUAmIwQWFgwJHh4SDAMoJyUPIxghGyEHR1khEBsAR1kbFg8URlkSDxsAPzMrABg/KwAYPysREgA5ORg/ERIBFzkRMxEzETMzMTAlMjY3NTQmIyIRFBYFFAQhIic1FjMyNTU3IwYjIgIREBIzMhczNyECb3hnBm9712sCc/7n/ur1rcvp6wUFa9LJ3eXJznYIGQEC24ugJbOd/q6opt3x+UL0Vv4SjaUBNgELARMBM6SP//8AXP4UBHEGIQImA5EAAAEGAUsOAAAIswI0ESYAKzX//wBc/hQEcQYrAiYDkQAAAQYBTgoAAAizAioRJgArNf//AFz+FARxBhQCJgORAAABBwFPAVAAAAAIswIuESYAKzX//wBc/hQEcQYhAiYDkQAAAQcCOgCiAAAACLMCKxEmACs1AAEAuAAAAe4FtgADABG2AAQFAQMAEgA/PxESATkxMDMRIRG4ATYFtvpK////xgAAAgcHcwImA5YAAAEHAEP+egFSAAizAQwFJgArNf//AKcAAALoB3MCJgOWAAABBwB2/1sBUgAIswEMBSYAKzX///+gAAADBQdzAiYDlgAAAQcBS/7mAVIACLMBEQUmACs1/////QAAAqsHVgImA5YAAAEHAGr+5gFSAAq0AgEZBSYAKzU1////tQAAAvIHYAImA5YAAAEHAVL+5gFSAAizAQgFJgArNf//AAMAAAKpBv4CJgOWAAABBwFN/ugBUgAIswEHBSYAKzX////LAAAC3gd9AiYDlgAAAQcBTv7oAVIACLMBBwUmACs1//8Abv4UAgQFtgImA5YAAAAGAVFkAP//AKwAAAH4B2YCJgOWAAABBwFPABkBUgAIswELBSYAKzX//wC4/lIFCwW2ACYDlgAAAAcALQMdAAD///+dAAAC6gX1ACcDlgD8AAABBwFU/cb/lwAHsgEIAAA/NQD//wC4AAAB7gW2AgYDlgAA/////QAAAqsHVgImA5YAAAEHAGr+5gFSAAq0AgEZBSYAKzU1//8AuAAAAe4FtgIGA5YAAP////0AAAKrB1YCJgOWAAABBwBq/uYBUgAKtAIBGQUmACs1Nf//ALgAAAHuBbYCBgOWAAD//wC4AAAB7gW2AgYDlgAA//8AiwAAAlIH9gImA5YAAAEHAmYDsgFSAAizAQgFJgArNf//AKz+UgH4BbYCJgOWAAAABwJnA9MAAAABAAADqgCKABYAWAAFAAIAEAAvAFwAAAEAAQsAAwABAAAAJAAkACQAJABWAHoA7wF6AegCcAKIArUC4gMgA0sDaAN9A54DvAP+BCsEeQThBSoFhQXgBgoGfQbZBxEHSAdxB5cHwggeCK4I8glSCZQJywoGCjUKigq/CvALGwtaC3kLvwv6DDwMewzRDSQNhA2qDd8OEQ5tDq8O4w8YDzoPWA96D6YPvQ/gEDoQjhDKER0RcxG1ElESjxK7EvgTPxNWE7IT7RQwFIUU2xUNFWUVpxXjFhUWcRa2FwUXOheFF5wX6xgrGCsYXBirGQQZYBm+GeMaYBqXGxAbZhu6G9cb3xxtHIQcuhz0HS4dgx2mHe8eIx5EHn4eqx7hHzUfSx9gH3Yf1h/nH/ggCSAaICwgPSCcIKgguSDKINsg7SD+IQ8hICEyIYIhkyGkIbUhxiHXIekiGSJ2IocimCKpIrsizCMOI4YjliOmI7YjxiPXI+gkgSSNJJ0krSS9JM4k3yTwJQElEyWRJaElsSXCJdIl4iXzJjQmkiaiJrMmwybUJuQnPidPJ2AncCeBJ5EnnSepJ7onyifbJ+sn/CgNKB4oLig/KEsoUyjAKNEo4SjyKQIpEykkKTApPClNKV0pbil+KY8pnymwKcEpzSndKe4qASpSKqcquCrJKtoq6yr8Kw0rGCsjKzQrSytXK2MrdCuFK5ErnCvhK/IsBSwQLBwsLSw5LEUsUSyQLNAs4SzyLP4tCS0aLSotNi2JLdYt5y33LgguGC4qLjsuqi8yL0MvUy9fL2svfC+ML50vrS++L84v2i/mL/cwBzASMB0wLjA/MH4w2TDqMPoxCzEbMSwxPDFOMV8xcTGDMY8xmzGsMb0xzjHeMfAyATIRMiIyMzJEMlQyfjLNM1gz/DQNNB40LzQ/NEo0VTSGNLg0zzT8NRc1TTV1NbY17TYPNlo2bjZ3Now2oTa2Nso23zbzNwY3DjcWNzY3PjdGN043VjevN7c3vzf2N/44BjhEOEw4cTh5OMM4yzjTOUE5STmZOf06DzohOjE6QTpROmI6dDraO0U7jDwEPG88zz0LPWA9ij2SPfw+BD43Pqw+tD78P0g/kj/eQBlAV0C+QSRBdkHVQedB+EIIQhhCKUI7QpVCpkL3Qv9DB0MZQyFDhkPgRCZEN0RIRHpEgkTHRM9E10UoRTBFhEXkRhtGLEZhRp9Gp0avRrdGv0bHRs9G10chRylHMUdkR51H0kgUSF1Iq0joSTtJnUnwSfhKWkq3StZLIksqS31L3kwTTCRMW0yXTOJNFk0eTURNTE1UTXtNg03qTfJOJU5dTpFO0k8XT2JPnU/pUENQkVCiUQ9RH1FtUXVRfVGPUZdR81JJUp9SsFLAUvRTGVM+U09TYFNxU4JTlFOmU7dTyFPdU/JUB1QrVExUa1SKVKtU4FURVUFVhlXyVhJWXlb5VwFXCVc3V2ZXclePV8RYD1iEWP9Zg1n8WldazFsoWzBbhludW7Rby1viXD5cd1ycXN5c810kXYxdwV3XXiheYF6WXtNe317rXxVfP19hX4Nfpl/cYB9gcGC9YORhTGGZYZlhmWGZYZlhmWGZYZlhmWGZYZlhmWGZYZli7GNcY21jdWQBZEtkvmTPZOBk7GT4ZQRlOmV/ZY9ln2X+ZmBmsGcHZxBnGWciZ05nZGd1Z4ZnlmemaClohGjYaShpjmnuajZqg2rva1xr1mxPbOhtgG4wbu5u9m7+b1NvqW/0cDxwTnBgcOlxcXHkclVzK3P2dKN1MHV0dbV163YYdkp2e3asd514PXireRp5bHm/eip6q3rmeyF7fnvbfER8rHy4fMR9Dn1ZfbJ+AX5Zfrh/BX9Kf5B/14AYgFmAvYEegayCQIJMgliCjYLDgsuDB4Nag6iEAYRdhKKE44UvhXqFy4YahlKGiIb+h2+H9oh2iH6Ij4igiQKJYYm1igiKU4qfiumLNIt6i7+MHIx/jIeMmIyojLqMy4zTjNuM7Iz8jVCNoY2zjcSN1o3ojfqOC45hjreOyI7YjuqO+48Njx6Pc4/Jj9uP7I/+kA+QIJAwkEKQU5BlkHaQiJCZkMiQ9pEIkRqRLZFAkVWRapHFkiCSXZJlksuTO5OglAWUZJTHlSGVdpXPlieWepbIlw2XUZe3mBWYKJg7mEeYU5hkmHWYh5iZmKuYvZjPmOGY85kFmRuZMJlCmVSZZpl4mYqZnJmumcCaApoWmiKaLpo/mlCaYZpxmoOalZqnmrmay5rdmu+bAZsWmyqbO5tMm1ibZJtwm3ybjZuem7CbwpvUm+ab+JwKnBycLpxDnFecaJx4nImcmZyqnLuczJzcnOic9J0AnQydHZ0unT+dUJ1hnXGdgp2TnaSdtJ3Ancyd2J3knfWeBp4XnieeM55gnpKexp8Nn12fkJ/CoA2gXKCQoLWg2qEIoUihd6HDoiiicqLKotKi/KMEo2Ojb6QApAykGKR4pIikmKSppLqkz6TgpPGlAqUUpSWlNqVHpVKlY6VvpYGliaWbpaOltaW9pcWl1qXiAAAAAQAAAAEZ27f2YuxfDzz1AAkIAAAAAADJQhegAAAAANUrzNX7DP2oCo0IjQABAAkAAgAAAAAAAATNAMEAAAAABBQAAAIUAAACSgB1A8cAhQUrAC0EkQBYBzUAPwYAAFICIQCFArYAUgK2AD0EXAA/BJEAWAJSAD8CkwA9AkgAdQNOAA4EkQBKBJEAeQSRAE4EkQBOBJEAIwSRAGQEkQBIBJEANwSRAEgEkQBCAkgAdQJSAD8EkQBYBJEAWASRAFgD0QAGBy0AZgWFAAAFYAC4BRkAdwXsALgEewC4BGQAuAXLAHcGHwC4Ax0AQgKm/2gFUAC4BIUAuAeLALgGgQC4Bl4AdwUGALgGXgB3BUgAuARoAF4EogApBgwArgUzAAAHvAAABVYAAAT+AAAEogAxAqYAjwNOAAwCpgAzBEIACANK//wE2wFMBNUAVgUQAKAEHQBcBRAAXAS6AFwDGQApBIUABgVCAKACcQCTAnH/fQT2AKACcQCgB9sAoAVCAKAE9ABcBRAAoAUQAFwDogCgA/oAXAN5AC8FQgCaBI0AAAbZABQEoAAKBI0AAAPnADcDJwAfBGgBxwMnAFIEkQBYAhQAAAJKAHUEkQCPBJEAUgSRAHEEkQAGBGgBxwPjAGoE2wEXBqgAZAMQAC8E7ABSBJEAWAKTAD0GqABkBAD/+gNtAFwEkQBYAwgALwMIADsE2wFMBUgAoAU9AHECSAB1AaT/2wMIAFwDGwA5BOwAUgcMAC4HDAAuBwwAWgPRAD0FhQAABYUAAAWFAAAFhQAABYUAAAWFAAAHngAABRkAdwR7ALgEewC4BHsArwR7ALgDHQAqAx0AQgMd/9wDHQA5BewALwaBALgGXgB3Bl4AdwZeAHcGXgB3Bl4AdwSRAIEGXgB3BgwArgYMAK4GDACuBgwArgT+AAAFBgC4BbAAoATVAFYE1QBWBNUAVgTVAFYE1QBWBNUAVgdWAFYEHQBcBLoAXAS6AFwEugBcBLoAXAJx/5sCcQCRAnH/hgJx/+ME9ABcBUIAoAT0AFwE9ABcBPQAXAT0AFwE9ABcBJEAWAT0AFwFQgCaBUIAmgVCAJoFQgCaBI0AAAUQAKAEjQAABYUAAATVAFYFhQAABNUAVgWFAAAE1QBWBRkAdwQdAFwFGQB3BB0AXAUZAHcEHQBcBRkAdwQdAFwF7AC4BRAAXAXsAC8FMQBcBHsAuAS6AFwEewC4BLoAXAR7ALgEugBcBHsAuAS6AFwEewCvBLoAXAXLAHcEhQAGBcsAdwSFAAYFywB3BIUABgXLAHcEhQAGBh8AuAVCAKAGHwAABUIABAMd//ECcf+bAx0APwJx/+kDHQAHAnH/rwMdAEICcQArAx0AQgJxAKAFwwBCBLoAkwKm/2gCcf99BVAAuAT2AKAE9gCgBIUAuAJxAKAEhQC4AnEAYwSFALgCcQCgBIUAuANtAKAEhQACAqQAAAaBALgFQgCgBoEAuAVCAKAGgQC4BUIAoAY7AAYGgQC4BUIAoAZeAHcE9ABcBl4AdwT0AFwGXgB3BPQAXAfJAHcH0wBcBUgAuAOiAKAFSAC4A6IAYwVIALgDogBTBGgAXgP6AFwEaABeA/oAXARoAF4D+gBcBGgAXgP6AFwEogApA3kALwSiACkDeQAvBKIAKQN5AC8GDACuBUIAmgYMAK4FQgCaBgwArgVCAJoGDACuBUIAmgYMAK4FQgCaBgwArgVCAJoHvAAABtkAFAT+AAAEjQAABP4AAASiADED5wA3BKIAMQPnADcEogAxA+cANwMQAKAEkQDFBYUAAATVAFYHngAAB1YAVgZeAHcE9ABcBGgAXgP6AFwE2wC6BNsAugTbARsE2wDjAnEAkwSeAVQBpgAKBNsAzwS0AJwEngHXBJ4AugWF/8gCSAB1BQr/nQau/50EGf+dBrD/xgYd/4gGSv/GA0L/yQWFAAAFYAC4BH0AuAVEADkEewC4BKIAMQYfALgGXgB3Ax0AQgVQALgFMwAAB4sAuAaBALgEkQBSBl4AdwX2ALgFBgC4BL4ATgSiACkE/gAABuEAXAVWAAAHAgBtBkoANwMdADkE/gAABS0AXARxAE4FQgCgA0IAoAUpAI8FLQBcBUgAoASLAAIE9ABcBHEATgP8AFwFQgCgBPIAXANCAKAE9gCgBOwACAVIAKAEwwAGA/wAXAT0AFwF6QAZBPIAeQP8AFwFOQBcBE4AKQUpAI8GVgBcBLz/zwayAI8G5wBtA0IADAUpAI8E9ABcBSkAjwbnAG0EewC4BnEAKQR9ALgFagB3BGgAXgMdAEIDHQA5Aqb/aAf+ABAIBAC4BnEAKQVgALgFOQAABfYAuAWFAAAFGwC4BWAAuAR9ALgGHQAKBHsAuAeLAAAFLwBeBpYAuAaWALgFYAC4BfYAEAeLALgGHwC4Bl4AdwX2ALgFBgC4BRkAdwSiACkFOQAABuEAXAVWAAAGPwC4BdMAbQigALgI6QC4BdEAAAc/ALgFGwC4BU4ASAiPALgFUv/2BNUAVgT6AFwFHQCgA9MAoAVQAB0EugBcBvwAAARxAE4FwwCgBcMAoAT0AKAFKQAABsEAoAVMAKAE9ABcBTcAoAUQAKAEHQBcBG0ALwSNAAAGgwBcBKAACgWBAKAFPwB7B8EAoAfhAKAFrgAABs0AoATpAKAEGQBKBwQAoAS+AAAEugBcBUIABAPTAKAEMQBcA/oAXAJxAJMCcf/lAnH/fQcbAAAHGwCgBUIABAT0AKAEjQAABWAAoASmALgEGQCgB7wAAAbZABQHvAAABtkAFAe8AAAG2QAUBP4AAASNAAAEAABSCAAAUggAAFIDSv/8AbwAGQG8ABkCVAA/AboAGQOPABkDjwAZBCUAPwQhAHsENQB7AwIAYgbXAHUKPwA/AiEAhQPHAIUC8gBSAvIAUgSPAHUBCv53A2IAZgSRACMEkQBSByMAuASRAEIGXAA/BCkAKQg5AIcF/gAQBkoANwT0AGYHDAA6BwwAOwcMAFoHDABDBKYAOwVEADkF7gCmBQwAKQSRAFgEZAAlBagAcQNMAAAEkQBYBJEAWASRAFYEkQBYBKoAWAWJACkFiQApBJ4AaAJx/30EAAFeBAABXgQAAU4DCAApAwgADAMIAFQDCAAtAwgAOwMIAC0DCAArBAAAAAgAAAAEAAAACAAAAAKqAAACAAAAAVYAAAR5AAACSAAAAZoAAADNAAAAAAAAAAAAAAgAAFQIAABUAnH/fQG8ABkF2wApBQwAAAf+ADMHiwC4B9sAoAWFAAAE1QBWBrD+cgKqAFgCAAB5CKAAKQigACkGmgB3BW8AXAcUAK4GFACaAAD8FgAA/NAAAPvgAAD82QAA/NkEewC4BpYAuAS6AFwFwwCgCLQAdwcUAAYFYgAABUwAAAeaALgGZgCgBdcAAAUfAAAICgC4BzcAoAZvACkE/AAUCJYAuAcKAKAFDgApBHEAHwcCAG0GsgCPBl4AdwT0AFwFvAAABNcAAAW8AAAE1wAACo0AdwkpAFwGsAB3BW8AXAi0AHcHHwBcCLQAdwcUAAYFagB3BDEAXATfAGgEdQC0BJ4A9ASeAc0EngHLB+kAKQemACkHVAC4BmoAoATuAC8E6QAEBQYAuAUQAKAEeQAvA+4ABAXfALgE0QCgCDsAAAeJAAAFLwBeBHEATgYMALgFUgCgBVAAuATLAKAFJQAEBPYABAXdAAAFjwAABroAuAXyAKAGrAC4BhAAoAkAALgHHQCgBjcAdwU/AFwFGQB3BB0AXASiACkEZgAvBP4AAASYAAAE/gAABJgAAAXyAAAFHwAKB3EAKQZUAC8GbwBtBc8AewXTAG0FPwB7BdMAuAVUAKAHlgAABbgAAAeWAAAFuAAAAx0AQgeLAAAG/AAABhQAuAVKAKAGtAAQBdEAAAYfALgFTACgBt0AuAX0AKAF0wBtBT8AewhKALgHaACgAx0AQgWFAAAE1QBWBYUAAATVAFYHngAAB1YAVgR7AHYEugBcBokApATPAFwGiQCkBM8AXAeLAAAG/AAABS8AXgRxAE4EugA5BKYAOQaWALgFwwCgBpYAuAXDAKAGXgB3BPQAXAZeAHcE9ABcBl4AdwT0AFwFTgBIBBkASgU5AAAEjQAABTkAAASNAAAFOQAABI0AAAXTAG0FPwB7BH0AuAPTAKAHPwC4Bs0AoAR5AC8D7gAEBdsAAAUpAAoFVgAABKAACgUbAFwFEABcB2gAXAdiAFwHTgAZBvYAOQWcABkFSgBOCEQAEAd7AAAIWAC4B54AoAZmAHcFTgBcBhAAKQXfAC8FLwBYBHMATgaLABAFywAABYUAAATVAFYFhQAABNUAVgWFAAAE1QBWBYUAAATV/9MFhQAABNUAVgWFAAAE1QBWBYUAAATVAFYFhQAABNUAVgWFAAAE1QBWBYUAAATVAFYFhQAABNUAVgWFAAAE1QBWBHsAuAS6AFwEewC4BLoAXAR7ALgEugBcBHsAuAS6AFwEe//NBLr/3wR7ALgEugBcBHsAuAS6AFwEewCrBLoAXAMdAEICcQB1Ax0AQgJxAJEGXgB3BPQAXAZeAHcE9ABcBl4AdwT0AFwGXgB3BPT/3wZeAHcE9ABcBl4AdwT0AFwGXgB3BPQAXAaaAHcFbwBcBpoAdwVvAFwGmgB3BW8AXAaaAHcFbwBcBpoAdwVvAFwGDACuBUIAmgYMAK4FQgCaBxQArgYUAJoHFACuBhQAmgcUAK4GFACaBxQArgYUAJoHFACuBhQAmgT+AAAEjQAABP4AAASNAAAE/gAABI0AAAUxAFwAAPt/AAD8LQAA+wwAAPwtAAD8MQAA/DEAAPwxAAD8MQAA/DEBpgAKAlYAEAJWABAD2QAtBN8AZgPwAD0EkQBCBJEATgSRABcEkQBkBJEASASRADcEkQBIBJEAQgYxACkF4QBSBKIAKQN5AC8FEABcBRAAXAUQAFwFEABcBRAAXAKmALgCpv/GAqYApwKm/6ACpv/9Aqb/tQKmAAMCpv/LAqYAbgKmAKwFwwC4BBn/nQKmALj//QC4//0AuAC4AIsArAAAAAEAAAiN/agAAAqN+wz+eQqNAAEAAAAAAAAAAAAAAAAAAAOjAAMFDwK8AAUAAAWaBTMAAAEfBZoFMwAAA9EAZgH8CAICCwgGAwUEAgIE4AAC70AAIFsAAAAoAAAAADFBU0MAIAAg//0GH/4UAIQIjQJYIAABnwAAAAAEXgW2AAAAIAADAAAAAQADAAEAAAAMAAQDfAAAAMYAgAAGAEYASABJAH4AywDPAScBMgFhAWMBfwGSAaEBsAHwAf8CGwI3ArwCxwLJAt0C8wMBAwMDCQMPAyMDiQOKA4wDmAOZA6EDqQOqA84D0gPWBA0ETwRQBFwEXwSGBI8EkQS/BMAEzgTPBRMeAR4/HoUexx7KHvEe8x75H00gCyAVIB4gIiAmIDAgMyA6IDwgRCBwIHkgfyCkIKcgrCEFIRMhFiEgISIhJiEuIV4iAiIGIg8iEiIaIh4iKyJIImAiZSXK+wT+///9//8AAAAgAEkASgCgAMwA0AEoATMBYgFkAZIBoAGvAfAB+gIYAjcCvALGAskC2ALzAwADAwMJAw8DIwOEA4oDjAOOA5kDmgOjA6oDqwPRA9YEAAQOBFAEUQRdBGAEiASQBJIEwATBBM8E0B4AHj4egB6gHsgeyx7yHvQfTSAAIBMgFyAgICYgMCAyIDkgPCBEIHAgdCB/IKMgpyCrIQUhEyEWISAhIiEmIS4hWyICIgYiDyIRIhoiHiIrIkgiYCJkJcr7AP7///z////jA03/4//CAsv/wgAA/8ICLf/C/7AAvwCyAGH/SQAAAAD/lv6F/oT+dv9o/2P/Yv9dAGf/RP3QABf9z/3OAAn9zv3N//n9zf6C/n8AAP2a/hr9mQAA/gz+C/1o/gn+5v4J/tj+CeRY5BjjeuR9AADkfeMO5HvjDeJC4e/h7uHt4erh4eHg4dvh2uHT4cvhyOGZ4XbhdAAA4RjhC+EJ4m7g/uD74PTgyOAl4CLgGuAZ4BLgD+AD3+ff0N/N3GkAAANPAlMAAQAAAAAAAAAAAAAAAAC6AAAAAAAAAAAAAAAAAAAAAAC+AAAAAAAAAAAAAAAAAAAAAAAAAAAAAAAAAAAAAAAAAAAAAAAAAAAAAAAAAAAAmAAAAAAAAACsAAAAAAAAAAAAAAAAAAAAAAAAAAAAAAAAAJgAAAAAAAAAAAAAAAAAAAAAAAAAAAAAAAAAAAAAAAAAAAAAAAAAAAB2AAAAAAAAAAAAAAAAAAAAAAAAAAAAAAAAAAAAAAAAAAAAAAAAAAAAUgAAAAAAAAObAOsDnADtA50A7wOeAPEDnwDzA6ABSQFKASQBJQJoAZwBnQGeAZ8BoAOkA6UBowGkAaUBpgGnAmkCawH2AfcDqANGA6kDdQIcA40CNAI1Al0CXkBHW1pZWFVUU1JRUE9OTUxLSklIR0ZFRENCQUA/Pj08Ozo5ODc2NTEwLy4tLCgnJiUkIyIhHxgUERAPDg0LCgkIBwYFBAMCAQAsILABYEWwAyUgEUZhI0UjYUgtLCBFGGhELSxFI0ZgsCBhILBGYLAEJiNISC0sRSNGI2GwIGAgsCZhsCBhsAQmI0hILSxFI0ZgsEBhILBmYLAEJiNISC0sRSNGI2GwQGAgsCZhsEBhsAQmI0hILSwBECA8ADwtLCBFIyCwzUQjILgBWlFYIyCwjUQjWSCw7VFYIyCwTUQjWSCwBCZRWCMgsA1EI1khIS0sICBFGGhEILABYCBFsEZ2aIpFYEQtLAGxCwpDI0NlCi0sALEKC0MjQwstLACwKCNwsQEoPgGwKCNwsQIoRTqxAgAIDS0sIEWwAyVFYWSwUFFYRUQbISFZLSxJsA4jRC0sIEWwAENgRC0sAbAGQ7AHQ2UKLSwgabBAYbAAiyCxLMCKjLgQAGJgKwxkI2RhXFiwA2FZLSyKA0WKioewESuwKSNEsCl65BgtLEVlsCwjREWwKyNELSxLUlhFRBshIVktLEtRWEVEGyEhWS0sAbAFJRAjIIr1ALABYCPt7C0sAbAFJRAjIIr1ALABYSPt7C0sAbAGJRD1AO3sLSywAkOwAVJYISEhISEbRiNGYIqKRiMgRopgimG4/4BiIyAQI4qxDAyKcEVgILAAUFiwAWG4/7qLG7BGjFmwEGBoATpZLSwgRbADJUZSS7ATUVtYsAIlRiBoYbADJbADJT8jITgbIRFZLSwgRbADJUZQWLACJUYgaGGwAyWwAyU/IyE4GyERWS0sALAHQ7AGQwstLCEhDGQjZIu4QABiLSwhsIBRWAxkI2SLuCAAYhuyAEAvK1mwAmAtLCGwwFFYDGQjZIu4FVViG7IAgC8rWbACYC0sDGQjZIu4QABiYCMhLSxLU1iKsAQlSWQjRWmwQIthsIBisCBharAOI0QjELAO9hshI4oSESA5L1ktLEtTWCCwAyVJZGkgsAUmsAYlSWQjYbCAYrAgYWqwDiNEsAQmELAO9ooQsA4jRLAO9rAOI0SwDu0birAEJhESIDkjIDkvL1ktLEUjRWAjRWAjRWAjdmgYsIBiIC0ssEgrLSwgRbAAVFiwQEQgRbBAYUQbISFZLSxFsTAvRSNFYWCwAWBpRC0sS1FYsC8jcLAUI0IbISFZLSxLUVggsAMlRWlTWEQbISFZGyEhWS0sRbAUQ7AAYGOwAWBpRC0ssC9FRC0sRSMgRYpgRC0sRiNGYIqKRiMgRopgimG4/4BiIyAQI4qxDAyKcEVgILAAUFiwAWG4/4CLG7CBjFloOi0sSyNRWLkAM//gsTQgG7MzADQAWURELSywFkNYsAMmRYpYZGawH2AbZLAgYGYgWBshsEBZsAFhWSNYZVmwKSNEIxCwKeAbISEhISFZLSywAkNUWEtTI0tRWlg4GyEhWRshISEhWS0ssBZDWLAEJUVksCBgZiBYGyGwQFmwAWEjWBtlWbApI0SwBSWwCCUIIFgCGwNZsAQlELAFJSBGsAQlI0I8sAQlsAclCLAHJRCwBiUgRrAEJbABYCNCPCBYARsAWbAEJRCwBSWwKeCwKSBFZUSwByUQsAYlsCngsAUlsAglCCBYAhsDWbAFJbADJUNIsAQlsAclCLAGJbADJbABYENIGyFZISEhISEhIS0sArAEJSAgRrAEJSNCsAUlCLADJUVIISEhIS0sArADJSCwBCUIsAIlQ0ghISEtLEUjIEUYILAAUCBYI2UjWSNoILBAUFghsEBZI1hlWYpgRC0sS1MjS1FaWCBFimBEGyEhWS0sS1RYIEWKYEQbISFZLSxLUyNLUVpYOBshIVktLLAAIUtUWDgbISFZLSywAkNUWLBGKxshISEhWS0ssAJDVFiwRysbISEhWS0ssAJDVFiwSCsbISEhIVktLLACQ1RYsEkrGyEhIVktLCCKCCNLU4pLUVpYIzgbISFZLSwAsAIlSbAAU1ggsEA4ERshWS0sAUYjRmAjRmEjIBAgRophuP+AYoqxQECKcEVgaDotLCCKI0lkiiNTWDwbIVktLEtSWH0belktLLASAEsBS1RCLSyxAgBCsSMBiFGxQAGIU1pYuRAAACCIVFiyAgECQ2BCWbEkAYhRWLkgAABAiFRYsgICAkNgQrEkAYhUWLICIAJDYEIASwFLUliyAggCQ2BCWRu5QAAAgIhUWLICBAJDYEJZuUAAAIBjuAEAiFRYsgIIAkNgQlm5QAABAGO4AgCIVFiyAhACQ2BCWbEmAYhRWLlAAAIAY7gEAIhUWLICQAJDYEJZuUAABABjuAgAiFRYsgKAAkNgQllZWVlZWbEAAkNUWEAKBUAIQAlADAINAhuxAQJDVFiyBUAIugEAAAkBALMMAQ0BG7GAAkNSWLIFQAi4AYCxCUAbsgVACLoBgAAJAUBZuUAAAICIVblAAAIAY7gEAIhVWlizDAANARuzDAANAVlZWUJCQkJCLSxFGGgjS1FYIyBFIGSwQFBYfFloimBZRC0ssAAWsAIlsAIlAbABIz4AsAIjPrEBAgYMsAojZUKwCyNCAbABIz8AsAIjP7EBAgYMsAYjZUKwByNCsAEWAS0ssICwAkNQsAGwAkNUW1ghIxCwIBrJG4oQ7VktLLBZKy0sihDlLUCLCSFIIFUgAQNVH0gDVR4D/x9QTBYfT01kH05MZB8mNBBVJTMkVRkT/x8HBP8fBgP/H01MHh9kTAFMRg0fEzMSVQUBA1UEMwNVHwMBDwM/A68DAwZLRstG20YDIzMiVRwzG1UWMxVVEQEPVRAzD1WvD88PAjAPAQEzAFVvAH8ArwDvAAQQAAGAFgEFAbgBkLFUUysrS7gH/1JLsAlQW7ABiLAlU7ABiLBAUVqwBoiwAFVaW1ixAQGOWYWNjQBCHUuwMlNYsCAdWUuwZFNYsBAdsRYAQllzcytzcysrKysrc15zdCsrKyt0KysrKysrKysrKysrKxheBhQAFwAABbYAFwB1BbYFzQAAAAAAAAAAAAAAAAAABF4AFwB7AAD/7AAAAAD/7AAAAAD/7AAA/hT/7AAABbYAFfyU/+v+j//g/rz/7AAS/lYAAAAAAAAAAAAAAAAAAAAAAAAAAAAAAAAAAAAAAAAAAAAAAAAAAAAAAAAAAAAAAAAAAAAAAAAIAAAAAAAA5QD2AQABKwDTALIBAgD2AQIA9gDtAN8AsgAAAVQAAAAAAA0AogADAAEECQAAAHIAAAADAAEECQABABIAcgADAAEECQACAAgAhAADAAEECQADAC4AjAADAAEECQAEABwAugADAAEECQAFABgA1gADAAEECQAGABoA7gADAAEECQAHAKQBCAADAAEECQAIACgBrAADAAEECQALADgB1AADAAEECQAMAFwCDAADAAEECQANAFwCaAADAAEECQAOAFQCxABEAGkAZwBpAHQAaQB6AGUAZAAgAGQAYQB0AGEAIABjAG8AcAB5AHIAaQBnAGgAdAAgAKkAIAAyADAAMQAwAC0AMgAwADEAMQAsACAARwBvAG8AZwBsAGUAIABDAG8AcgBwAG8AcgBhAHQAaQBvAG4ALgBPAHAAZQBuACAAUwBhAG4AcwBCAG8AbABkADEALgAxADAAOwAxAEEAUwBDADsATwBwAGUAbgBTAGEAbgBzAC0AQgBvAGwAZABPAHAAZQBuACAAUwBhAG4AcwAgAEIAbwBsAGQAVgBlAHIAcwBpAG8AbgAgADEALgAxADAATwBwAGUAbgBTAGEAbgBzAC0AQgBvAGwAZABPAHAAZQBuACAAUwBhAG4AcwAgAGkAcwAgAGEAIAB0AHIAYQBkAGUAbQBhAHIAawAgAG8AZgAgAEcAbwBvAGcAbABlACAAYQBuAGQAIABtAGEAeQAgAGIAZQAgAHIAZQBnAGkAcwB0AGUAcgBlAGQAIABpAG4AIABjAGUAcgB0AGEAaQBuACAAagB1AHIAaQBzAGQAaQBjAHQAaQBvAG4AcwAuAEEAcwBjAGUAbgBkAGUAcgAgAEMAbwByAHAAbwByAGEAdABpAG8AbgBoAHQAdABwADoALwAvAHcAdwB3AC4AYQBzAGMAZQBuAGQAZQByAGMAbwByAHAALgBjAG8AbQAvAGgAdAB0AHAAOgAvAC8AdwB3AHcALgBhAHMAYwBlAG4AZABlAHIAYwBvAHIAcAAuAGMAbwBtAC8AdAB5AHAAZQBkAGUAcwBpAGcAbgBlAHIAcwAuAGgAdABtAGwATABpAGMAZQBuAHMAZQBkACAAdQBuAGQAZQByACAAdABoAGUAIABBAHAAYQBjAGgAZQAgAEwAaQBjAGUAbgBzAGUALAAgAFYAZQByAHMAaQBvAG4AIAAyAC4AMABoAHQAdABwADoALwAvAHcAdwB3AC4AYQBwAGEAYwBoAGUALgBvAHIAZwAvAGwAaQBjAGUAbgBzAGUAcwAvAEwASQBDAEUATgBTAEUALQAyAC4AMAAAAAIAAAAAAAD/ZgBmAAAAAAAAAAAAAAAAAAAAAAAAAAADqgAAAQIAAgADAAQABQAGAAcACAAJAAoACwAMAA0ADgAPABAAEQASABMAFAAVABYAFwAYABkAGgAbABwAHQAeAB8AIAAhACIAIwAkACUAJgAnACgAKQAqACsBAwAtAC4ALwAwADEAMgAzADQANQA2ADcAOAA5ADoAOwA8AD0APgA/AEAAQQBCAEMARABFAEYARwBIAEkASgBLAEwATQBOAE8AUABRAFIAUwBUAFUAVgBXAFgAWQBaAFsAXABdAF4AXwBgAGEArACjAIQAhQC9AJYA6ACGAI4AiwCdAKkApAEEAIoBBQCDAJMA8gDzAI0AlwCIAMMA3gDxAJ4AqgD1APQA9gCiAK0AyQDHAK4AYgBjAJAAZADLAGUAyADKAQYBBwEIAQkA6QBmANMA0ADRAK8AZwDwAJEA1gDUANUAaADrAO0AiQBqAGkAawBtAGwAbgCgAG8AcQBwAHIAcwB1AHQAdgB3AOoAeAB6AHkAewB9AHwAuAChAH8AfgCAAIEA7ADuALoBCgELAQwBDQEOAQ8A/QD+ARABEQESARMA/wEAARQBFQEWAQEBFwEYARkBGgEbARwBHQEeAR8BIAEhASIA+AD5ASMBJAElASYBJwEoASkBKgErASwBLQEuAS8BMAExATIBMwDXATQBNQE2ATcBOAE5AToBOwE8AT0BPgE/AUABQQFCAOIA4wFDAUQBRQFGAUcBSAFJAUoBSwFMAU0BTgFPAVABUQCwALEBUgFTAVQBVQFWAVcBWAFZAVoBWwD7APwA5ADlAVwBXQFeAV8BYAFhAWIBYwFkAWUBZgFnAWgBaQFqAWsBbAFtAW4BbwFwAXEAuwFyAXMBdAF1AOYA5wF2AKYBdwF4AXkBegF7AXwBfQF+ANgA4QDaANsA3ADdAOAA2QDfAX8BgAGBAYIBgwGEAYUBhgGHAYgBiQGKAYsBjAGNAY4BjwGQAZEBkgGTAZQBlQGWAZcBmAGZAZoBmwGcAZ0BngGfAaABoQGiAaMBpAGlAaYBpwGoAakBqgGrAawBrQGuAa8BsAGxAbIBswG0AbUBtgG3AJsBuAG5AboBuwG8Ab0BvgG/AcABwQHCAcMBxAHFAcYBxwHIAckBygHLAcwBzQHOAc8B0AHRAdIB0wHUAdUB1gHXAdgB2QHaAdsB3AHdAd4B3wHgAeEB4gHjAeQB5QHmAecB6AHpAeoB6wHsAe0B7gHvAfAB8QHyAfMB9AH1AfYB9wH4AfkB+gH7AfwB/QH+Af8CAAIBAgICAwIEAgUCBgIHAggCCQIKAgsCDAINAg4CDwIQAhECEgITAhQCFQIWAhcCGAIZAhoCGwIcAh0CHgIfAiACIQIiAiMCJAIlAiYCJwIoAikCKgIrALIAswIsAi0AtgC3AMQCLgC0ALUAxQCCAMIAhwCrAMYCLwIwAL4AvwIxALwCMgD3AjMCNAI1AjYCNwI4AIwAnwI5AjoCOwI8Aj0AmACoAJoAmQDvAKUAkgCcAKcAjwCUAJUAuQI+Aj8CQAJBAkICQwJEAkUCRgJHAkgCSQJKAksCTAJNAk4CTwJQAlECUgJTAlQCVQJWAlcCWAJZAloCWwJcAl0CXgJfAmACYQJiAmMCZAJlAmYCZwJoAmkCagJrAmwCbQJuAm8CcAJxAnICcwJ0AnUCdgJ3AngCeQJ6AnsCfAJ9An4CfwKAAoECggKDAoQChQKGAocCiAKJAooCiwKMAo0CjgKPApACkQKSApMClAKVApYClwKYApkCmgKbApwCnQKeAp8CoAKhAqICowKkAqUCpgKnAqgCqQKqAqsCrAKtAq4CrwKwArECsgKzArQCtQK2ArcCuAK5AroCuwK8Ar0CvgK/AsACwQLCAsMCxALFAsYCxwLIAskCygLLAswCzQLOAs8C0ALRAtIC0wLUAtUC1gLXAtgC2QLaAtsC3ALdAt4C3wLgAuEC4gLjAuQC5QLmAucC6ALpAuoC6wLsAu0C7gLvAvAC8QLyAvMC9AL1AvYC9wL4AvkC+gL7AvwC/QL+Av8DAAMBAwIDAwMEAwUDBgMHAwgDCQMKAwsDDAMNAw4DDwMQAxEDEgMTAxQDFQMWAxcDGAMZAxoDGwMcAx0DHgMfAyADIQMiAyMDJAMlAyYDJwMoAykDKgMrAywDLQMuAy8DMAMxAzIDMwM0AzUDNgM3AzgDOQM6AzsDPAM9Az4DPwNAA0EDQgNDA0QDRQNGA0cDSANJA0oDSwNMA00DTgNPA1ADUQNSA1MDVANVA1YDVwNYA1kDWgNbA1wDXQNeA18DYANhA2IDYwNkA2UDZgNnA2gDaQNqA2sDbANtA24DbwNwA3EDcgNzA3QDdQN2A3cDeAN5A3oDewN8A30DfgN/A4ADgQOCA4MDhAOFA4YDhwOIA4kDigOLA4wDjQOOA48DkAORA5IDkwOUA5UDlgOXA5gDmQOaA5sDnAOdA54DnwAsAM8AzADNAM4DoAOhA6IDowD6A6QDpQOmA6cDqAOpA6oDqwOsA60EbnVsbAVJLmFsdAd1bmkwMEFECW92ZXJzY29yZQpJZ3JhdmUuYWx0CklhY3V0ZS5hbHQPSWNpcmN1bWZsZXguYWx0DUlkaWVyZXNpcy5hbHQHQW1hY3JvbgdhbWFjcm9uBkFicmV2ZQZhYnJldmUHQW9nb25lawdhb2dvbmVrC0NjaXJjdW1mbGV4C2NjaXJjdW1mbGV4BENkb3QEY2RvdAZEY2Fyb24GZGNhcm9uBkRjcm9hdAdFbWFjcm9uB2VtYWNyb24GRWJyZXZlBmVicmV2ZQpFZG90YWNjZW50CmVkb3RhY2NlbnQHRW9nb25lawdlb2dvbmVrBkVjYXJvbgZlY2Fyb24LR2NpcmN1bWZsZXgLZ2NpcmN1bWZsZXgER2RvdARnZG90DEdjb21tYWFjY2VudAxnY29tbWFhY2NlbnQLSGNpcmN1bWZsZXgLaGNpcmN1bWZsZXgESGJhcgRoYmFyCkl0aWxkZS5hbHQGaXRpbGRlC0ltYWNyb24uYWx0B2ltYWNyb24KSWJyZXZlLmFsdAZpYnJldmULSW9nb25lay5hbHQHaW9nb25law5JZG90YWNjZW50LmFsdAZJSi5hbHQCaWoLSmNpcmN1bWZsZXgLamNpcmN1bWZsZXgMS2NvbW1hYWNjZW50DGtjb21tYWFjY2VudAxrZ3JlZW5sYW5kaWMGTGFjdXRlBmxhY3V0ZQxMY29tbWFhY2NlbnQMbGNvbW1hYWNjZW50BkxjYXJvbgZsY2Fyb24ETGRvdARsZG90Bk5hY3V0ZQZuYWN1dGUMTmNvbW1hYWNjZW50DG5jb21tYWFjY2VudAZOY2Fyb24GbmNhcm9uC25hcG9zdHJvcGhlA0VuZwNlbmcHT21hY3JvbgdvbWFjcm9uBk9icmV2ZQZvYnJldmUNT2h1bmdhcnVtbGF1dA1vaHVuZ2FydW1sYXV0BlJhY3V0ZQZyYWN1dGUMUmNvbW1hYWNjZW50DHJjb21tYWFjY2VudAZSY2Fyb24GcmNhcm9uBlNhY3V0ZQZzYWN1dGULU2NpcmN1bWZsZXgLc2NpcmN1bWZsZXgMVGNvbW1hYWNjZW50DHRjb21tYWFjY2VudAZUY2Fyb24GdGNhcm9uBFRiYXIEdGJhcgZVdGlsZGUGdXRpbGRlB1VtYWNyb24HdW1hY3JvbgZVYnJldmUGdWJyZXZlBVVyaW5nBXVyaW5nDVVodW5nYXJ1bWxhdXQNdWh1bmdhcnVtbGF1dAdVb2dvbmVrB3VvZ29uZWsLV2NpcmN1bWZsZXgLd2NpcmN1bWZsZXgLWWNpcmN1bWZsZXgLeWNpcmN1bWZsZXgGWmFjdXRlBnphY3V0ZQpaZG90YWNjZW50Cnpkb3RhY2NlbnQFbG9uZ3MKQXJpbmdhY3V0ZQphcmluZ2FjdXRlB0FFYWN1dGUHYWVhY3V0ZQtPc2xhc2hhY3V0ZQtvc2xhc2hhY3V0ZQxTY29tbWFhY2NlbnQMc2NvbW1hYWNjZW50BXRvbm9zDWRpZXJlc2lzdG9ub3MKQWxwaGF0b25vcwlhbm90ZWxlaWEMRXBzaWxvbnRvbm9zCEV0YXRvbm9zDUlvdGF0b25vcy5hbHQMT21pY3JvbnRvbm9zDFVwc2lsb250b25vcwpPbWVnYXRvbm9zEWlvdGFkaWVyZXNpc3Rvbm9zBUFscGhhBEJldGEFR2FtbWEHdW5pMDM5NAdFcHNpbG9uBFpldGEDRXRhBVRoZXRhCElvdGEuYWx0BUthcHBhBkxhbWJkYQJNdQJOdQJYaQdPbWljcm9uAlBpA1JobwVTaWdtYQNUYXUHVXBzaWxvbgNQaGkDQ2hpA1BzaQd1bmkwM0E5EElvdGFkaWVyZXNpcy5hbHQPVXBzaWxvbmRpZXJlc2lzCmFscGhhdG9ub3MMZXBzaWxvbnRvbm9zCGV0YXRvbm9zCWlvdGF0b25vcxR1cHNpbG9uZGllcmVzaXN0b25vcwVhbHBoYQRiZXRhBWdhbW1hBWRlbHRhB2Vwc2lsb24EemV0YQNldGEFdGhldGEEaW90YQVrYXBwYQZsYW1iZGEHdW5pMDNCQwJudQJ4aQdvbWljcm9uA3JobwZzaWdtYTEFc2lnbWEDdGF1B3Vwc2lsb24DcGhpA2NoaQNwc2kFb21lZ2EMaW90YWRpZXJlc2lzD3Vwc2lsb25kaWVyZXNpcwxvbWljcm9udG9ub3MMdXBzaWxvbnRvbm9zCm9tZWdhdG9ub3MJYWZpaTEwMDIzCWFmaWkxMDA1MQlhZmlpMTAwNTIJYWZpaTEwMDUzCWFmaWkxMDA1NA1hZmlpMTAwNTUuYWx0DWFmaWkxMDA1Ni5hbHQJYWZpaTEwMDU3CWFmaWkxMDA1OAlhZmlpMTAwNTkJYWZpaTEwMDYwCWFmaWkxMDA2MQlhZmlpMTAwNjIJYWZpaTEwMTQ1CWFmaWkxMDAxNwlhZmlpMTAwMTgJYWZpaTEwMDE5CWFmaWkxMDAyMAlhZmlpMTAwMjEJYWZpaTEwMDIyCWFmaWkxMDAyNAlhZmlpMTAwMjUJYWZpaTEwMDI2CWFmaWkxMDAyNwlhZmlpMTAwMjgJYWZpaTEwMDI5CWFmaWkxMDAzMAlhZmlpMTAwMzEJYWZpaTEwMDMyCWFmaWkxMDAzMwlhZmlpMTAwMzQJYWZpaTEwMDM1CWFmaWkxMDAzNglhZmlpMTAwMzcJYWZpaTEwMDM4CWFmaWkxMDAzOQlhZmlpMTAwNDAJYWZpaTEwMDQxCWFmaWkxMDA0MglhZmlpMTAwNDMJYWZpaTEwMDQ0CWFmaWkxMDA0NQlhZmlpMTAwNDYJYWZpaTEwMDQ3CWFmaWkxMDA0OAlhZmlpMTAwNDkJYWZpaTEwMDY1CWFmaWkxMDA2NglhZmlpMTAwNjcJYWZpaTEwMDY4CWFmaWkxMDA2OQlhZmlpMTAwNzAJYWZpaTEwMDcyCWFmaWkxMDA3MwlhZmlpMTAwNzQJYWZpaTEwMDc1CWFmaWkxMDA3NglhZmlpMTAwNzcJYWZpaTEwMDc4CWFmaWkxMDA3OQlhZmlpMTAwODAJYWZpaTEwMDgxCWFmaWkxMDA4MglhZmlpMTAwODMJYWZpaTEwMDg0CWFmaWkxMDA4NQlhZmlpMTAwODYJYWZpaTEwMDg3CWFmaWkxMDA4OAlhZmlpMTAwODkJYWZpaTEwMDkwCWFmaWkxMDA5MQlhZmlpMTAwOTIJYWZpaTEwMDkzCWFmaWkxMDA5NAlhZmlpMTAwOTUJYWZpaTEwMDk2CWFmaWkxMDA5NwlhZmlpMTAwNzEJYWZpaTEwMDk5CWFmaWkxMDEwMAlhZmlpMTAxMDEJYWZpaTEwMTAyCWFmaWkxMDEwMwlhZmlpMTAxMDQJYWZpaTEwMTA1CWFmaWkxMDEwNglhZmlpMTAxMDcJYWZpaTEwMTA4CWFmaWkxMDEwOQlhZmlpMTAxMTAJYWZpaTEwMTkzCWFmaWkxMDA1MAlhZmlpMTAwOTgGV2dyYXZlBndncmF2ZQZXYWN1dGUGd2FjdXRlCVdkaWVyZXNpcwl3ZGllcmVzaXMGWWdyYXZlBnlncmF2ZQlhZmlpMDAyMDgNdW5kZXJzY29yZWRibA1xdW90ZXJldmVyc2VkBm1pbnV0ZQZzZWNvbmQJZXhjbGFtZGJsCW5zdXBlcmlvcglhZmlpMDg5NDEGcGVzZXRhBEV1cm8JYWZpaTYxMjQ4CWFmaWk2MTI4OQlhZmlpNjEzNTIJZXN0aW1hdGVkCW9uZWVpZ2h0aAx0aHJlZWVpZ2h0aHMLZml2ZWVpZ2h0aHMMc2V2ZW5laWdodGhzB3VuaUZCMDEHdW5pRkIwMg1jeXJpbGxpY2JyZXZlCGRvdGxlc3NqEGNhcm9uY29tbWFhY2NlbnQLY29tbWFhY2NlbnQRY29tbWFhY2NlbnRyb3RhdGUMemVyb3N1cGVyaW9yDGZvdXJzdXBlcmlvcgxmaXZlc3VwZXJpb3ILc2l4c3VwZXJpb3INc2V2ZW5zdXBlcmlvcg1laWdodHN1cGVyaW9yDG5pbmVzdXBlcmlvcgd1bmkyMDAwB3VuaTIwMDEHdW5pMjAwMgd1bmkyMDAzB3VuaTIwMDQHdW5pMjAwNQd1bmkyMDA2B3VuaTIwMDcHdW5pMjAwOAd1bmkyMDA5B3VuaTIwMEEHdW5pMjAwQgd1bmlGRUZGB3VuaUZGRkMHdW5pRkZGRAd1bmkwMUYwB3VuaTAyQkMHdW5pMDNEMQd1bmkwM0QyB3VuaTAzRDYHdW5pMUUzRQd1bmkxRTNGB3VuaTFFMDAHdW5pMUUwMQd1bmkxRjREB3VuaTAyRjMJZGFzaWFveGlhB3VuaUZCMDMHdW5pRkIwNAVPaG9ybgVvaG9ybgVVaG9ybgV1aG9ybgd1bmkwMzAwB3VuaTAzMDEHdW5pMDMwMwRob29rCGRvdGJlbG93B3VuaTA0MDAHdW5pMDQwRAd1bmkwNDUwB3VuaTA0NUQHdW5pMDQ2MAd1bmkwNDYxB3VuaTA0NjIHdW5pMDQ2Mwd1bmkwNDY0B3VuaTA0NjUHdW5pMDQ2Ngd1bmkwNDY3B3VuaTA0NjgHdW5pMDQ2OQd1bmkwNDZBB3VuaTA0NkIHdW5pMDQ2Qwd1bmkwNDZEB3VuaTA0NkUHdW5pMDQ2Rgd1bmkwNDcwB3VuaTA0NzEHdW5pMDQ3Mgd1bmkwNDczB3VuaTA0NzQHdW5pMDQ3NQd1bmkwNDc2B3VuaTA0NzcHdW5pMDQ3OAd1bmkwNDc5B3VuaTA0N0EHdW5pMDQ3Qgd1bmkwNDdDB3VuaTA0N0QHdW5pMDQ3RQd1bmkwNDdGB3VuaTA0ODAHdW5pMDQ4MQd1bmkwNDgyB3VuaTA0ODMHdW5pMDQ4NAd1bmkwNDg1B3VuaTA0ODYHdW5pMDQ4OAd1bmkwNDg5B3VuaTA0OEEHdW5pMDQ4Qgd1bmkwNDhDB3VuaTA0OEQHdW5pMDQ4RQd1bmkwNDhGB3VuaTA0OTIHdW5pMDQ5Mwd1bmkwNDk0B3VuaTA0OTUHdW5pMDQ5Ngd1bmkwNDk3B3VuaTA0OTgHdW5pMDQ5OQd1bmkwNDlBB3VuaTA0OUIHdW5pMDQ5Qwd1bmkwNDlEB3VuaTA0OUUHdW5pMDQ5Rgd1bmkwNEEwB3VuaTA0QTEHdW5pMDRBMgd1bmkwNEEzB3VuaTA0QTQHdW5pMDRBNQd1bmkwNEE2B3VuaTA0QTcHdW5pMDRBOAd1bmkwNEE5B3VuaTA0QUEHdW5pMDRBQgd1bmkwNEFDB3VuaTA0QUQHdW5pMDRBRQd1bmkwNEFGB3VuaTA0QjAHdW5pMDRCMQd1bmkwNEIyB3VuaTA0QjMHdW5pMDRCNAd1bmkwNEI1B3VuaTA0QjYHdW5pMDRCNwd1bmkwNEI4B3VuaTA0QjkHdW5pMDRCQQd1bmkwNEJCB3VuaTA0QkMHdW5pMDRCRAd1bmkwNEJFB3VuaTA0QkYLdW5pMDRDMC5hbHQHdW5pMDRDMQd1bmkwNEMyB3VuaTA0QzMHdW5pMDRDNAd1bmkwNEM1B3VuaTA0QzYHdW5pMDRDNwd1bmkwNEM4B3VuaTA0QzkHdW5pMDRDQQd1bmkwNENCB3VuaTA0Q0MHdW5pMDRDRAd1bmkwNENFC3VuaTA0Q0YuYWx0B3VuaTA0RDAHdW5pMDREMQd1bmkwNEQyB3VuaTA0RDMHdW5pMDRENAd1bmkwNEQ1B3VuaTA0RDYHdW5pMDRENwd1bmkwNEQ4B3VuaTA0RDkHdW5pMDREQQd1bmkwNERCB3VuaTA0REMHdW5pMDRERAd1bmkwNERFB3VuaTA0REYHdW5pMDRFMAd1bmkwNEUxB3VuaTA0RTIHdW5pMDRFMwd1bmkwNEU0B3VuaTA0RTUHdW5pMDRFNgd1bmkwNEU3B3VuaTA0RTgHdW5pMDRFOQd1bmkwNEVBB3VuaTA0RUIHdW5pMDRFQwd1bmkwNEVEB3VuaTA0RUUHdW5pMDRFRgd1bmkwNEYwB3VuaTA0RjEHdW5pMDRGMgd1bmkwNEYzB3VuaTA0RjQHdW5pMDRGNQd1bmkwNEY2B3VuaTA0RjcHdW5pMDRGOAd1bmkwNEY5B3VuaTA0RkEHdW5pMDRGQgd1bmkwNEZDB3VuaTA0RkQHdW5pMDRGRQd1bmkwNEZGB3VuaTA1MDAHdW5pMDUwMQd1bmkwNTAyB3VuaTA1MDMHdW5pMDUwNAd1bmkwNTA1B3VuaTA1MDYHdW5pMDUwNwd1bmkwNTA4B3VuaTA1MDkHdW5pMDUwQQd1bmkwNTBCB3VuaTA1MEMHdW5pMDUwRAd1bmkwNTBFB3VuaTA1MEYHdW5pMDUxMAd1bmkwNTExB3VuaTA1MTIHdW5pMDUxMwd1bmkxRUEwB3VuaTFFQTEHdW5pMUVBMgd1bmkxRUEzB3VuaTFFQTQHdW5pMUVBNQd1bmkxRUE2B3VuaTFFQTcHdW5pMUVBOAd1bmkxRUE5B3VuaTFFQUEHdW5pMUVBQgd1bmkxRUFDB3VuaTFFQUQHdW5pMUVBRQd1bmkxRUFGB3VuaTFFQjAHdW5pMUVCMQd1bmkxRUIyB3VuaTFFQjMHdW5pMUVCNAd1bmkxRUI1B3VuaTFFQjYHdW5pMUVCNwd1bmkxRUI4B3VuaTFFQjkHdW5pMUVCQQd1bmkxRUJCB3VuaTFFQkMHdW5pMUVCRAd1bmkxRUJFB3VuaTFFQkYHdW5pMUVDMAd1bmkxRUMxB3VuaTFFQzIHdW5pMUVDMwd1bmkxRUM0B3VuaTFFQzUHdW5pMUVDNgd1bmkxRUM3C3VuaTFFQzguYWx0B3VuaTFFQzkLdW5pMUVDQS5hbHQHdW5pMUVDQgd1bmkxRUNDB3VuaTFFQ0QHdW5pMUVDRQd1bmkxRUNGB3VuaTFFRDAHdW5pMUVEMQd1bmkxRUQyB3VuaTFFRDMHdW5pMUVENAd1bmkxRUQ1B3VuaTFFRDYHdW5pMUVENwd1bmkxRUQ4B3VuaTFFRDkHdW5pMUVEQQd1bmkxRURCB3VuaTFFREMHdW5pMUVERAd1bmkxRURFB3VuaTFFREYHdW5pMUVFMAd1bmkxRUUxB3VuaTFFRTIHdW5pMUVFMwd1bmkxRUU0B3VuaTFFRTUHdW5pMUVFNgd1bmkxRUU3B3VuaTFFRTgHdW5pMUVFOQd1bmkxRUVBB3VuaTFFRUIHdW5pMUVFQwd1bmkxRUVEB3VuaTFFRUUHdW5pMUVFRgd1bmkxRUYwB3VuaTFFRjEHdW5pMUVGNAd1bmkxRUY1B3VuaTFFRjYHdW5pMUVGNwd1bmkxRUY4B3VuaTFFRjkHdW5pMjBBQgd1bmkwMzBGE2NpcmN1bWZsZXhhY3V0ZWNvbWITY2lyY3VtZmxleGdyYXZlY29tYhJjaXJjdW1mbGV4aG9va2NvbWITY2lyY3VtZmxleHRpbGRlY29tYg5icmV2ZWFjdXRlY29tYg5icmV2ZWdyYXZlY29tYg1icmV2ZWhvb2tjb21iDmJyZXZldGlsZGVjb21iEGN5cmlsbGljaG9va2xlZnQRY3lyaWxsaWNiaWdob29rVUMRY3lyaWxsaWNiaWdob29rTEMIb25lLnBudW0HemVyby5vcwZvbmUub3MGdHdvLm9zCHRocmVlLm9zB2ZvdXIub3MHZml2ZS5vcwZzaXgub3MIc2V2ZW4ub3MIZWlnaHQub3MHbmluZS5vcwJmZgd1bmkyMTIwCFRjZWRpbGxhCHRjZWRpbGxhBWcuYWx0D2djaXJjdW1mbGV4LmFsdApnYnJldmUuYWx0CGdkb3QuYWx0EGdjb21tYWFjY2VudC5hbHQGSXRpbGRlB0ltYWNyb24GSWJyZXZlB0lvZ29uZWsCSUoJSW90YXRvbm9zBElvdGEMSW90YWRpZXJlc2lzCWFmaWkxMDA1NQlhZmlpMTAwNTYHdW5pMDRDMAd1bmkwNENGB3VuaTFFQzgHdW5pMUVDQQAAAQACAAgACv//AA8AAQAAAAwAAAAAAAAAAgAFAAACNQABAjcCNwABAjsCWwABAl0DdgABA4IDqQABAAAAAQAAAAoADAAOAAAAAAAAAAEAAAAKAG4BWgABbGF0bgAIABAAAk1PTCAAKFJPTSAAQgAA//8ACQADAAgACwAAAA4AEQAUABcAGgAA//8ACgAEAAYACQAMAAEADwASABUAGAAbAAD//wAKAAUABwAKAA0AAgAQABMAFgAZABwAHWxpZ2EAsGxpZ2EAsGxpZ2EAsGxudW0AtmxudW0AtmxudW0AtmxvY2wAvGxvY2wAvG9udW0Awm9udW0Awm9udW0AwnBudW0AynBudW0AynBudW0AynNhbHQA0HNhbHQA0HNhbHQA0HNzMDEA0HNzMDEA0HNzMDEA0HNzMDIA2HNzMDIA2HNzMDIA2HNzMDMA3nNzMDMA3nNzMDMA3nRudW0A5HRudW0A5HRudW0A5AAAAAEACQAAAAEABwAAAAEACAAAAAIAAgADAAAAAQAEAAAAAgAAAAEAAAABAAAAAAABAAEAAAACAAUABgAKABYAPAB8AJQAzADgAO4BAgEuAVAAAQAAAAEACAACABAABQORA5IDkwOUA5UAAQAFAEoA3wDhAOMA5QABAAAAAQAIAAIALgAUACwAjgCPAJAAkQDqAOwA7gDwAPIA9AFaAWcBdwGhAaICyQLYA0UDRwACAAEDlgOpAAAAAQAAAAEACAABAAYDcAACAAEAEwAcAAAAAQAAAAEACAACABoACgODA4UDhgOHA4gDiQOKA4sDjAOEAAIAAwATABMAAAAVABwAAQOCA4IACQABAAAAAQAIAAEABgNuAAEAAQAUAAEAAAABAAgAAQA8/JAAAQAAAAEACAABAAb8kgABAAEDggABAAAAAQAIAAIAGgAKABMDggAVABYAFwAYABkAGgAbABwAAgABA4MDjAAAAAEAAAABAAgAAgAOAAQDjwOQASABIQABAAQBJAElAUkBSgAEAAAAAQAIAAEANgABAAgABQAMABQAHAAiACgCXgADAEkATwJdAAMASQBMA40AAgBJAjUAAgBPAjQAAgBMAAEAAQBJAAA=) format('truetype');
    font-weight: 700;
    font-style: normal;
}
.tcb-extenstion-1DddJd p {
    font-size: 12px;
}
.topcashback-serp-uk-3bhGFz {
    display: flex;
    align-items: center;
    height: 22px;
    line-height: 22px;
    text-decoration: none !important;
    cursor: pointer;
    margin-bottom: 10px;
}
.topcashback-serp-uk__icon-83cVpI {
    height: 22px;
    width: 22px;
    margin-right: 10px;
    background-size: cover;
    background-repeat: no-repeat;
    background-image: url(data:image/svg+xml;base64,PHN2ZyB3aWR0aD0iNzUiIGhlaWdodD0iNjMiIHZpZXdCb3g9IjAgMCA3NSA2MyIgZmlsbD0ibm9uZSIgeG1sbnM9Imh0dHA6Ly93d3cudzMub3JnLzIwMDAvc3ZnIj4KPGcgY2xpcC1wYXRoPSJ1cmwoI2NsaXAwXzFfMzIpIj4KPHBhdGggZD0iTTI5LjcyIDMxLjA3TDMwLjAyIDI5Ljg3QzMwLjEzODEgMjkuNjQ0OCAzMC4yMzg0IDI5LjQxMDggMzAuMzIgMjkuMTdDMzguMzIgMTguNzcgNDkuNDIgMTguNjcgNjEuNTIgMjAuOTdDNjUuOTMwNSAyMS44Mzg1IDcwLjIyNTcgMjMuMjE0MyA3NC4zMiAyNS4wN0M3NC41MiAyNS4xNyA3NC41MiAyNS42NyA3NC4xMiAyNS41N0M2My4yMiAyMi4wNyA1NC44MiAyMy40NyA0OC42MiAyNi4wN0M0NC41MzIyIDI3LjY3MiA0MC45MTkgMzAuMjg3MyAzOC4xMiAzMy42N0MzMy44MiAzNS41NyAyOS42MiAzMy45NyAyOS43MiAzMS4wN1oiIGZpbGw9IiNFRDFCNUIiLz4KPHBhdGggZD0iTTE1LjcyIDAuNzY5OTkyQzE1LjUyIC0wLjAzMDAwODEgMTYuOTIgLTAuNDMwMDA4IDE4LjEyIDAuNjY5OTkyQzI0LjUyIDYuMDY5OTkgMzAuNTIgMTguODcgMzYuMDIgMTYuODdDMzQuNjIgMTguMDcgMzMuMjIgMTguODcgMzEuNzIgMTguNTdDMjguNDIgMTcuNjcgMjMuNzIgMTUuMTcgMTguNzIgMTIuNDdDMTcuNDU0NyA4LjY0Mjg3IDE2LjQ1MjMgNC43MzM3NyAxNS43MiAwLjc2OTk5MlYwLjc2OTk5MloiIGZpbGw9IiMxREZDNTEiLz4KPHBhdGggZD0iTTMxLjYyIDYyLjA3QzI1LjMyIDU0LjQ3IDIyLjYyIDQ0LjI3IDI3LjQyIDMzLjU3QzI2Ljk2MjQgMzQuNzQwMyAyNi41OTQ3IDM1Ljk0MzggMjYuMzIgMzcuMTdDMjQuNzIgNDUuNDcgMzEuNTIgNTMuNjcgMzcuNTIgNTUuMzdDMzcuODIgNTUuNDcgMzcuODIgNTUuNzcgMzcuNTIgNTUuOTdDMzYuMzc4NCA1Ni4yOTczIDM1LjMzODkgNTYuOTA5NSAzNC40OTkyIDU3Ljc0OTJDMzMuNjU5NSA1OC41ODg5IDMzLjA0NzIgNTkuNjI4NSAzMi43MiA2MC43N0MzMi42MzcxIDYxLjE2NDMgMzIuNjAzNiA2MS41Njc0IDMyLjYyIDYxLjk3QzMyLjYyIDYyLjQ3IDMyLjAyIDYyLjU3IDMxLjYyIDYyLjA3WiIgZmlsbD0idXJsKCNwYWludDBfbGluZWFyXzFfMzIpIi8+CjxwYXRoIGQ9Ik0zMC4wMiAyOS43N0wzMC4zMiAyOS4xN0MzOC4zMiAxOC42NyA0OS40MiAxOC41NyA2MS41MiAyMC45N0M2MS44MiAyMS4wNyA2Mi4yMiAyMS4wNyA2Mi41MiAyMS4xN0M2Mi44MiAyMS4yNyA2My4wMiAyMS4yNyA2My4zMiAyMS4zN0M1My4wMiAyMC4xNyAzOS43MiAyMi4zNyAzNC42MiAzNC40N0MzMS4zMiAzNC40NyAyOC45MiAzMi40NyAzMC4wMiAyOS43N1oiIGZpbGw9InVybCgjcGFpbnQxX2xpbmVhcl8xXzMyKSIvPgo8cGF0aCBkPSJNMjkuODIgMjkuODdDMjkuOTIgMjkuNjcgMzAuMjIgMjkuMzcgMzAuMjIgMjkuMTdDMzguMjIgMTguNjcgNDkuMzIgMTguNTcgNjEuNDIgMjAuOTdDNjEuNzIgMjEuMDcgNjIuMTIgMjEuMDcgNjIuNDIgMjEuMTdDNjIuNzIgMjEuMjcgNjIuOTIgMjEuMjcgNjMuMjIgMjEuMzdDNTIuOTIgMjAuMTcgMzkuNjIgMjIuMzcgMzQuNTIgMzQuNDdDMzEuMzIgMzQuNDcgMjguNzIgMzIuNTcgMjkuODIgMjkuODdaIiBmaWxsPSJ1cmwoI3BhaW50Ml9saW5lYXJfMV8zMikiLz4KPHBhdGggb3BhY2l0eT0iMC4zIiBkPSJNMjYuMjIgMzIuNTdDMjIuNzIgMzAuNTcgMTIuMjIgMjMuNTcgMC40MjAwMTMgNi4wNzAwMUM1LjMyMDAxIDcuOTcwMDEgMzQuMTIgMjEuNzcgMjcuNTIgMzMuMjdIMjcuMjJDMjcuMjA2OSAzMy4yNyAyNy4xOTM5IDMzLjI2NzQgMjcuMTgxNyAzMy4yNjI0QzI3LjE2OTYgMzMuMjU3NCAyNy4xNTg2IDMzLjI1IDI3LjE0OTMgMzMuMjQwN0MyNy4xNCAzMy4yMzE0IDI3LjEzMjcgMzMuMjIwNCAyNy4xMjc2IDMzLjIwODNDMjcuMTIyNiAzMy4xOTYxIDI3LjEyIDMzLjE4MzEgMjcuMTIgMzMuMTdIMjcuMDJDMjYuOTkzNSAzMy4xNyAyNi45NjgxIDMzLjE1OTUgMjYuOTQ5MyAzMy4xNDA3QzI2LjkzMDUgMzMuMTIyIDI2LjkyIDMzLjA5NjUgMjYuOTIgMzMuMDdWMzMuMDdDMjYuODIgMzIuOTcgMjYuNzIgMzIuOTcgMjYuNjIgMzIuODdDMjYuNDIgMzIuNjcgMjYuMzIgMzIuNjcgMjYuMjIgMzIuNTdWMzIuNTdaIiBmaWxsPSJ1cmwoI3BhaW50M19saW5lYXJfMV8zMikiLz4KPHBhdGggb3BhY2l0eT0iMC4zIiBkPSJNMjYuMjIgMzIuNTdDMjIuNzIgMzAuNTcgMTIuMjIgMjMuNTcgMC40MjAwMTMgNi4wNzAwMUM1LjMyMDAxIDcuOTcwMDEgMzQuMTIgMjEuNzcgMjcuNTIgMzMuMjdIMjcuMjJDMjcuMjA2OSAzMy4yNyAyNy4xOTM5IDMzLjI2NzQgMjcuMTgxNyAzMy4yNjI0QzI3LjE2OTYgMzMuMjU3NCAyNy4xNTg2IDMzLjI1IDI3LjE0OTMgMzMuMjQwN0MyNy4xNCAzMy4yMzE0IDI3LjEzMjcgMzMuMjIwNCAyNy4xMjc2IDMzLjIwODNDMjcuMTIyNiAzMy4xOTYxIDI3LjEyIDMzLjE4MzEgMjcuMTIgMzMuMTdIMjcuMDJDMjYuOTkzNSAzMy4xNyAyNi45NjgxIDMzLjE1OTUgMjYuOTQ5MyAzMy4xNDA3QzI2LjkzMDUgMzMuMTIyIDI2LjkyIDMzLjA5NjUgMjYuOTIgMzMuMDdWMzMuMDdDMjYuODIgMzIuOTcgMjYuNzIgMzIuOTcgMjYuNjIgMzIuODdDMjYuNDIgMzIuNjcgMjYuMzIgMzIuNjcgMjYuMjIgMzIuNTdWMzIuNTdaIiBmaWxsPSJ1cmwoI3BhaW50NF9saW5lYXJfMV8zMikiLz4KPHBhdGggb3BhY2l0eT0iMC4zIiBkPSJNMjYuMjIgMzIuNTdDMjIuNzIgMzAuNTcgMTIuMjIgMjMuNTcgMC40MjAwMTMgNi4wNzAwMUM1LjMyMDAxIDcuOTcwMDEgMzQuMTIgMjEuNzcgMjcuNTIgMzMuMjdIMjcuMjJDMjcuMjA2OSAzMy4yNyAyNy4xOTM5IDMzLjI2NzQgMjcuMTgxNyAzMy4yNjI0QzI3LjE2OTYgMzMuMjU3NCAyNy4xNTg2IDMzLjI1IDI3LjE0OTMgMzMuMjQwN0MyNy4xNCAzMy4yMzE0IDI3LjEzMjcgMzMuMjIwNCAyNy4xMjc2IDMzLjIwODNDMjcuMTIyNiAzMy4xOTYxIDI3LjEyIDMzLjE4MzEgMjcuMTIgMzMuMTdIMjcuMDJDMjYuOTkzNSAzMy4xNyAyNi45NjgxIDMzLjE1OTUgMjYuOTQ5MyAzMy4xNDA3QzI2LjkzMDUgMzMuMTIyIDI2LjkyIDMzLjA5NjUgMjYuOTIgMzMuMDdWMzMuMDdDMjYuODIgMzIuOTcgMjYuNzIgMzIuOTcgMjYuNjIgMzIuODdDMjYuNDIgMzIuNjcgMjYuMzIgMzIuNjcgMjYuMjIgMzIuNTdWMzIuNTdaIiBmaWxsPSJ1cmwoI3BhaW50NV9saW5lYXJfMV8zMikiLz4KPHBhdGggZD0iTTMyLjkyIDUyLjk3QzMyLjgyIDUyLjg3IDMyLjcyIDUyLjc3IDMyLjYyIDUyLjc3QzMyLjUyIDUyLjc3IDMyLjQyIDUyLjY3IDMyLjQyIDUyLjU3QzMyLjQyIDUyLjQ3IDMyLjIyIDUyLjM3IDMyLjEyIDUyLjM3QzMyLjAyIDUyLjM3IDMxLjkyIDUyLjI3IDMxLjkyIDUyLjE3TDMxLjYyIDUxLjg3TDMxLjMyIDUxLjU3TDMwLjkyIDUxLjE3QzMwLjgyIDUxLjA3IDMwLjgyIDUwLjk3IDMwLjcyIDUwLjk3TDMwLjQyIDUwLjY3QzMwLjMyIDUwLjU3IDMwLjMyIDUwLjQ3IDMwLjIyIDUwLjM3QzMwLjEyIDUwLjI3IDMwLjAyIDUwLjE3IDMwLjAyIDUwLjA3QzMwLjAyIDQ5Ljk3IDI5LjkyIDQ5Ljg3IDI5LjgyIDQ5Ljc3QzI5LjcyIDQ5LjY3IDI5LjcyIDQ5LjU3IDI5LjYyIDQ5LjQ3QzI5LjUyIDQ5LjM3IDI5LjUyIDQ5LjI3IDI5LjQyIDQ5LjE3QzI5LjMyIDQ5LjA3IDI5LjMyIDQ4Ljk3IDI5LjIyIDQ4Ljg3QzI5LjEyIDQ4Ljc3IDI5LjEyIDQ4LjY3IDI5LjAyIDQ4LjU3QzI4LjkyIDQ4LjQ3IDI4LjkyIDQ4LjM3IDI4LjgyIDQ4LjI3QzI4LjcyIDQ4LjE3IDI4LjcyIDQ4LjA3IDI4LjYyIDQ3Ljk3QzI4LjUyIDQ3Ljg3IDI4LjUyIDQ3Ljc3IDI4LjQyIDQ3LjY3QzI4LjMyIDQ3LjU3IDI4LjMyIDQ3LjQ3IDI4LjIyIDQ3LjM3QzI4LjEyIDQ3LjI3IDI4LjEyIDQ3LjE3IDI4LjAyIDQ3LjA3QzI3LjkyIDQ2Ljk3IDI3LjkyIDQ2Ljg3IDI3LjgyIDQ2Ljc3QzI3Ljc4MjIgNDYuNzMwNSAyNy43NTM2IDQ2LjY4MzEgMjcuNzM2MyA0Ni42MzEyQzI3LjcxOSA0Ni41NzkzIDI3LjcxMzUgNDYuNTI0MyAyNy43MiA0Ni40N0MyNy42MiA0Ni4zNyAyNy42MiA0Ni4yNyAyNy41MiA0Ni4wN0MyNy40MiA0NS44NyAyNy40MiA0NS44NyAyNy40MiA0NS43N0MyNy40MiA0NS42NyAyNy4zMiA0NS40NyAyNy4yMiA0NS4zN0MyNy4yMDk0IDQ1LjI5NDIgMjcuMTc0MyA0NS4yMjM5IDI3LjEyIDQ1LjE3QzI2LjkwODYgNDQuNjg2IDI2Ljc0MTMgNDQuMTg0IDI2LjYyIDQzLjY3QzI2LjYyNjUgNDMuNjE1NyAyNi42MjA5IDQzLjU2MDcgMjYuNjAzNyA0My41MDg4QzI2LjU4NjQgNDMuNDU2OSAyNi41NTc4IDQzLjQwOTUgMjYuNTIgNDMuMzdDMjYuNTIgNDMuMjcgMjYuNDIgNDMuMDcgMjYuNDIgNDIuOTdDMjYuNDI2NSA0Mi45MTU3IDI2LjQyMDkgNDIuODYwNyAyNi40MDM3IDQyLjgwODhDMjYuMzg2NCA0Mi43NTY5IDI2LjM1NzggNDIuNzA5NSAyNi4zMiA0Mi42N0MyNi4zMiA0Mi41NyAyNi4yMiA0Mi4zNyAyNi4yMiA0Mi4yN0MyNi4yMjY1IDQyLjIxNTcgMjYuMjIwOSA0Mi4xNjA2IDI2LjIwMzcgNDIuMTA4OEMyNi4xODY0IDQyLjA1NjkgMjYuMTU3OCA0Mi4wMDk1IDI2LjEyIDQxLjk3QzI2LjEzNSA0MS44MjkgMjYuMDk5NSA0MS42ODczIDI2LjAyIDQxLjU3VjM5LjQ3QzI2LjA0MTUgMzguNzMzMyAyNi4xMDgzIDM3Ljk5ODUgMjYuMjIgMzcuMjdDMjYuNDQ3IDM2LjA3NTUgMjYuNzgxNyAzNC45MDQxIDI3LjIyIDMzLjc3QzI3LjMyIDMzLjY3IDI3LjMyIDMzLjQ3IDI3LjQyIDMzLjM3QzI3LjUyIDMzLjI3IDE0LjcyIDI3LjY3IDAuMTE5OTg2IDUuODdDLTAuNDgwMDE0IDQuODcgMS4zMTk5OSA0LjQ3IDIuMjE5OTkgNC43N0MxMS4wMiA3LjA3IDI0LjUyIDE2LjY3IDMxLjcyIDE4LjQ3QzM4LjIyIDIwLjE3IDQxLjkyIDAuMDY5OTk1OSA1Ni4zMiAxNi43N0M1Ny4wMiAxNy41NyA1Ny41MiAxOC4xNyA1OC4wMiAxOC42N0M1OC41MiAxOS4xNyA1OC4yMiAxOS4yNyA1Ny43MiAxOS4xN0M1NS43OTM5IDE4LjU5MTUgNTMuODE5IDE4LjE4OTggNTEuODIgMTcuOTdWMTcuOTdDNTEuNDIgMTcuOTcgNTEuNDIgMTcuODcgNTEuMzIgMTcuNTdDNTEuMDc5IDE3LjIxODkgNTAuNzQ2NyAxNi45NDAyIDUwLjM1OTEgMTYuNzY0QzQ5Ljk3MTQgMTYuNTg3OCA0OS41NDMgMTYuNTIwNyA0OS4xMiAxNi41N0M0OC42OTgyIDE2LjUzMzMgNDguMjc0MSAxNi42MDYgNDcuODg4NyAxNi43ODEyQzQ3LjUwMzMgMTYuOTU2NCA0Ny4xNjk3IDE3LjIyODEgNDYuOTIgMTcuNTdDNDYuODIgMTcuODcgNDYuNzIgMTcuODcgNDYuNTIgMTcuOTdDNDAuMzIgMTguNDcgMzMuNTIgMjEuMjcgMzAuMDIgMjkuNzdDMjguNTIgMzMuMzcgMzMuNjIgMzUuMjcgMzguOTIgMzIuNjdDMzYuMzQxNyAzNS42NTA0IDM0LjQ2MjUgMzkuMTY5NiAzMy40MiA0Mi45N0MzMy4xMDYgNDQuMDQ2MiAzMi45MDQ5IDQ1LjE1MjIgMzIuODIgNDYuMjdDMzIuNzAwMSA0Ny4yMzIzIDMyLjYzMzQgNDguMjAwNCAzMi42MiA0OS4xN0MzMi42MTY1IDUwLjQ0MjcgMzIuNzE2OCA1MS43MTM2IDMyLjkyIDUyLjk3VjUyLjk3WiIgZmlsbD0idXJsKCNwYWludDZfbGluZWFyXzFfMzIpIi8+CjxwYXRoIG9wYWNpdHk9IjAuMyIgZD0iTTI2LjIyIDMyLjU3QzIyLjcyIDMwLjU3IDEyLjIyIDIzLjU3IDAuNDIwMDEzIDYuMDcwMDFDNS4zMjAwMSA3Ljk3MDAxIDM0LjEyIDIxLjc3IDI3LjUyIDMzLjI3SDI3LjIyQzI3LjIwNjkgMzMuMjcgMjcuMTkzOSAzMy4yNjc0IDI3LjE4MTcgMzMuMjYyNEMyNy4xNjk2IDMzLjI1NzQgMjcuMTU4NiAzMy4yNSAyNy4xNDkzIDMzLjI0MDdDMjcuMTQgMzMuMjMxNCAyNy4xMzI3IDMzLjIyMDQgMjcuMTI3NiAzMy4yMDgzQzI3LjEyMjYgMzMuMTk2MSAyNy4xMiAzMy4xODMxIDI3LjEyIDMzLjE3SDI3LjAyQzI2Ljk5MzUgMzMuMTcgMjYuOTY4MSAzMy4xNTk1IDI2Ljk0OTMgMzMuMTQwN0MyNi45MzA1IDMzLjEyMiAyNi45MiAzMy4wOTY1IDI2LjkyIDMzLjA3VjMzLjA3QzI2LjgyIDMyLjk3IDI2LjcyIDMyLjk3IDI2LjYyIDMyLjg3QzI2LjQyIDMyLjY3IDI2LjMyIDMyLjY3IDI2LjIyIDMyLjU3VjMyLjU3WiIgZmlsbD0idXJsKCNwYWludDdfbGluZWFyXzFfMzIpIi8+CjxwYXRoIG9wYWNpdHk9IjAuMyIgZD0iTTI2LjIyIDMyLjU3QzIyLjcyIDMwLjU3IDEyLjIyIDIzLjU3IDAuNDIwMDEzIDYuMDcwMDFDNS4zMjAwMSA3Ljk3MDAxIDM0LjEyIDIxLjc3IDI3LjUyIDMzLjI3SDI3LjIyQzI3LjIwNjkgMzMuMjcgMjcuMTkzOSAzMy4yNjc0IDI3LjE4MTcgMzMuMjYyNEMyNy4xNjk2IDMzLjI1NzQgMjcuMTU4NiAzMy4yNSAyNy4xNDkzIDMzLjI0MDdDMjcuMTQgMzMuMjMxNCAyNy4xMzI3IDMzLjIyMDQgMjcuMTI3NiAzMy4yMDgzQzI3LjEyMjYgMzMuMTk2MSAyNy4xMiAzMy4xODMxIDI3LjEyIDMzLjE3SDI3LjAyQzI2Ljk5MzUgMzMuMTcgMjYuOTY4MSAzMy4xNTk1IDI2Ljk0OTMgMzMuMTQwN0MyNi45MzA1IDMzLjEyMiAyNi45MiAzMy4wOTY1IDI2LjkyIDMzLjA3VjMzLjA3QzI2LjgyIDMyLjk3IDI2LjcyIDMyLjk3IDI2LjYyIDMyLjg3QzI2LjQyIDMyLjY3IDI2LjMyIDMyLjY3IDI2LjIyIDMyLjU3VjMyLjU3WiIgZmlsbD0idXJsKCNwYWludDhfbGluZWFyXzFfMzIpIi8+CjxwYXRoIG9wYWNpdHk9IjAuMyIgZD0iTTI2LjIyIDMyLjU3QzIyLjcyIDMwLjU3IDEyLjIyIDIzLjU3IDAuNDIwMDEzIDYuMDcwMDFDNS4zMjAwMSA3Ljk3MDAxIDMwLjYyIDI0LjU3IDI3LjUyIDMzLjI3SDI3LjIyQzI3LjIwNjkgMzMuMjcgMjcuMTkzOSAzMy4yNjc0IDI3LjE4MTcgMzMuMjYyNEMyNy4xNjk2IDMzLjI1NzQgMjcuMTU4NiAzMy4yNSAyNy4xNDkzIDMzLjI0MDdDMjcuMTQgMzMuMjMxNCAyNy4xMzI3IDMzLjIyMDQgMjcuMTI3NiAzMy4yMDgzQzI3LjEyMjYgMzMuMTk2MSAyNy4xMiAzMy4xODMxIDI3LjEyIDMzLjE3SDI3LjAyQzI2Ljk5MzUgMzMuMTcgMjYuOTY4MSAzMy4xNTk1IDI2Ljk0OTMgMzMuMTQwN0MyNi45MzA1IDMzLjEyMiAyNi45MiAzMy4wOTY1IDI2LjkyIDMzLjA3VjMzLjA3QzI2LjgyIDMyLjk3IDI2LjcyIDMyLjk3IDI2LjYyIDMyLjg3QzI2LjQyIDMyLjY3IDI2LjMyIDMyLjY3IDI2LjIyIDMyLjU3VjMyLjU3WiIgZmlsbD0idXJsKCNwYWludDlfbGluZWFyXzFfMzIpIi8+CjxwYXRoIGQ9Ik01OC4wMiAxOC43N0M1Ny41MiAxOC4yNyA1Ni45MiAxNy41NyA1Ni4yMiAxNi44N0M0Ni4wMiA0Ljg2OTk5IDQxLjIyIDExLjY3IDM2LjkyIDE1Ljk3TDM2LjYyIDE2LjI3QzM1LjgzNDIgMTcuMTQ3NiAzNC44ODI2IDE3Ljg2MTMgMzMuODIgMTguMzdWMTguMzdDMzMuNzkzNSAxOC4zNyAzMy43NjgxIDE4LjM4MDUgMzMuNzQ5MyAxOC4zOTkzQzMzLjczMDYgMTguNDE4IDMzLjcyIDE4LjQ0MzUgMzMuNzIgMTguNDdDMzMuNjIgMTguNDcgMzMuNjIgMTguNDcgMzMuNTIgMTguNTdIMzEuOTJDMzguMjIgMTkuMjcgNDIuMTIgNC4zNyA1Ny40MiAxOS4xN0g1Ny43MkM1OC4zMiAxOS4yNyA1OC4zMiAxOS4wNyA1OC4wMiAxOC43N1oiIGZpbGw9InVybCgjcGFpbnQxMF9saW5lYXJfMV8zMikiLz4KPHBhdGggZD0iTTU3LjgyIDE5LjI3QzU3LjYxNTIgMTkuMjE4NiA1Ny40MTQ2IDE5LjE1MTggNTcuMjIgMTkuMDdINTcuMDJDNTUuMjYgMTguNTQ4MiA1My40NTAxIDE4LjIxMyA1MS42MiAxOC4wN1YxOC4wN0M1MS4xMiAxOC4wNyA1MS4zMiAxNy45NyA1MS4xMiAxNy42N0M1MC44NzkgMTcuMzE4OSA1MC41NDY4IDE3LjA0MDIgNTAuMTU5MSAxNi44NjRDNDkuNzcxNCAxNi42ODc4IDQ5LjM0MyAxNi42MjA3IDQ4LjkyIDE2LjY3QzQ4LjQ5OTUgMTYuNjQ0NCA0OC4wNzkyIDE2LjcyMjIgNDcuNjk1NyAxNi44OTY1QzQ3LjMxMjIgMTcuMDcwOCA0Ni45NzcyIDE3LjMzNjQgNDYuNzIgMTcuNjdDNDYuNjIgMTcuOTcgNDYuNTIgMTcuOTcgNDYuMzIgMTguMDdDNDAuMjIgMTguNTcgMzMuNjIgMjEuMjcgMzAuMTIgMjkuMjdDMzguMTIgMTguODcgNDkuMjIgMTguNzcgNjEuMzIgMjEuMDdDNjIuMTIgMjEuMjcgNjMuMDIgMjEuNDcgNjQuMTIgMjEuNjdMNTcuODIgMTkuMjdaIiBmaWxsPSJ3aGl0ZSIvPgo8cGF0aCBvcGFjaXR5PSIwLjgiIGQ9Ik0xNi4xMiAzLjA2OTk5QzE2LjEyIDIuNzY5OTkgMTYuMDIgMi40Njk5OSAxNi4wMiAyLjI2OTk5QzI2LjEyIDEwLjM3IDI5LjIyIDIxLjM3IDM2LjAyIDE2Ljg3QzM0LjYyIDE4LjA3IDMzLjMyIDE4Ljg3IDMxLjcyIDE4LjQ3QzI4LjQyIDE3LjU3IDIzLjcyIDE1LjA3IDE4LjcyIDEyLjM3QzE3LjY3NzEgOS4zMjE5OSAxNi44MDkgNi4yMTY5NCAxNi4xMiAzLjA2OTk5VjMuMDY5OTlaIiBmaWxsPSJ1cmwoI3BhaW50MTFfbGluZWFyXzFfMzIpIi8+CjxwYXRoIG9wYWNpdHk9IjAuOCIgZD0iTTE2LjEyIDMuMDY5OTlDMTYuMTIgMi43Njk5OSAxNi4wMiAyLjQ2OTk5IDE2LjAyIDIuMjY5OTlDMjYuMTIgMTAuMzcgMjkuMjIgMjEuMzcgMzYuMDIgMTYuODdDMzQuNjIgMTguMDcgMzMuMzIgMTguODcgMzEuNzIgMTguNDdDMjguNDIgMTcuNTcgMjMuNzIgMTUuMDcgMTguNzIgMTIuMzdDMTcuNjc3MSA5LjMyMTk5IDE2LjgwOSA2LjIxNjk0IDE2LjEyIDMuMDY5OTlWMy4wNjk5OVoiIGZpbGw9InVybCgjcGFpbnQxMl9saW5lYXJfMV8zMikiLz4KPHBhdGggZD0iTTM3LjQyIDU1Ljk3QzM1Ljc0MTYgNTYuNTA5IDM0LjI5NiA1Ny42MDIgMzMuMzIgNTkuMDdDMzAuNzgxNiA1Ni40NjY5IDI4LjgxOTcgNTMuMzU4NiAyNy41NjIgNDkuOTQ3MkMyNi4zMDQzIDQ2LjUzNTggMjUuNzc4OSA0Mi44OTc5IDI2LjAyIDM5LjI3VjM5LjI3QzI1LjcyIDQ2Ljg3IDMxLjkyIDUzLjg3IDM3LjUyIDU1LjM3QzM3LjgyIDU1LjQ3IDM3LjgyIDU1Ljc3IDM3LjQyIDU1Ljk3WiIgZmlsbD0idXJsKCNwYWludDEzX2xpbmVhcl8xXzMyKSIvPgo8L2c+CjxkZWZzPgo8bGluZWFyR3JhZGllbnQgaWQ9InBhaW50MF9saW5lYXJfMV8zMiIgeDE9IjI2Ljk3MDIiIHkxPSI0MS4yODA2IiB4Mj0iMzUuMzk5MSIgeTI9IjgxLjkzMDgiIGdyYWRpZW50VW5pdHM9InVzZXJTcGFjZU9uVXNlIj4KPHN0b3Agc3RvcC1jb2xvcj0iIzFERkM1MSIvPgo8c3RvcCBvZmZzZXQ9IjAuMiIgc3RvcC1jb2xvcj0iIzI1RDI0RSIvPgo8c3RvcCBvZmZzZXQ9IjAuNTQiIHN0b3AtY29sb3I9IiMzMzgxNDgiLz4KPHN0b3Agb2Zmc2V0PSIxIiBzdG9wLWNvbG9yPSIjMDE1OTQyIi8+CjwvbGluZWFyR3JhZGllbnQ+CjxsaW5lYXJHcmFkaWVudCBpZD0icGFpbnQxX2xpbmVhcl8xXzMyIiB4MT0iNDEuODEiIHkxPSIyMi40MiIgeDI9IjE3LjI3IiB5Mj0iLTAuNDY5OTk4IiBncmFkaWVudFVuaXRzPSJ1c2VyU3BhY2VPblVzZSI+CjxzdG9wIHN0b3AtY29sb3I9IiNFODNBOTUiLz4KPHN0b3Agb2Zmc2V0PSIwLjA4IiBzdG9wLWNvbG9yPSIjRUQ2NEFDIi8+CjxzdG9wIG9mZnNldD0iMC4yNSIgc3RvcC1jb2xvcj0iI0Y5Q0VFNSIvPgo8c3RvcCBvZmZzZXQ9IjAuMzMiIHN0b3AtY29sb3I9IndoaXRlIi8+CjwvbGluZWFyR3JhZGllbnQ+CjxsaW5lYXJHcmFkaWVudCBpZD0icGFpbnQyX2xpbmVhcl8xXzMyIiB4MT0iLTEyMzkyNSIgeTE9IjE0MDY0LjgiIHgyPSItMTIzNjQ1IiB5Mj0iMTM0NjkuNCIgZ3JhZGllbnRVbml0cz0idXNlclNwYWNlT25Vc2UiPgo8c3RvcCBzdG9wLWNvbG9yPSIjRTgzQTk1Ii8+CjxzdG9wIG9mZnNldD0iMC4wOCIgc3RvcC1jb2xvcj0iI0VENjRBQyIvPgo8c3RvcCBvZmZzZXQ9IjAuMjUiIHN0b3AtY29sb3I9IiNGOUNFRTUiLz4KPHN0b3Agb2Zmc2V0PSIwLjMzIiBzdG9wLWNvbG9yPSJ3aGl0ZSIvPgo8L2xpbmVhckdyYWRpZW50Pgo8bGluZWFyR3JhZGllbnQgaWQ9InBhaW50M19saW5lYXJfMV8zMiIgeDE9IjE3LjQ2IiB5MT0iOC44NTAwMSIgeDI9IjEzLjUxIiB5Mj0iMjEuNDQiIGdyYWRpZW50VW5pdHM9InVzZXJTcGFjZU9uVXNlIj4KPHN0b3Agb2Zmc2V0PSIwLjQ5IiBzdG9wLWNvbG9yPSIjMURGQzUxIi8+CjxzdG9wIG9mZnNldD0iMC42MyIgc3RvcC1jb2xvcj0iIzE2RDI0RCIvPgo8c3RvcCBvZmZzZXQ9IjAuOTMiIHN0b3AtY29sb3I9IiMwNDY4NDQiLz4KPHN0b3Agb2Zmc2V0PSIwLjk3IiBzdG9wLWNvbG9yPSIjMDE1OTQyIi8+CjwvbGluZWFyR3JhZGllbnQ+CjxsaW5lYXJHcmFkaWVudCBpZD0icGFpbnQ0X2xpbmVhcl8xXzMyIiB4MT0iNjIwLjY1NSIgeTE9IjI1NTQ3LjciIHgyPSIzNzIuMzQ0IiB5Mj0iMjU4MTguOSIgZ3JhZGllbnRVbml0cz0idXNlclNwYWNlT25Vc2UiPgo8c3RvcCBvZmZzZXQ9IjAuNDkiIHN0b3AtY29sb3I9IiMxREZDNTEiLz4KPHN0b3Agb2Zmc2V0PSIwLjYzIiBzdG9wLWNvbG9yPSIjMTZEMjREIi8+CjxzdG9wIG9mZnNldD0iMC45MyIgc3RvcC1jb2xvcj0iIzA0Njg0NCIvPgo8c3RvcCBvZmZzZXQ9IjAuOTciIHN0b3AtY29sb3I9IiMwMTU5NDIiLz4KPC9saW5lYXJHcmFkaWVudD4KPGxpbmVhckdyYWRpZW50IGlkPSJwYWludDVfbGluZWFyXzFfMzIiIHgxPSI1NTUuNTE1IiB5MT0iMjU2MTQuMyIgeDI9IjM0Ny4xMDEiIHkyPSIyNTg0Mi4xIiBncmFkaWVudFVuaXRzPSJ1c2VyU3BhY2VPblVzZSI+CjxzdG9wIG9mZnNldD0iMC40OSIgc3RvcC1jb2xvcj0iIzFERkM1MSIvPgo8c3RvcCBvZmZzZXQ9IjAuNjMiIHN0b3AtY29sb3I9IiMxNkQyNEQiLz4KPHN0b3Agb2Zmc2V0PSIwLjkzIiBzdG9wLWNvbG9yPSIjMDQ2ODQ0Ii8+CjxzdG9wIG9mZnNldD0iMC45NyIgc3RvcC1jb2xvcj0iIzAxNTk0MiIvPgo8L2xpbmVhckdyYWRpZW50Pgo8bGluZWFyR3JhZGllbnQgaWQ9InBhaW50Nl9saW5lYXJfMV8zMiIgeDE9IjI5Ljg2IiB5MT0iMTcuOTQiIHgyPSIzNi4yMSIgeTI9IjY2LjUxIiBncmFkaWVudFVuaXRzPSJ1c2VyU3BhY2VPblVzZSI+CjxzdG9wIHN0b3AtY29sb3I9IiMwMTU5NDIiLz4KPHN0b3Agb2Zmc2V0PSIwLjI2IiBzdG9wLWNvbG9yPSIjMDE0NjJEIi8+CjxzdG9wIG9mZnNldD0iMC44MSIgc3RvcC1jb2xvcj0iIzAwMjEwMyIvPgo8L2xpbmVhckdyYWRpZW50Pgo8bGluZWFyR3JhZGllbnQgaWQ9InBhaW50N19saW5lYXJfMV8zMiIgeDE9IjEwLjQ0IiB5MT0iMjMuOTYiIHgyPSIyMy40IiB5Mj0iOC4xOTAwMSIgZ3JhZGllbnRVbml0cz0idXNlclNwYWNlT25Vc2UiPgo8c3RvcCBzdG9wLWNvbG9yPSIjMDE1OTQyIi8+CjxzdG9wIG9mZnNldD0iMC4yOCIgc3RvcC1jb2xvcj0iIzM3OTE0NSIvPgo8c3RvcCBvZmZzZXQ9IjAuNTEiIHN0b3AtY29sb3I9IiM2MEJCNDciLz4KPC9saW5lYXJHcmFkaWVudD4KPGxpbmVhckdyYWRpZW50IGlkPSJwYWludDhfbGluZWFyXzFfMzIiIHgxPSIxMC40NCIgeTE9IjIzLjk2IiB4Mj0iMjMuNCIgeTI9IjguMTkwMDEiIGdyYWRpZW50VW5pdHM9InVzZXJTcGFjZU9uVXNlIj4KPHN0b3Agc3RvcC1jb2xvcj0iIzAxNTk0MiIvPgo8c3RvcCBvZmZzZXQ9IjAuMDQiIHN0b3AtY29sb3I9IiMwNDY4NDQiLz4KPHN0b3Agb2Zmc2V0PSIwLjM3IiBzdG9wLWNvbG9yPSIjMTZEMjREIi8+CjxzdG9wIG9mZnNldD0iMC41MSIgc3RvcC1jb2xvcj0iIzFERkM1MSIvPgo8L2xpbmVhckdyYWRpZW50Pgo8bGluZWFyR3JhZGllbnQgaWQ9InBhaW50OV9saW5lYXJfMV8zMiIgeDE9IjEyLjgzIiB5MT0iMjEuMDYiIHgyPSIyMy4xMiIgeTI9IjguNTIwMDEiIGdyYWRpZW50VW5pdHM9InVzZXJTcGFjZU9uVXNlIj4KPHN0b3Agc3RvcC1jb2xvcj0iIzAxNTk0MiIvPgo8c3RvcCBvZmZzZXQ9IjEiIHN0b3AtY29sb3I9IiM2MEJCNDciIHN0b3Atb3BhY2l0eT0iMCIvPgo8L2xpbmVhckdyYWRpZW50Pgo8bGluZWFyR3JhZGllbnQgaWQ9InBhaW50MTBfbGluZWFyXzFfMzIiIHgxPSI1Mi4zMyIgeTE9Ii0xNi41IiB4Mj0iNDQuNDIiIHkyPSIyMS43MSIgZ3JhZGllbnRVbml0cz0idXNlclNwYWNlT25Vc2UiPgo8c3RvcCBzdG9wLWNvbG9yPSIjNjBCQjQ3Ii8+CjxzdG9wIG9mZnNldD0iMC40NSIgc3RvcC1jb2xvcj0iIzM3OTE0NSIvPgo8c3RvcCBvZmZzZXQ9IjEiIHN0b3AtY29sb3I9IiMwMTU5NDIiLz4KPC9saW5lYXJHcmFkaWVudD4KPGxpbmVhckdyYWRpZW50IGlkPSJwYWludDExX2xpbmVhcl8xXzMyIiB4MT0iMjYuMDIiIHkxPSItMS4xMjU5ZS0wNSIgeDI9IjI2LjAyIiB5Mj0iMjcuMDQiIGdyYWRpZW50VW5pdHM9InVzZXJTcGFjZU9uVXNlIj4KPHN0b3Agc3RvcC1jb2xvcj0iIzFERkM1MSIvPgo8c3RvcCBvZmZzZXQ9IjAuMTkiIHN0b3AtY29sb3I9IiMxNkQyNEQiLz4KPHN0b3Agb2Zmc2V0PSIwLjYzIiBzdG9wLWNvbG9yPSIjMDQ2ODQ0Ii8+CjxzdG9wIG9mZnNldD0iMC42OCIgc3RvcC1jb2xvcj0iIzAxNTk0MiIvPgo8L2xpbmVhckdyYWRpZW50Pgo8bGluZWFyR3JhZGllbnQgaWQ9InBhaW50MTJfbGluZWFyXzFfMzIiIHgxPSIyNi4wMiIgeTE9Ii0yLjQ5MDAxIiB4Mj0iMjYuMDIiIHkyPSIyNC41NSIgZ3JhZGllbnRVbml0cz0idXNlclNwYWNlT25Vc2UiPgo8c3RvcCBzdG9wLWNvbG9yPSIjMURGQzUxIi8+CjxzdG9wIG9mZnNldD0iMC4yOCIgc3RvcC1jb2xvcj0iIzE2RDI0RCIvPgo8c3RvcCBvZmZzZXQ9IjAuOTIiIHN0b3AtY29sb3I9IiMwNDY4NDQiLz4KPHN0b3Agb2Zmc2V0PSIxIiBzdG9wLWNvbG9yPSIjMDE1OTQyIi8+CjwvbGluZWFyR3JhZGllbnQ+CjxsaW5lYXJHcmFkaWVudCBpZD0icGFpbnQxM19saW5lYXJfMV8zMiIgeDE9IjQzLjYxIiB5MT0iMzYuNiIgeDI9IjI1LjgzIiB5Mj0iNTMuMTEiIGdyYWRpZW50VW5pdHM9InVzZXJTcGFjZU9uVXNlIj4KPHN0b3Agc3RvcC1jb2xvcj0iIzAxNTk0MiIvPgo8c3RvcCBvZmZzZXQ9IjAuMDgiIHN0b3AtY29sb3I9IiMwNDY4NDQiLz4KPHN0b3Agb2Zmc2V0PSIwLjcyIiBzdG9wLWNvbG9yPSIjMTZEMjREIi8+CjxzdG9wIG9mZnNldD0iMSIgc3RvcC1jb2xvcj0iIzFERkM1MSIvPgo8L2xpbmVhckdyYWRpZW50Pgo8Y2xpcFBhdGggaWQ9ImNsaXAwXzFfMzIiPgo8cmVjdCB3aWR0aD0iNzQuNDUiIGhlaWdodD0iNjIuNCIgZmlsbD0id2hpdGUiLz4KPC9jbGlwUGF0aD4KPC9kZWZzPgo8L3N2Zz4K);
}
.topcashback-serp-uk__text-3f5JiB {
    display: inline-block;
    font-family: 'OpenSans', Helvetica, Arial, sans-serif;
    color: #F60859;
    font-size: 14px;
    font-weight: bold;
}
.topcashback-serp-uk__text-3f5JiB span {
    color: #175941;
}
.topcashback-serp-us-1G9fpT {
    display: flex;
    align-items: center;
    height: 22px;
    line-height: 22px;
    text-decoration: none !important;
    cursor: pointer;
    margin-bottom: 10px;
}
.topcashback-serp-us__icon-PmunXO {
    height: 22px;
    width: 22px;
    margin-right: 10px;
    background-size: cover;
    background-repeat: no-repeat;
    background-image: url(data:image/svg+xml;base64,PHN2ZyB3aWR0aD0iNzUiIGhlaWdodD0iNjMiIHZpZXdCb3g9IjAgMCA3NSA2MyIgZmlsbD0ibm9uZSIgeG1sbnM9Imh0dHA6Ly93d3cudzMub3JnLzIwMDAvc3ZnIj4KPGcgY2xpcC1wYXRoPSJ1cmwoI2NsaXAwXzFfMzIpIj4KPHBhdGggZD0iTTI5LjcyIDMxLjA3TDMwLjAyIDI5Ljg3QzMwLjEzODEgMjkuNjQ0OCAzMC4yMzg0IDI5LjQxMDggMzAuMzIgMjkuMTdDMzguMzIgMTguNzcgNDkuNDIgMTguNjcgNjEuNTIgMjAuOTdDNjUuOTMwNSAyMS44Mzg1IDcwLjIyNTcgMjMuMjE0MyA3NC4zMiAyNS4wN0M3NC41MiAyNS4xNyA3NC41MiAyNS42NyA3NC4xMiAyNS41N0M2My4yMiAyMi4wNyA1NC44MiAyMy40NyA0OC42MiAyNi4wN0M0NC41MzIyIDI3LjY3MiA0MC45MTkgMzAuMjg3MyAzOC4xMiAzMy42N0MzMy44MiAzNS41NyAyOS42MiAzMy45NyAyOS43MiAzMS4wN1oiIGZpbGw9IiNFRDFCNUIiLz4KPHBhdGggZD0iTTE1LjcyIDAuNzY5OTkyQzE1LjUyIC0wLjAzMDAwODEgMTYuOTIgLTAuNDMwMDA4IDE4LjEyIDAuNjY5OTkyQzI0LjUyIDYuMDY5OTkgMzAuNTIgMTguODcgMzYuMDIgMTYuODdDMzQuNjIgMTguMDcgMzMuMjIgMTguODcgMzEuNzIgMTguNTdDMjguNDIgMTcuNjcgMjMuNzIgMTUuMTcgMTguNzIgMTIuNDdDMTcuNDU0NyA4LjY0Mjg3IDE2LjQ1MjMgNC43MzM3NyAxNS43MiAwLjc2OTk5MlYwLjc2OTk5MloiIGZpbGw9IiMxREZDNTEiLz4KPHBhdGggZD0iTTMxLjYyIDYyLjA3QzI1LjMyIDU0LjQ3IDIyLjYyIDQ0LjI3IDI3LjQyIDMzLjU3QzI2Ljk2MjQgMzQuNzQwMyAyNi41OTQ3IDM1Ljk0MzggMjYuMzIgMzcuMTdDMjQuNzIgNDUuNDcgMzEuNTIgNTMuNjcgMzcuNTIgNTUuMzdDMzcuODIgNTUuNDcgMzcuODIgNTUuNzcgMzcuNTIgNTUuOTdDMzYuMzc4NCA1Ni4yOTczIDM1LjMzODkgNTYuOTA5NSAzNC40OTkyIDU3Ljc0OTJDMzMuNjU5NSA1OC41ODg5IDMzLjA0NzIgNTkuNjI4NSAzMi43MiA2MC43N0MzMi42MzcxIDYxLjE2NDMgMzIuNjAzNiA2MS41Njc0IDMyLjYyIDYxLjk3QzMyLjYyIDYyLjQ3IDMyLjAyIDYyLjU3IDMxLjYyIDYyLjA3WiIgZmlsbD0idXJsKCNwYWludDBfbGluZWFyXzFfMzIpIi8+CjxwYXRoIGQ9Ik0zMC4wMiAyOS43N0wzMC4zMiAyOS4xN0MzOC4zMiAxOC42NyA0OS40MiAxOC41NyA2MS41MiAyMC45N0M2MS44MiAyMS4wNyA2Mi4yMiAyMS4wNyA2Mi41MiAyMS4xN0M2Mi44MiAyMS4yNyA2My4wMiAyMS4yNyA2My4zMiAyMS4zN0M1My4wMiAyMC4xNyAzOS43MiAyMi4zNyAzNC42MiAzNC40N0MzMS4zMiAzNC40NyAyOC45MiAzMi40NyAzMC4wMiAyOS43N1oiIGZpbGw9InVybCgjcGFpbnQxX2xpbmVhcl8xXzMyKSIvPgo8cGF0aCBkPSJNMjkuODIgMjkuODdDMjkuOTIgMjkuNjcgMzAuMjIgMjkuMzcgMzAuMjIgMjkuMTdDMzguMjIgMTguNjcgNDkuMzIgMTguNTcgNjEuNDIgMjAuOTdDNjEuNzIgMjEuMDcgNjIuMTIgMjEuMDcgNjIuNDIgMjEuMTdDNjIuNzIgMjEuMjcgNjIuOTIgMjEuMjcgNjMuMjIgMjEuMzdDNTIuOTIgMjAuMTcgMzkuNjIgMjIuMzcgMzQuNTIgMzQuNDdDMzEuMzIgMzQuNDcgMjguNzIgMzIuNTcgMjkuODIgMjkuODdaIiBmaWxsPSJ1cmwoI3BhaW50Ml9saW5lYXJfMV8zMikiLz4KPHBhdGggb3BhY2l0eT0iMC4zIiBkPSJNMjYuMjIgMzIuNTdDMjIuNzIgMzAuNTcgMTIuMjIgMjMuNTcgMC40MjAwMTMgNi4wNzAwMUM1LjMyMDAxIDcuOTcwMDEgMzQuMTIgMjEuNzcgMjcuNTIgMzMuMjdIMjcuMjJDMjcuMjA2OSAzMy4yNyAyNy4xOTM5IDMzLjI2NzQgMjcuMTgxNyAzMy4yNjI0QzI3LjE2OTYgMzMuMjU3NCAyNy4xNTg2IDMzLjI1IDI3LjE0OTMgMzMuMjQwN0MyNy4xNCAzMy4yMzE0IDI3LjEzMjcgMzMuMjIwNCAyNy4xMjc2IDMzLjIwODNDMjcuMTIyNiAzMy4xOTYxIDI3LjEyIDMzLjE4MzEgMjcuMTIgMzMuMTdIMjcuMDJDMjYuOTkzNSAzMy4xNyAyNi45NjgxIDMzLjE1OTUgMjYuOTQ5MyAzMy4xNDA3QzI2LjkzMDUgMzMuMTIyIDI2LjkyIDMzLjA5NjUgMjYuOTIgMzMuMDdWMzMuMDdDMjYuODIgMzIuOTcgMjYuNzIgMzIuOTcgMjYuNjIgMzIuODdDMjYuNDIgMzIuNjcgMjYuMzIgMzIuNjcgMjYuMjIgMzIuNTdWMzIuNTdaIiBmaWxsPSJ1cmwoI3BhaW50M19saW5lYXJfMV8zMikiLz4KPHBhdGggb3BhY2l0eT0iMC4zIiBkPSJNMjYuMjIgMzIuNTdDMjIuNzIgMzAuNTcgMTIuMjIgMjMuNTcgMC40MjAwMTMgNi4wNzAwMUM1LjMyMDAxIDcuOTcwMDEgMzQuMTIgMjEuNzcgMjcuNTIgMzMuMjdIMjcuMjJDMjcuMjA2OSAzMy4yNyAyNy4xOTM5IDMzLjI2NzQgMjcuMTgxNyAzMy4yNjI0QzI3LjE2OTYgMzMuMjU3NCAyNy4xNTg2IDMzLjI1IDI3LjE0OTMgMzMuMjQwN0MyNy4xNCAzMy4yMzE0IDI3LjEzMjcgMzMuMjIwNCAyNy4xMjc2IDMzLjIwODNDMjcuMTIyNiAzMy4xOTYxIDI3LjEyIDMzLjE4MzEgMjcuMTIgMzMuMTdIMjcuMDJDMjYuOTkzNSAzMy4xNyAyNi45NjgxIDMzLjE1OTUgMjYuOTQ5MyAzMy4xNDA3QzI2LjkzMDUgMzMuMTIyIDI2LjkyIDMzLjA5NjUgMjYuOTIgMzMuMDdWMzMuMDdDMjYuODIgMzIuOTcgMjYuNzIgMzIuOTcgMjYuNjIgMzIuODdDMjYuNDIgMzIuNjcgMjYuMzIgMzIuNjcgMjYuMjIgMzIuNTdWMzIuNTdaIiBmaWxsPSJ1cmwoI3BhaW50NF9saW5lYXJfMV8zMikiLz4KPHBhdGggb3BhY2l0eT0iMC4zIiBkPSJNMjYuMjIgMzIuNTdDMjIuNzIgMzAuNTcgMTIuMjIgMjMuNTcgMC40MjAwMTMgNi4wNzAwMUM1LjMyMDAxIDcuOTcwMDEgMzQuMTIgMjEuNzcgMjcuNTIgMzMuMjdIMjcuMjJDMjcuMjA2OSAzMy4yNyAyNy4xOTM5IDMzLjI2NzQgMjcuMTgxNyAzMy4yNjI0QzI3LjE2OTYgMzMuMjU3NCAyNy4xNTg2IDMzLjI1IDI3LjE0OTMgMzMuMjQwN0MyNy4xNCAzMy4yMzE0IDI3LjEzMjcgMzMuMjIwNCAyNy4xMjc2IDMzLjIwODNDMjcuMTIyNiAzMy4xOTYxIDI3LjEyIDMzLjE4MzEgMjcuMTIgMzMuMTdIMjcuMDJDMjYuOTkzNSAzMy4xNyAyNi45NjgxIDMzLjE1OTUgMjYuOTQ5MyAzMy4xNDA3QzI2LjkzMDUgMzMuMTIyIDI2LjkyIDMzLjA5NjUgMjYuOTIgMzMuMDdWMzMuMDdDMjYuODIgMzIuOTcgMjYuNzIgMzIuOTcgMjYuNjIgMzIuODdDMjYuNDIgMzIuNjcgMjYuMzIgMzIuNjcgMjYuMjIgMzIuNTdWMzIuNTdaIiBmaWxsPSJ1cmwoI3BhaW50NV9saW5lYXJfMV8zMikiLz4KPHBhdGggZD0iTTMyLjkyIDUyLjk3QzMyLjgyIDUyLjg3IDMyLjcyIDUyLjc3IDMyLjYyIDUyLjc3QzMyLjUyIDUyLjc3IDMyLjQyIDUyLjY3IDMyLjQyIDUyLjU3QzMyLjQyIDUyLjQ3IDMyLjIyIDUyLjM3IDMyLjEyIDUyLjM3QzMyLjAyIDUyLjM3IDMxLjkyIDUyLjI3IDMxLjkyIDUyLjE3TDMxLjYyIDUxLjg3TDMxLjMyIDUxLjU3TDMwLjkyIDUxLjE3QzMwLjgyIDUxLjA3IDMwLjgyIDUwLjk3IDMwLjcyIDUwLjk3TDMwLjQyIDUwLjY3QzMwLjMyIDUwLjU3IDMwLjMyIDUwLjQ3IDMwLjIyIDUwLjM3QzMwLjEyIDUwLjI3IDMwLjAyIDUwLjE3IDMwLjAyIDUwLjA3QzMwLjAyIDQ5Ljk3IDI5LjkyIDQ5Ljg3IDI5LjgyIDQ5Ljc3QzI5LjcyIDQ5LjY3IDI5LjcyIDQ5LjU3IDI5LjYyIDQ5LjQ3QzI5LjUyIDQ5LjM3IDI5LjUyIDQ5LjI3IDI5LjQyIDQ5LjE3QzI5LjMyIDQ5LjA3IDI5LjMyIDQ4Ljk3IDI5LjIyIDQ4Ljg3QzI5LjEyIDQ4Ljc3IDI5LjEyIDQ4LjY3IDI5LjAyIDQ4LjU3QzI4LjkyIDQ4LjQ3IDI4LjkyIDQ4LjM3IDI4LjgyIDQ4LjI3QzI4LjcyIDQ4LjE3IDI4LjcyIDQ4LjA3IDI4LjYyIDQ3Ljk3QzI4LjUyIDQ3Ljg3IDI4LjUyIDQ3Ljc3IDI4LjQyIDQ3LjY3QzI4LjMyIDQ3LjU3IDI4LjMyIDQ3LjQ3IDI4LjIyIDQ3LjM3QzI4LjEyIDQ3LjI3IDI4LjEyIDQ3LjE3IDI4LjAyIDQ3LjA3QzI3LjkyIDQ2Ljk3IDI3LjkyIDQ2Ljg3IDI3LjgyIDQ2Ljc3QzI3Ljc4MjIgNDYuNzMwNSAyNy43NTM2IDQ2LjY4MzEgMjcuNzM2MyA0Ni42MzEyQzI3LjcxOSA0Ni41NzkzIDI3LjcxMzUgNDYuNTI0MyAyNy43MiA0Ni40N0MyNy42MiA0Ni4zNyAyNy42MiA0Ni4yNyAyNy41MiA0Ni4wN0MyNy40MiA0NS44NyAyNy40MiA0NS44NyAyNy40MiA0NS43N0MyNy40MiA0NS42NyAyNy4zMiA0NS40NyAyNy4yMiA0NS4zN0MyNy4yMDk0IDQ1LjI5NDIgMjcuMTc0MyA0NS4yMjM5IDI3LjEyIDQ1LjE3QzI2LjkwODYgNDQuNjg2IDI2Ljc0MTMgNDQuMTg0IDI2LjYyIDQzLjY3QzI2LjYyNjUgNDMuNjE1NyAyNi42MjA5IDQzLjU2MDcgMjYuNjAzNyA0My41MDg4QzI2LjU4NjQgNDMuNDU2OSAyNi41NTc4IDQzLjQwOTUgMjYuNTIgNDMuMzdDMjYuNTIgNDMuMjcgMjYuNDIgNDMuMDcgMjYuNDIgNDIuOTdDMjYuNDI2NSA0Mi45MTU3IDI2LjQyMDkgNDIuODYwNyAyNi40MDM3IDQyLjgwODhDMjYuMzg2NCA0Mi43NTY5IDI2LjM1NzggNDIuNzA5NSAyNi4zMiA0Mi42N0MyNi4zMiA0Mi41NyAyNi4yMiA0Mi4zNyAyNi4yMiA0Mi4yN0MyNi4yMjY1IDQyLjIxNTcgMjYuMjIwOSA0Mi4xNjA2IDI2LjIwMzcgNDIuMTA4OEMyNi4xODY0IDQyLjA1NjkgMjYuMTU3OCA0Mi4wMDk1IDI2LjEyIDQxLjk3QzI2LjEzNSA0MS44MjkgMjYuMDk5NSA0MS42ODczIDI2LjAyIDQxLjU3VjM5LjQ3QzI2LjA0MTUgMzguNzMzMyAyNi4xMDgzIDM3Ljk5ODUgMjYuMjIgMzcuMjdDMjYuNDQ3IDM2LjA3NTUgMjYuNzgxNyAzNC45MDQxIDI3LjIyIDMzLjc3QzI3LjMyIDMzLjY3IDI3LjMyIDMzLjQ3IDI3LjQyIDMzLjM3QzI3LjUyIDMzLjI3IDE0LjcyIDI3LjY3IDAuMTE5OTg2IDUuODdDLTAuNDgwMDE0IDQuODcgMS4zMTk5OSA0LjQ3IDIuMjE5OTkgNC43N0MxMS4wMiA3LjA3IDI0LjUyIDE2LjY3IDMxLjcyIDE4LjQ3QzM4LjIyIDIwLjE3IDQxLjkyIDAuMDY5OTk1OSA1Ni4zMiAxNi43N0M1Ny4wMiAxNy41NyA1Ny41MiAxOC4xNyA1OC4wMiAxOC42N0M1OC41MiAxOS4xNyA1OC4yMiAxOS4yNyA1Ny43MiAxOS4xN0M1NS43OTM5IDE4LjU5MTUgNTMuODE5IDE4LjE4OTggNTEuODIgMTcuOTdWMTcuOTdDNTEuNDIgMTcuOTcgNTEuNDIgMTcuODcgNTEuMzIgMTcuNTdDNTEuMDc5IDE3LjIxODkgNTAuNzQ2NyAxNi45NDAyIDUwLjM1OTEgMTYuNzY0QzQ5Ljk3MTQgMTYuNTg3OCA0OS41NDMgMTYuNTIwNyA0OS4xMiAxNi41N0M0OC42OTgyIDE2LjUzMzMgNDguMjc0MSAxNi42MDYgNDcuODg4NyAxNi43ODEyQzQ3LjUwMzMgMTYuOTU2NCA0Ny4xNjk3IDE3LjIyODEgNDYuOTIgMTcuNTdDNDYuODIgMTcuODcgNDYuNzIgMTcuODcgNDYuNTIgMTcuOTdDNDAuMzIgMTguNDcgMzMuNTIgMjEuMjcgMzAuMDIgMjkuNzdDMjguNTIgMzMuMzcgMzMuNjIgMzUuMjcgMzguOTIgMzIuNjdDMzYuMzQxNyAzNS42NTA0IDM0LjQ2MjUgMzkuMTY5NiAzMy40MiA0Mi45N0MzMy4xMDYgNDQuMDQ2MiAzMi45MDQ5IDQ1LjE1MjIgMzIuODIgNDYuMjdDMzIuNzAwMSA0Ny4yMzIzIDMyLjYzMzQgNDguMjAwNCAzMi42MiA0OS4xN0MzMi42MTY1IDUwLjQ0MjcgMzIuNzE2OCA1MS43MTM2IDMyLjkyIDUyLjk3VjUyLjk3WiIgZmlsbD0idXJsKCNwYWludDZfbGluZWFyXzFfMzIpIi8+CjxwYXRoIG9wYWNpdHk9IjAuMyIgZD0iTTI2LjIyIDMyLjU3QzIyLjcyIDMwLjU3IDEyLjIyIDIzLjU3IDAuNDIwMDEzIDYuMDcwMDFDNS4zMjAwMSA3Ljk3MDAxIDM0LjEyIDIxLjc3IDI3LjUyIDMzLjI3SDI3LjIyQzI3LjIwNjkgMzMuMjcgMjcuMTkzOSAzMy4yNjc0IDI3LjE4MTcgMzMuMjYyNEMyNy4xNjk2IDMzLjI1NzQgMjcuMTU4NiAzMy4yNSAyNy4xNDkzIDMzLjI0MDdDMjcuMTQgMzMuMjMxNCAyNy4xMzI3IDMzLjIyMDQgMjcuMTI3NiAzMy4yMDgzQzI3LjEyMjYgMzMuMTk2MSAyNy4xMiAzMy4xODMxIDI3LjEyIDMzLjE3SDI3LjAyQzI2Ljk5MzUgMzMuMTcgMjYuOTY4MSAzMy4xNTk1IDI2Ljk0OTMgMzMuMTQwN0MyNi45MzA1IDMzLjEyMiAyNi45MiAzMy4wOTY1IDI2LjkyIDMzLjA3VjMzLjA3QzI2LjgyIDMyLjk3IDI2LjcyIDMyLjk3IDI2LjYyIDMyLjg3QzI2LjQyIDMyLjY3IDI2LjMyIDMyLjY3IDI2LjIyIDMyLjU3VjMyLjU3WiIgZmlsbD0idXJsKCNwYWludDdfbGluZWFyXzFfMzIpIi8+CjxwYXRoIG9wYWNpdHk9IjAuMyIgZD0iTTI2LjIyIDMyLjU3QzIyLjcyIDMwLjU3IDEyLjIyIDIzLjU3IDAuNDIwMDEzIDYuMDcwMDFDNS4zMjAwMSA3Ljk3MDAxIDM0LjEyIDIxLjc3IDI3LjUyIDMzLjI3SDI3LjIyQzI3LjIwNjkgMzMuMjcgMjcuMTkzOSAzMy4yNjc0IDI3LjE4MTcgMzMuMjYyNEMyNy4xNjk2IDMzLjI1NzQgMjcuMTU4NiAzMy4yNSAyNy4xNDkzIDMzLjI0MDdDMjcuMTQgMzMuMjMxNCAyNy4xMzI3IDMzLjIyMDQgMjcuMTI3NiAzMy4yMDgzQzI3LjEyMjYgMzMuMTk2MSAyNy4xMiAzMy4xODMxIDI3LjEyIDMzLjE3SDI3LjAyQzI2Ljk5MzUgMzMuMTcgMjYuOTY4MSAzMy4xNTk1IDI2Ljk0OTMgMzMuMTQwN0MyNi45MzA1IDMzLjEyMiAyNi45MiAzMy4wOTY1IDI2LjkyIDMzLjA3VjMzLjA3QzI2LjgyIDMyLjk3IDI2LjcyIDMyLjk3IDI2LjYyIDMyLjg3QzI2LjQyIDMyLjY3IDI2LjMyIDMyLjY3IDI2LjIyIDMyLjU3VjMyLjU3WiIgZmlsbD0idXJsKCNwYWludDhfbGluZWFyXzFfMzIpIi8+CjxwYXRoIG9wYWNpdHk9IjAuMyIgZD0iTTI2LjIyIDMyLjU3QzIyLjcyIDMwLjU3IDEyLjIyIDIzLjU3IDAuNDIwMDEzIDYuMDcwMDFDNS4zMjAwMSA3Ljk3MDAxIDMwLjYyIDI0LjU3IDI3LjUyIDMzLjI3SDI3LjIyQzI3LjIwNjkgMzMuMjcgMjcuMTkzOSAzMy4yNjc0IDI3LjE4MTcgMzMuMjYyNEMyNy4xNjk2IDMzLjI1NzQgMjcuMTU4NiAzMy4yNSAyNy4xNDkzIDMzLjI0MDdDMjcuMTQgMzMuMjMxNCAyNy4xMzI3IDMzLjIyMDQgMjcuMTI3NiAzMy4yMDgzQzI3LjEyMjYgMzMuMTk2MSAyNy4xMiAzMy4xODMxIDI3LjEyIDMzLjE3SDI3LjAyQzI2Ljk5MzUgMzMuMTcgMjYuOTY4MSAzMy4xNTk1IDI2Ljk0OTMgMzMuMTQwN0MyNi45MzA1IDMzLjEyMiAyNi45MiAzMy4wOTY1IDI2LjkyIDMzLjA3VjMzLjA3QzI2LjgyIDMyLjk3IDI2LjcyIDMyLjk3IDI2LjYyIDMyLjg3QzI2LjQyIDMyLjY3IDI2LjMyIDMyLjY3IDI2LjIyIDMyLjU3VjMyLjU3WiIgZmlsbD0idXJsKCNwYWludDlfbGluZWFyXzFfMzIpIi8+CjxwYXRoIGQ9Ik01OC4wMiAxOC43N0M1Ny41MiAxOC4yNyA1Ni45MiAxNy41NyA1Ni4yMiAxNi44N0M0Ni4wMiA0Ljg2OTk5IDQxLjIyIDExLjY3IDM2LjkyIDE1Ljk3TDM2LjYyIDE2LjI3QzM1LjgzNDIgMTcuMTQ3NiAzNC44ODI2IDE3Ljg2MTMgMzMuODIgMTguMzdWMTguMzdDMzMuNzkzNSAxOC4zNyAzMy43NjgxIDE4LjM4MDUgMzMuNzQ5MyAxOC4zOTkzQzMzLjczMDYgMTguNDE4IDMzLjcyIDE4LjQ0MzUgMzMuNzIgMTguNDdDMzMuNjIgMTguNDcgMzMuNjIgMTguNDcgMzMuNTIgMTguNTdIMzEuOTJDMzguMjIgMTkuMjcgNDIuMTIgNC4zNyA1Ny40MiAxOS4xN0g1Ny43MkM1OC4zMiAxOS4yNyA1OC4zMiAxOS4wNyA1OC4wMiAxOC43N1oiIGZpbGw9InVybCgjcGFpbnQxMF9saW5lYXJfMV8zMikiLz4KPHBhdGggZD0iTTU3LjgyIDE5LjI3QzU3LjYxNTIgMTkuMjE4NiA1Ny40MTQ2IDE5LjE1MTggNTcuMjIgMTkuMDdINTcuMDJDNTUuMjYgMTguNTQ4MiA1My40NTAxIDE4LjIxMyA1MS42MiAxOC4wN1YxOC4wN0M1MS4xMiAxOC4wNyA1MS4zMiAxNy45NyA1MS4xMiAxNy42N0M1MC44NzkgMTcuMzE4OSA1MC41NDY4IDE3LjA0MDIgNTAuMTU5MSAxNi44NjRDNDkuNzcxNCAxNi42ODc4IDQ5LjM0MyAxNi42MjA3IDQ4LjkyIDE2LjY3QzQ4LjQ5OTUgMTYuNjQ0NCA0OC4wNzkyIDE2LjcyMjIgNDcuNjk1NyAxNi44OTY1QzQ3LjMxMjIgMTcuMDcwOCA0Ni45NzcyIDE3LjMzNjQgNDYuNzIgMTcuNjdDNDYuNjIgMTcuOTcgNDYuNTIgMTcuOTcgNDYuMzIgMTguMDdDNDAuMjIgMTguNTcgMzMuNjIgMjEuMjcgMzAuMTIgMjkuMjdDMzguMTIgMTguODcgNDkuMjIgMTguNzcgNjEuMzIgMjEuMDdDNjIuMTIgMjEuMjcgNjMuMDIgMjEuNDcgNjQuMTIgMjEuNjdMNTcuODIgMTkuMjdaIiBmaWxsPSJ3aGl0ZSIvPgo8cGF0aCBvcGFjaXR5PSIwLjgiIGQ9Ik0xNi4xMiAzLjA2OTk5QzE2LjEyIDIuNzY5OTkgMTYuMDIgMi40Njk5OSAxNi4wMiAyLjI2OTk5QzI2LjEyIDEwLjM3IDI5LjIyIDIxLjM3IDM2LjAyIDE2Ljg3QzM0LjYyIDE4LjA3IDMzLjMyIDE4Ljg3IDMxLjcyIDE4LjQ3QzI4LjQyIDE3LjU3IDIzLjcyIDE1LjA3IDE4LjcyIDEyLjM3QzE3LjY3NzEgOS4zMjE5OSAxNi44MDkgNi4yMTY5NCAxNi4xMiAzLjA2OTk5VjMuMDY5OTlaIiBmaWxsPSJ1cmwoI3BhaW50MTFfbGluZWFyXzFfMzIpIi8+CjxwYXRoIG9wYWNpdHk9IjAuOCIgZD0iTTE2LjEyIDMuMDY5OTlDMTYuMTIgMi43Njk5OSAxNi4wMiAyLjQ2OTk5IDE2LjAyIDIuMjY5OTlDMjYuMTIgMTAuMzcgMjkuMjIgMjEuMzcgMzYuMDIgMTYuODdDMzQuNjIgMTguMDcgMzMuMzIgMTguODcgMzEuNzIgMTguNDdDMjguNDIgMTcuNTcgMjMuNzIgMTUuMDcgMTguNzIgMTIuMzdDMTcuNjc3MSA5LjMyMTk5IDE2LjgwOSA2LjIxNjk0IDE2LjEyIDMuMDY5OTlWMy4wNjk5OVoiIGZpbGw9InVybCgjcGFpbnQxMl9saW5lYXJfMV8zMikiLz4KPHBhdGggZD0iTTM3LjQyIDU1Ljk3QzM1Ljc0MTYgNTYuNTA5IDM0LjI5NiA1Ny42MDIgMzMuMzIgNTkuMDdDMzAuNzgxNiA1Ni40NjY5IDI4LjgxOTcgNTMuMzU4NiAyNy41NjIgNDkuOTQ3MkMyNi4zMDQzIDQ2LjUzNTggMjUuNzc4OSA0Mi44OTc5IDI2LjAyIDM5LjI3VjM5LjI3QzI1LjcyIDQ2Ljg3IDMxLjkyIDUzLjg3IDM3LjUyIDU1LjM3QzM3LjgyIDU1LjQ3IDM3LjgyIDU1Ljc3IDM3LjQyIDU1Ljk3WiIgZmlsbD0idXJsKCNwYWludDEzX2xpbmVhcl8xXzMyKSIvPgo8L2c+CjxkZWZzPgo8bGluZWFyR3JhZGllbnQgaWQ9InBhaW50MF9saW5lYXJfMV8zMiIgeDE9IjI2Ljk3MDIiIHkxPSI0MS4yODA2IiB4Mj0iMzUuMzk5MSIgeTI9IjgxLjkzMDgiIGdyYWRpZW50VW5pdHM9InVzZXJTcGFjZU9uVXNlIj4KPHN0b3Agc3RvcC1jb2xvcj0iIzFERkM1MSIvPgo8c3RvcCBvZmZzZXQ9IjAuMiIgc3RvcC1jb2xvcj0iIzI1RDI0RSIvPgo8c3RvcCBvZmZzZXQ9IjAuNTQiIHN0b3AtY29sb3I9IiMzMzgxNDgiLz4KPHN0b3Agb2Zmc2V0PSIxIiBzdG9wLWNvbG9yPSIjMDE1OTQyIi8+CjwvbGluZWFyR3JhZGllbnQ+CjxsaW5lYXJHcmFkaWVudCBpZD0icGFpbnQxX2xpbmVhcl8xXzMyIiB4MT0iNDEuODEiIHkxPSIyMi40MiIgeDI9IjE3LjI3IiB5Mj0iLTAuNDY5OTk4IiBncmFkaWVudFVuaXRzPSJ1c2VyU3BhY2VPblVzZSI+CjxzdG9wIHN0b3AtY29sb3I9IiNFODNBOTUiLz4KPHN0b3Agb2Zmc2V0PSIwLjA4IiBzdG9wLWNvbG9yPSIjRUQ2NEFDIi8+CjxzdG9wIG9mZnNldD0iMC4yNSIgc3RvcC1jb2xvcj0iI0Y5Q0VFNSIvPgo8c3RvcCBvZmZzZXQ9IjAuMzMiIHN0b3AtY29sb3I9IndoaXRlIi8+CjwvbGluZWFyR3JhZGllbnQ+CjxsaW5lYXJHcmFkaWVudCBpZD0icGFpbnQyX2xpbmVhcl8xXzMyIiB4MT0iLTEyMzkyNSIgeTE9IjE0MDY0LjgiIHgyPSItMTIzNjQ1IiB5Mj0iMTM0NjkuNCIgZ3JhZGllbnRVbml0cz0idXNlclNwYWNlT25Vc2UiPgo8c3RvcCBzdG9wLWNvbG9yPSIjRTgzQTk1Ii8+CjxzdG9wIG9mZnNldD0iMC4wOCIgc3RvcC1jb2xvcj0iI0VENjRBQyIvPgo8c3RvcCBvZmZzZXQ9IjAuMjUiIHN0b3AtY29sb3I9IiNGOUNFRTUiLz4KPHN0b3Agb2Zmc2V0PSIwLjMzIiBzdG9wLWNvbG9yPSJ3aGl0ZSIvPgo8L2xpbmVhckdyYWRpZW50Pgo8bGluZWFyR3JhZGllbnQgaWQ9InBhaW50M19saW5lYXJfMV8zMiIgeDE9IjE3LjQ2IiB5MT0iOC44NTAwMSIgeDI9IjEzLjUxIiB5Mj0iMjEuNDQiIGdyYWRpZW50VW5pdHM9InVzZXJTcGFjZU9uVXNlIj4KPHN0b3Agb2Zmc2V0PSIwLjQ5IiBzdG9wLWNvbG9yPSIjMURGQzUxIi8+CjxzdG9wIG9mZnNldD0iMC42MyIgc3RvcC1jb2xvcj0iIzE2RDI0RCIvPgo8c3RvcCBvZmZzZXQ9IjAuOTMiIHN0b3AtY29sb3I9IiMwNDY4NDQiLz4KPHN0b3Agb2Zmc2V0PSIwLjk3IiBzdG9wLWNvbG9yPSIjMDE1OTQyIi8+CjwvbGluZWFyR3JhZGllbnQ+CjxsaW5lYXJHcmFkaWVudCBpZD0icGFpbnQ0X2xpbmVhcl8xXzMyIiB4MT0iNjIwLjY1NSIgeTE9IjI1NTQ3LjciIHgyPSIzNzIuMzQ0IiB5Mj0iMjU4MTguOSIgZ3JhZGllbnRVbml0cz0idXNlclNwYWNlT25Vc2UiPgo8c3RvcCBvZmZzZXQ9IjAuNDkiIHN0b3AtY29sb3I9IiMxREZDNTEiLz4KPHN0b3Agb2Zmc2V0PSIwLjYzIiBzdG9wLWNvbG9yPSIjMTZEMjREIi8+CjxzdG9wIG9mZnNldD0iMC45MyIgc3RvcC1jb2xvcj0iIzA0Njg0NCIvPgo8c3RvcCBvZmZzZXQ9IjAuOTciIHN0b3AtY29sb3I9IiMwMTU5NDIiLz4KPC9saW5lYXJHcmFkaWVudD4KPGxpbmVhckdyYWRpZW50IGlkPSJwYWludDVfbGluZWFyXzFfMzIiIHgxPSI1NTUuNTE1IiB5MT0iMjU2MTQuMyIgeDI9IjM0Ny4xMDEiIHkyPSIyNTg0Mi4xIiBncmFkaWVudFVuaXRzPSJ1c2VyU3BhY2VPblVzZSI+CjxzdG9wIG9mZnNldD0iMC40OSIgc3RvcC1jb2xvcj0iIzFERkM1MSIvPgo8c3RvcCBvZmZzZXQ9IjAuNjMiIHN0b3AtY29sb3I9IiMxNkQyNEQiLz4KPHN0b3Agb2Zmc2V0PSIwLjkzIiBzdG9wLWNvbG9yPSIjMDQ2ODQ0Ii8+CjxzdG9wIG9mZnNldD0iMC45NyIgc3RvcC1jb2xvcj0iIzAxNTk0MiIvPgo8L2xpbmVhckdyYWRpZW50Pgo8bGluZWFyR3JhZGllbnQgaWQ9InBhaW50Nl9saW5lYXJfMV8zMiIgeDE9IjI5Ljg2IiB5MT0iMTcuOTQiIHgyPSIzNi4yMSIgeTI9IjY2LjUxIiBncmFkaWVudFVuaXRzPSJ1c2VyU3BhY2VPblVzZSI+CjxzdG9wIHN0b3AtY29sb3I9IiMwMTU5NDIiLz4KPHN0b3Agb2Zmc2V0PSIwLjI2IiBzdG9wLWNvbG9yPSIjMDE0NjJEIi8+CjxzdG9wIG9mZnNldD0iMC44MSIgc3RvcC1jb2xvcj0iIzAwMjEwMyIvPgo8L2xpbmVhckdyYWRpZW50Pgo8bGluZWFyR3JhZGllbnQgaWQ9InBhaW50N19saW5lYXJfMV8zMiIgeDE9IjEwLjQ0IiB5MT0iMjMuOTYiIHgyPSIyMy40IiB5Mj0iOC4xOTAwMSIgZ3JhZGllbnRVbml0cz0idXNlclNwYWNlT25Vc2UiPgo8c3RvcCBzdG9wLWNvbG9yPSIjMDE1OTQyIi8+CjxzdG9wIG9mZnNldD0iMC4yOCIgc3RvcC1jb2xvcj0iIzM3OTE0NSIvPgo8c3RvcCBvZmZzZXQ9IjAuNTEiIHN0b3AtY29sb3I9IiM2MEJCNDciLz4KPC9saW5lYXJHcmFkaWVudD4KPGxpbmVhckdyYWRpZW50IGlkPSJwYWludDhfbGluZWFyXzFfMzIiIHgxPSIxMC40NCIgeTE9IjIzLjk2IiB4Mj0iMjMuNCIgeTI9IjguMTkwMDEiIGdyYWRpZW50VW5pdHM9InVzZXJTcGFjZU9uVXNlIj4KPHN0b3Agc3RvcC1jb2xvcj0iIzAxNTk0MiIvPgo8c3RvcCBvZmZzZXQ9IjAuMDQiIHN0b3AtY29sb3I9IiMwNDY4NDQiLz4KPHN0b3Agb2Zmc2V0PSIwLjM3IiBzdG9wLWNvbG9yPSIjMTZEMjREIi8+CjxzdG9wIG9mZnNldD0iMC41MSIgc3RvcC1jb2xvcj0iIzFERkM1MSIvPgo8L2xpbmVhckdyYWRpZW50Pgo8bGluZWFyR3JhZGllbnQgaWQ9InBhaW50OV9saW5lYXJfMV8zMiIgeDE9IjEyLjgzIiB5MT0iMjEuMDYiIHgyPSIyMy4xMiIgeTI9IjguNTIwMDEiIGdyYWRpZW50VW5pdHM9InVzZXJTcGFjZU9uVXNlIj4KPHN0b3Agc3RvcC1jb2xvcj0iIzAxNTk0MiIvPgo8c3RvcCBvZmZzZXQ9IjEiIHN0b3AtY29sb3I9IiM2MEJCNDciIHN0b3Atb3BhY2l0eT0iMCIvPgo8L2xpbmVhckdyYWRpZW50Pgo8bGluZWFyR3JhZGllbnQgaWQ9InBhaW50MTBfbGluZWFyXzFfMzIiIHgxPSI1Mi4zMyIgeTE9Ii0xNi41IiB4Mj0iNDQuNDIiIHkyPSIyMS43MSIgZ3JhZGllbnRVbml0cz0idXNlclNwYWNlT25Vc2UiPgo8c3RvcCBzdG9wLWNvbG9yPSIjNjBCQjQ3Ii8+CjxzdG9wIG9mZnNldD0iMC40NSIgc3RvcC1jb2xvcj0iIzM3OTE0NSIvPgo8c3RvcCBvZmZzZXQ9IjEiIHN0b3AtY29sb3I9IiMwMTU5NDIiLz4KPC9saW5lYXJHcmFkaWVudD4KPGxpbmVhckdyYWRpZW50IGlkPSJwYWludDExX2xpbmVhcl8xXzMyIiB4MT0iMjYuMDIiIHkxPSItMS4xMjU5ZS0wNSIgeDI9IjI2LjAyIiB5Mj0iMjcuMDQiIGdyYWRpZW50VW5pdHM9InVzZXJTcGFjZU9uVXNlIj4KPHN0b3Agc3RvcC1jb2xvcj0iIzFERkM1MSIvPgo8c3RvcCBvZmZzZXQ9IjAuMTkiIHN0b3AtY29sb3I9IiMxNkQyNEQiLz4KPHN0b3Agb2Zmc2V0PSIwLjYzIiBzdG9wLWNvbG9yPSIjMDQ2ODQ0Ii8+CjxzdG9wIG9mZnNldD0iMC42OCIgc3RvcC1jb2xvcj0iIzAxNTk0MiIvPgo8L2xpbmVhckdyYWRpZW50Pgo8bGluZWFyR3JhZGllbnQgaWQ9InBhaW50MTJfbGluZWFyXzFfMzIiIHgxPSIyNi4wMiIgeTE9Ii0yLjQ5MDAxIiB4Mj0iMjYuMDIiIHkyPSIyNC41NSIgZ3JhZGllbnRVbml0cz0idXNlclNwYWNlT25Vc2UiPgo8c3RvcCBzdG9wLWNvbG9yPSIjMURGQzUxIi8+CjxzdG9wIG9mZnNldD0iMC4yOCIgc3RvcC1jb2xvcj0iIzE2RDI0RCIvPgo8c3RvcCBvZmZzZXQ9IjAuOTIiIHN0b3AtY29sb3I9IiMwNDY4NDQiLz4KPHN0b3Agb2Zmc2V0PSIxIiBzdG9wLWNvbG9yPSIjMDE1OTQyIi8+CjwvbGluZWFyR3JhZGllbnQ+CjxsaW5lYXJHcmFkaWVudCBpZD0icGFpbnQxM19saW5lYXJfMV8zMiIgeDE9IjQzLjYxIiB5MT0iMzYuNiIgeDI9IjI1LjgzIiB5Mj0iNTMuMTEiIGdyYWRpZW50VW5pdHM9InVzZXJTcGFjZU9uVXNlIj4KPHN0b3Agc3RvcC1jb2xvcj0iIzAxNTk0MiIvPgo8c3RvcCBvZmZzZXQ9IjAuMDgiIHN0b3AtY29sb3I9IiMwNDY4NDQiLz4KPHN0b3Agb2Zmc2V0PSIwLjcyIiBzdG9wLWNvbG9yPSIjMTZEMjREIi8+CjxzdG9wIG9mZnNldD0iMSIgc3RvcC1jb2xvcj0iIzFERkM1MSIvPgo8L2xpbmVhckdyYWRpZW50Pgo8Y2xpcFBhdGggaWQ9ImNsaXAwXzFfMzIiPgo8cmVjdCB3aWR0aD0iNzQuNDUiIGhlaWdodD0iNjIuNCIgZmlsbD0id2hpdGUiLz4KPC9jbGlwUGF0aD4KPC9kZWZzPgo8L3N2Zz4K);
}
.topcashback-serp-us__text-2NPQQF {
    display: inline-block;
    font-family: 'OpenSans', Helvetica, Arial, sans-serif;
    color: #F60859;
    font-size: 14px;
    font-weight: bold;
}
.topcashback-serp-us__text-2NPQQF span {
    color: #175941;
}
.topcashback-serp-de-3Er-Lf {
    display: flex;
    align-items: center;
    height: 22px;
    line-height: 22px;
    text-decoration: none !important;
    cursor: pointer;
    margin-bottom: 10px;
}
.topcashback-serp-de__icon-aMn6Rr {
    height: 22px;
    width: 22px;
    margin-right: 10px;
    background-size: cover;
    background-repeat: no-repeat;
    background-image: url(data:image/svg+xml;base64,PHN2ZyB3aWR0aD0iNzUiIGhlaWdodD0iNjMiIHZpZXdCb3g9IjAgMCA3NSA2MyIgZmlsbD0ibm9uZSIgeG1sbnM9Imh0dHA6Ly93d3cudzMub3JnLzIwMDAvc3ZnIj4KPGcgY2xpcC1wYXRoPSJ1cmwoI2NsaXAwXzFfMzIpIj4KPHBhdGggZD0iTTI5LjcyIDMxLjA3TDMwLjAyIDI5Ljg3QzMwLjEzODEgMjkuNjQ0OCAzMC4yMzg0IDI5LjQxMDggMzAuMzIgMjkuMTdDMzguMzIgMTguNzcgNDkuNDIgMTguNjcgNjEuNTIgMjAuOTdDNjUuOTMwNSAyMS44Mzg1IDcwLjIyNTcgMjMuMjE0MyA3NC4zMiAyNS4wN0M3NC41MiAyNS4xNyA3NC41MiAyNS42NyA3NC4xMiAyNS41N0M2My4yMiAyMi4wNyA1NC44MiAyMy40NyA0OC42MiAyNi4wN0M0NC41MzIyIDI3LjY3MiA0MC45MTkgMzAuMjg3MyAzOC4xMiAzMy42N0MzMy44MiAzNS41NyAyOS42MiAzMy45NyAyOS43MiAzMS4wN1oiIGZpbGw9IiNFRDFCNUIiLz4KPHBhdGggZD0iTTE1LjcyIDAuNzY5OTkyQzE1LjUyIC0wLjAzMDAwODEgMTYuOTIgLTAuNDMwMDA4IDE4LjEyIDAuNjY5OTkyQzI0LjUyIDYuMDY5OTkgMzAuNTIgMTguODcgMzYuMDIgMTYuODdDMzQuNjIgMTguMDcgMzMuMjIgMTguODcgMzEuNzIgMTguNTdDMjguNDIgMTcuNjcgMjMuNzIgMTUuMTcgMTguNzIgMTIuNDdDMTcuNDU0NyA4LjY0Mjg3IDE2LjQ1MjMgNC43MzM3NyAxNS43MiAwLjc2OTk5MlYwLjc2OTk5MloiIGZpbGw9IiMxREZDNTEiLz4KPHBhdGggZD0iTTMxLjYyIDYyLjA3QzI1LjMyIDU0LjQ3IDIyLjYyIDQ0LjI3IDI3LjQyIDMzLjU3QzI2Ljk2MjQgMzQuNzQwMyAyNi41OTQ3IDM1Ljk0MzggMjYuMzIgMzcuMTdDMjQuNzIgNDUuNDcgMzEuNTIgNTMuNjcgMzcuNTIgNTUuMzdDMzcuODIgNTUuNDcgMzcuODIgNTUuNzcgMzcuNTIgNTUuOTdDMzYuMzc4NCA1Ni4yOTczIDM1LjMzODkgNTYuOTA5NSAzNC40OTkyIDU3Ljc0OTJDMzMuNjU5NSA1OC41ODg5IDMzLjA0NzIgNTkuNjI4NSAzMi43MiA2MC43N0MzMi42MzcxIDYxLjE2NDMgMzIuNjAzNiA2MS41Njc0IDMyLjYyIDYxLjk3QzMyLjYyIDYyLjQ3IDMyLjAyIDYyLjU3IDMxLjYyIDYyLjA3WiIgZmlsbD0idXJsKCNwYWludDBfbGluZWFyXzFfMzIpIi8+CjxwYXRoIGQ9Ik0zMC4wMiAyOS43N0wzMC4zMiAyOS4xN0MzOC4zMiAxOC42NyA0OS40MiAxOC41NyA2MS41MiAyMC45N0M2MS44MiAyMS4wNyA2Mi4yMiAyMS4wNyA2Mi41MiAyMS4xN0M2Mi44MiAyMS4yNyA2My4wMiAyMS4yNyA2My4zMiAyMS4zN0M1My4wMiAyMC4xNyAzOS43MiAyMi4zNyAzNC42MiAzNC40N0MzMS4zMiAzNC40NyAyOC45MiAzMi40NyAzMC4wMiAyOS43N1oiIGZpbGw9InVybCgjcGFpbnQxX2xpbmVhcl8xXzMyKSIvPgo8cGF0aCBkPSJNMjkuODIgMjkuODdDMjkuOTIgMjkuNjcgMzAuMjIgMjkuMzcgMzAuMjIgMjkuMTdDMzguMjIgMTguNjcgNDkuMzIgMTguNTcgNjEuNDIgMjAuOTdDNjEuNzIgMjEuMDcgNjIuMTIgMjEuMDcgNjIuNDIgMjEuMTdDNjIuNzIgMjEuMjcgNjIuOTIgMjEuMjcgNjMuMjIgMjEuMzdDNTIuOTIgMjAuMTcgMzkuNjIgMjIuMzcgMzQuNTIgMzQuNDdDMzEuMzIgMzQuNDcgMjguNzIgMzIuNTcgMjkuODIgMjkuODdaIiBmaWxsPSJ1cmwoI3BhaW50Ml9saW5lYXJfMV8zMikiLz4KPHBhdGggb3BhY2l0eT0iMC4zIiBkPSJNMjYuMjIgMzIuNTdDMjIuNzIgMzAuNTcgMTIuMjIgMjMuNTcgMC40MjAwMTMgNi4wNzAwMUM1LjMyMDAxIDcuOTcwMDEgMzQuMTIgMjEuNzcgMjcuNTIgMzMuMjdIMjcuMjJDMjcuMjA2OSAzMy4yNyAyNy4xOTM5IDMzLjI2NzQgMjcuMTgxNyAzMy4yNjI0QzI3LjE2OTYgMzMuMjU3NCAyNy4xNTg2IDMzLjI1IDI3LjE0OTMgMzMuMjQwN0MyNy4xNCAzMy4yMzE0IDI3LjEzMjcgMzMuMjIwNCAyNy4xMjc2IDMzLjIwODNDMjcuMTIyNiAzMy4xOTYxIDI3LjEyIDMzLjE4MzEgMjcuMTIgMzMuMTdIMjcuMDJDMjYuOTkzNSAzMy4xNyAyNi45NjgxIDMzLjE1OTUgMjYuOTQ5MyAzMy4xNDA3QzI2LjkzMDUgMzMuMTIyIDI2LjkyIDMzLjA5NjUgMjYuOTIgMzMuMDdWMzMuMDdDMjYuODIgMzIuOTcgMjYuNzIgMzIuOTcgMjYuNjIgMzIuODdDMjYuNDIgMzIuNjcgMjYuMzIgMzIuNjcgMjYuMjIgMzIuNTdWMzIuNTdaIiBmaWxsPSJ1cmwoI3BhaW50M19saW5lYXJfMV8zMikiLz4KPHBhdGggb3BhY2l0eT0iMC4zIiBkPSJNMjYuMjIgMzIuNTdDMjIuNzIgMzAuNTcgMTIuMjIgMjMuNTcgMC40MjAwMTMgNi4wNzAwMUM1LjMyMDAxIDcuOTcwMDEgMzQuMTIgMjEuNzcgMjcuNTIgMzMuMjdIMjcuMjJDMjcuMjA2OSAzMy4yNyAyNy4xOTM5IDMzLjI2NzQgMjcuMTgxNyAzMy4yNjI0QzI3LjE2OTYgMzMuMjU3NCAyNy4xNTg2IDMzLjI1IDI3LjE0OTMgMzMuMjQwN0MyNy4xNCAzMy4yMzE0IDI3LjEzMjcgMzMuMjIwNCAyNy4xMjc2IDMzLjIwODNDMjcuMTIyNiAzMy4xOTYxIDI3LjEyIDMzLjE4MzEgMjcuMTIgMzMuMTdIMjcuMDJDMjYuOTkzNSAzMy4xNyAyNi45NjgxIDMzLjE1OTUgMjYuOTQ5MyAzMy4xNDA3QzI2LjkzMDUgMzMuMTIyIDI2LjkyIDMzLjA5NjUgMjYuOTIgMzMuMDdWMzMuMDdDMjYuODIgMzIuOTcgMjYuNzIgMzIuOTcgMjYuNjIgMzIuODdDMjYuNDIgMzIuNjcgMjYuMzIgMzIuNjcgMjYuMjIgMzIuNTdWMzIuNTdaIiBmaWxsPSJ1cmwoI3BhaW50NF9saW5lYXJfMV8zMikiLz4KPHBhdGggb3BhY2l0eT0iMC4zIiBkPSJNMjYuMjIgMzIuNTdDMjIuNzIgMzAuNTcgMTIuMjIgMjMuNTcgMC40MjAwMTMgNi4wNzAwMUM1LjMyMDAxIDcuOTcwMDEgMzQuMTIgMjEuNzcgMjcuNTIgMzMuMjdIMjcuMjJDMjcuMjA2OSAzMy4yNyAyNy4xOTM5IDMzLjI2NzQgMjcuMTgxNyAzMy4yNjI0QzI3LjE2OTYgMzMuMjU3NCAyNy4xNTg2IDMzLjI1IDI3LjE0OTMgMzMuMjQwN0MyNy4xNCAzMy4yMzE0IDI3LjEzMjcgMzMuMjIwNCAyNy4xMjc2IDMzLjIwODNDMjcuMTIyNiAzMy4xOTYxIDI3LjEyIDMzLjE4MzEgMjcuMTIgMzMuMTdIMjcuMDJDMjYuOTkzNSAzMy4xNyAyNi45NjgxIDMzLjE1OTUgMjYuOTQ5MyAzMy4xNDA3QzI2LjkzMDUgMzMuMTIyIDI2LjkyIDMzLjA5NjUgMjYuOTIgMzMuMDdWMzMuMDdDMjYuODIgMzIuOTcgMjYuNzIgMzIuOTcgMjYuNjIgMzIuODdDMjYuNDIgMzIuNjcgMjYuMzIgMzIuNjcgMjYuMjIgMzIuNTdWMzIuNTdaIiBmaWxsPSJ1cmwoI3BhaW50NV9saW5lYXJfMV8zMikiLz4KPHBhdGggZD0iTTMyLjkyIDUyLjk3QzMyLjgyIDUyLjg3IDMyLjcyIDUyLjc3IDMyLjYyIDUyLjc3QzMyLjUyIDUyLjc3IDMyLjQyIDUyLjY3IDMyLjQyIDUyLjU3QzMyLjQyIDUyLjQ3IDMyLjIyIDUyLjM3IDMyLjEyIDUyLjM3QzMyLjAyIDUyLjM3IDMxLjkyIDUyLjI3IDMxLjkyIDUyLjE3TDMxLjYyIDUxLjg3TDMxLjMyIDUxLjU3TDMwLjkyIDUxLjE3QzMwLjgyIDUxLjA3IDMwLjgyIDUwLjk3IDMwLjcyIDUwLjk3TDMwLjQyIDUwLjY3QzMwLjMyIDUwLjU3IDMwLjMyIDUwLjQ3IDMwLjIyIDUwLjM3QzMwLjEyIDUwLjI3IDMwLjAyIDUwLjE3IDMwLjAyIDUwLjA3QzMwLjAyIDQ5Ljk3IDI5LjkyIDQ5Ljg3IDI5LjgyIDQ5Ljc3QzI5LjcyIDQ5LjY3IDI5LjcyIDQ5LjU3IDI5LjYyIDQ5LjQ3QzI5LjUyIDQ5LjM3IDI5LjUyIDQ5LjI3IDI5LjQyIDQ5LjE3QzI5LjMyIDQ5LjA3IDI5LjMyIDQ4Ljk3IDI5LjIyIDQ4Ljg3QzI5LjEyIDQ4Ljc3IDI5LjEyIDQ4LjY3IDI5LjAyIDQ4LjU3QzI4LjkyIDQ4LjQ3IDI4LjkyIDQ4LjM3IDI4LjgyIDQ4LjI3QzI4LjcyIDQ4LjE3IDI4LjcyIDQ4LjA3IDI4LjYyIDQ3Ljk3QzI4LjUyIDQ3Ljg3IDI4LjUyIDQ3Ljc3IDI4LjQyIDQ3LjY3QzI4LjMyIDQ3LjU3IDI4LjMyIDQ3LjQ3IDI4LjIyIDQ3LjM3QzI4LjEyIDQ3LjI3IDI4LjEyIDQ3LjE3IDI4LjAyIDQ3LjA3QzI3LjkyIDQ2Ljk3IDI3LjkyIDQ2Ljg3IDI3LjgyIDQ2Ljc3QzI3Ljc4MjIgNDYuNzMwNSAyNy43NTM2IDQ2LjY4MzEgMjcuNzM2MyA0Ni42MzEyQzI3LjcxOSA0Ni41NzkzIDI3LjcxMzUgNDYuNTI0MyAyNy43MiA0Ni40N0MyNy42MiA0Ni4zNyAyNy42MiA0Ni4yNyAyNy41MiA0Ni4wN0MyNy40MiA0NS44NyAyNy40MiA0NS44NyAyNy40MiA0NS43N0MyNy40MiA0NS42NyAyNy4zMiA0NS40NyAyNy4yMiA0NS4zN0MyNy4yMDk0IDQ1LjI5NDIgMjcuMTc0MyA0NS4yMjM5IDI3LjEyIDQ1LjE3QzI2LjkwODYgNDQuNjg2IDI2Ljc0MTMgNDQuMTg0IDI2LjYyIDQzLjY3QzI2LjYyNjUgNDMuNjE1NyAyNi42MjA5IDQzLjU2MDcgMjYuNjAzNyA0My41MDg4QzI2LjU4NjQgNDMuNDU2OSAyNi41NTc4IDQzLjQwOTUgMjYuNTIgNDMuMzdDMjYuNTIgNDMuMjcgMjYuNDIgNDMuMDcgMjYuNDIgNDIuOTdDMjYuNDI2NSA0Mi45MTU3IDI2LjQyMDkgNDIuODYwNyAyNi40MDM3IDQyLjgwODhDMjYuMzg2NCA0Mi43NTY5IDI2LjM1NzggNDIuNzA5NSAyNi4zMiA0Mi42N0MyNi4zMiA0Mi41NyAyNi4yMiA0Mi4zNyAyNi4yMiA0Mi4yN0MyNi4yMjY1IDQyLjIxNTcgMjYuMjIwOSA0Mi4xNjA2IDI2LjIwMzcgNDIuMTA4OEMyNi4xODY0IDQyLjA1NjkgMjYuMTU3OCA0Mi4wMDk1IDI2LjEyIDQxLjk3QzI2LjEzNSA0MS44MjkgMjYuMDk5NSA0MS42ODczIDI2LjAyIDQxLjU3VjM5LjQ3QzI2LjA0MTUgMzguNzMzMyAyNi4xMDgzIDM3Ljk5ODUgMjYuMjIgMzcuMjdDMjYuNDQ3IDM2LjA3NTUgMjYuNzgxNyAzNC45MDQxIDI3LjIyIDMzLjc3QzI3LjMyIDMzLjY3IDI3LjMyIDMzLjQ3IDI3LjQyIDMzLjM3QzI3LjUyIDMzLjI3IDE0LjcyIDI3LjY3IDAuMTE5OTg2IDUuODdDLTAuNDgwMDE0IDQuODcgMS4zMTk5OSA0LjQ3IDIuMjE5OTkgNC43N0MxMS4wMiA3LjA3IDI0LjUyIDE2LjY3IDMxLjcyIDE4LjQ3QzM4LjIyIDIwLjE3IDQxLjkyIDAuMDY5OTk1OSA1Ni4zMiAxNi43N0M1Ny4wMiAxNy41NyA1Ny41MiAxOC4xNyA1OC4wMiAxOC42N0M1OC41MiAxOS4xNyA1OC4yMiAxOS4yNyA1Ny43MiAxOS4xN0M1NS43OTM5IDE4LjU5MTUgNTMuODE5IDE4LjE4OTggNTEuODIgMTcuOTdWMTcuOTdDNTEuNDIgMTcuOTcgNTEuNDIgMTcuODcgNTEuMzIgMTcuNTdDNTEuMDc5IDE3LjIxODkgNTAuNzQ2NyAxNi45NDAyIDUwLjM1OTEgMTYuNzY0QzQ5Ljk3MTQgMTYuNTg3OCA0OS41NDMgMTYuNTIwNyA0OS4xMiAxNi41N0M0OC42OTgyIDE2LjUzMzMgNDguMjc0MSAxNi42MDYgNDcuODg4NyAxNi43ODEyQzQ3LjUwMzMgMTYuOTU2NCA0Ny4xNjk3IDE3LjIyODEgNDYuOTIgMTcuNTdDNDYuODIgMTcuODcgNDYuNzIgMTcuODcgNDYuNTIgMTcuOTdDNDAuMzIgMTguNDcgMzMuNTIgMjEuMjcgMzAuMDIgMjkuNzdDMjguNTIgMzMuMzcgMzMuNjIgMzUuMjcgMzguOTIgMzIuNjdDMzYuMzQxNyAzNS42NTA0IDM0LjQ2MjUgMzkuMTY5NiAzMy40MiA0Mi45N0MzMy4xMDYgNDQuMDQ2MiAzMi45MDQ5IDQ1LjE1MjIgMzIuODIgNDYuMjdDMzIuNzAwMSA0Ny4yMzIzIDMyLjYzMzQgNDguMjAwNCAzMi42MiA0OS4xN0MzMi42MTY1IDUwLjQ0MjcgMzIuNzE2OCA1MS43MTM2IDMyLjkyIDUyLjk3VjUyLjk3WiIgZmlsbD0idXJsKCNwYWludDZfbGluZWFyXzFfMzIpIi8+CjxwYXRoIG9wYWNpdHk9IjAuMyIgZD0iTTI2LjIyIDMyLjU3QzIyLjcyIDMwLjU3IDEyLjIyIDIzLjU3IDAuNDIwMDEzIDYuMDcwMDFDNS4zMjAwMSA3Ljk3MDAxIDM0LjEyIDIxLjc3IDI3LjUyIDMzLjI3SDI3LjIyQzI3LjIwNjkgMzMuMjcgMjcuMTkzOSAzMy4yNjc0IDI3LjE4MTcgMzMuMjYyNEMyNy4xNjk2IDMzLjI1NzQgMjcuMTU4NiAzMy4yNSAyNy4xNDkzIDMzLjI0MDdDMjcuMTQgMzMuMjMxNCAyNy4xMzI3IDMzLjIyMDQgMjcuMTI3NiAzMy4yMDgzQzI3LjEyMjYgMzMuMTk2MSAyNy4xMiAzMy4xODMxIDI3LjEyIDMzLjE3SDI3LjAyQzI2Ljk5MzUgMzMuMTcgMjYuOTY4MSAzMy4xNTk1IDI2Ljk0OTMgMzMuMTQwN0MyNi45MzA1IDMzLjEyMiAyNi45MiAzMy4wOTY1IDI2LjkyIDMzLjA3VjMzLjA3QzI2LjgyIDMyLjk3IDI2LjcyIDMyLjk3IDI2LjYyIDMyLjg3QzI2LjQyIDMyLjY3IDI2LjMyIDMyLjY3IDI2LjIyIDMyLjU3VjMyLjU3WiIgZmlsbD0idXJsKCNwYWludDdfbGluZWFyXzFfMzIpIi8+CjxwYXRoIG9wYWNpdHk9IjAuMyIgZD0iTTI2LjIyIDMyLjU3QzIyLjcyIDMwLjU3IDEyLjIyIDIzLjU3IDAuNDIwMDEzIDYuMDcwMDFDNS4zMjAwMSA3Ljk3MDAxIDM0LjEyIDIxLjc3IDI3LjUyIDMzLjI3SDI3LjIyQzI3LjIwNjkgMzMuMjcgMjcuMTkzOSAzMy4yNjc0IDI3LjE4MTcgMzMuMjYyNEMyNy4xNjk2IDMzLjI1NzQgMjcuMTU4NiAzMy4yNSAyNy4xNDkzIDMzLjI0MDdDMjcuMTQgMzMuMjMxNCAyNy4xMzI3IDMzLjIyMDQgMjcuMTI3NiAzMy4yMDgzQzI3LjEyMjYgMzMuMTk2MSAyNy4xMiAzMy4xODMxIDI3LjEyIDMzLjE3SDI3LjAyQzI2Ljk5MzUgMzMuMTcgMjYuOTY4MSAzMy4xNTk1IDI2Ljk0OTMgMzMuMTQwN0MyNi45MzA1IDMzLjEyMiAyNi45MiAzMy4wOTY1IDI2LjkyIDMzLjA3VjMzLjA3QzI2LjgyIDMyLjk3IDI2LjcyIDMyLjk3IDI2LjYyIDMyLjg3QzI2LjQyIDMyLjY3IDI2LjMyIDMyLjY3IDI2LjIyIDMyLjU3VjMyLjU3WiIgZmlsbD0idXJsKCNwYWludDhfbGluZWFyXzFfMzIpIi8+CjxwYXRoIG9wYWNpdHk9IjAuMyIgZD0iTTI2LjIyIDMyLjU3QzIyLjcyIDMwLjU3IDEyLjIyIDIzLjU3IDAuNDIwMDEzIDYuMDcwMDFDNS4zMjAwMSA3Ljk3MDAxIDMwLjYyIDI0LjU3IDI3LjUyIDMzLjI3SDI3LjIyQzI3LjIwNjkgMzMuMjcgMjcuMTkzOSAzMy4yNjc0IDI3LjE4MTcgMzMuMjYyNEMyNy4xNjk2IDMzLjI1NzQgMjcuMTU4NiAzMy4yNSAyNy4xNDkzIDMzLjI0MDdDMjcuMTQgMzMuMjMxNCAyNy4xMzI3IDMzLjIyMDQgMjcuMTI3NiAzMy4yMDgzQzI3LjEyMjYgMzMuMTk2MSAyNy4xMiAzMy4xODMxIDI3LjEyIDMzLjE3SDI3LjAyQzI2Ljk5MzUgMzMuMTcgMjYuOTY4MSAzMy4xNTk1IDI2Ljk0OTMgMzMuMTQwN0MyNi45MzA1IDMzLjEyMiAyNi45MiAzMy4wOTY1IDI2LjkyIDMzLjA3VjMzLjA3QzI2LjgyIDMyLjk3IDI2LjcyIDMyLjk3IDI2LjYyIDMyLjg3QzI2LjQyIDMyLjY3IDI2LjMyIDMyLjY3IDI2LjIyIDMyLjU3VjMyLjU3WiIgZmlsbD0idXJsKCNwYWludDlfbGluZWFyXzFfMzIpIi8+CjxwYXRoIGQ9Ik01OC4wMiAxOC43N0M1Ny41MiAxOC4yNyA1Ni45MiAxNy41NyA1Ni4yMiAxNi44N0M0Ni4wMiA0Ljg2OTk5IDQxLjIyIDExLjY3IDM2LjkyIDE1Ljk3TDM2LjYyIDE2LjI3QzM1LjgzNDIgMTcuMTQ3NiAzNC44ODI2IDE3Ljg2MTMgMzMuODIgMTguMzdWMTguMzdDMzMuNzkzNSAxOC4zNyAzMy43NjgxIDE4LjM4MDUgMzMuNzQ5MyAxOC4zOTkzQzMzLjczMDYgMTguNDE4IDMzLjcyIDE4LjQ0MzUgMzMuNzIgMTguNDdDMzMuNjIgMTguNDcgMzMuNjIgMTguNDcgMzMuNTIgMTguNTdIMzEuOTJDMzguMjIgMTkuMjcgNDIuMTIgNC4zNyA1Ny40MiAxOS4xN0g1Ny43MkM1OC4zMiAxOS4yNyA1OC4zMiAxOS4wNyA1OC4wMiAxOC43N1oiIGZpbGw9InVybCgjcGFpbnQxMF9saW5lYXJfMV8zMikiLz4KPHBhdGggZD0iTTU3LjgyIDE5LjI3QzU3LjYxNTIgMTkuMjE4NiA1Ny40MTQ2IDE5LjE1MTggNTcuMjIgMTkuMDdINTcuMDJDNTUuMjYgMTguNTQ4MiA1My40NTAxIDE4LjIxMyA1MS42MiAxOC4wN1YxOC4wN0M1MS4xMiAxOC4wNyA1MS4zMiAxNy45NyA1MS4xMiAxNy42N0M1MC44NzkgMTcuMzE4OSA1MC41NDY4IDE3LjA0MDIgNTAuMTU5MSAxNi44NjRDNDkuNzcxNCAxNi42ODc4IDQ5LjM0MyAxNi42MjA3IDQ4LjkyIDE2LjY3QzQ4LjQ5OTUgMTYuNjQ0NCA0OC4wNzkyIDE2LjcyMjIgNDcuNjk1NyAxNi44OTY1QzQ3LjMxMjIgMTcuMDcwOCA0Ni45NzcyIDE3LjMzNjQgNDYuNzIgMTcuNjdDNDYuNjIgMTcuOTcgNDYuNTIgMTcuOTcgNDYuMzIgMTguMDdDNDAuMjIgMTguNTcgMzMuNjIgMjEuMjcgMzAuMTIgMjkuMjdDMzguMTIgMTguODcgNDkuMjIgMTguNzcgNjEuMzIgMjEuMDdDNjIuMTIgMjEuMjcgNjMuMDIgMjEuNDcgNjQuMTIgMjEuNjdMNTcuODIgMTkuMjdaIiBmaWxsPSJ3aGl0ZSIvPgo8cGF0aCBvcGFjaXR5PSIwLjgiIGQ9Ik0xNi4xMiAzLjA2OTk5QzE2LjEyIDIuNzY5OTkgMTYuMDIgMi40Njk5OSAxNi4wMiAyLjI2OTk5QzI2LjEyIDEwLjM3IDI5LjIyIDIxLjM3IDM2LjAyIDE2Ljg3QzM0LjYyIDE4LjA3IDMzLjMyIDE4Ljg3IDMxLjcyIDE4LjQ3QzI4LjQyIDE3LjU3IDIzLjcyIDE1LjA3IDE4LjcyIDEyLjM3QzE3LjY3NzEgOS4zMjE5OSAxNi44MDkgNi4yMTY5NCAxNi4xMiAzLjA2OTk5VjMuMDY5OTlaIiBmaWxsPSJ1cmwoI3BhaW50MTFfbGluZWFyXzFfMzIpIi8+CjxwYXRoIG9wYWNpdHk9IjAuOCIgZD0iTTE2LjEyIDMuMDY5OTlDMTYuMTIgMi43Njk5OSAxNi4wMiAyLjQ2OTk5IDE2LjAyIDIuMjY5OTlDMjYuMTIgMTAuMzcgMjkuMjIgMjEuMzcgMzYuMDIgMTYuODdDMzQuNjIgMTguMDcgMzMuMzIgMTguODcgMzEuNzIgMTguNDdDMjguNDIgMTcuNTcgMjMuNzIgMTUuMDcgMTguNzIgMTIuMzdDMTcuNjc3MSA5LjMyMTk5IDE2LjgwOSA2LjIxNjk0IDE2LjEyIDMuMDY5OTlWMy4wNjk5OVoiIGZpbGw9InVybCgjcGFpbnQxMl9saW5lYXJfMV8zMikiLz4KPHBhdGggZD0iTTM3LjQyIDU1Ljk3QzM1Ljc0MTYgNTYuNTA5IDM0LjI5NiA1Ny42MDIgMzMuMzIgNTkuMDdDMzAuNzgxNiA1Ni40NjY5IDI4LjgxOTcgNTMuMzU4NiAyNy41NjIgNDkuOTQ3MkMyNi4zMDQzIDQ2LjUzNTggMjUuNzc4OSA0Mi44OTc5IDI2LjAyIDM5LjI3VjM5LjI3QzI1LjcyIDQ2Ljg3IDMxLjkyIDUzLjg3IDM3LjUyIDU1LjM3QzM3LjgyIDU1LjQ3IDM3LjgyIDU1Ljc3IDM3LjQyIDU1Ljk3WiIgZmlsbD0idXJsKCNwYWludDEzX2xpbmVhcl8xXzMyKSIvPgo8L2c+CjxkZWZzPgo8bGluZWFyR3JhZGllbnQgaWQ9InBhaW50MF9saW5lYXJfMV8zMiIgeDE9IjI2Ljk3MDIiIHkxPSI0MS4yODA2IiB4Mj0iMzUuMzk5MSIgeTI9IjgxLjkzMDgiIGdyYWRpZW50VW5pdHM9InVzZXJTcGFjZU9uVXNlIj4KPHN0b3Agc3RvcC1jb2xvcj0iIzFERkM1MSIvPgo8c3RvcCBvZmZzZXQ9IjAuMiIgc3RvcC1jb2xvcj0iIzI1RDI0RSIvPgo8c3RvcCBvZmZzZXQ9IjAuNTQiIHN0b3AtY29sb3I9IiMzMzgxNDgiLz4KPHN0b3Agb2Zmc2V0PSIxIiBzdG9wLWNvbG9yPSIjMDE1OTQyIi8+CjwvbGluZWFyR3JhZGllbnQ+CjxsaW5lYXJHcmFkaWVudCBpZD0icGFpbnQxX2xpbmVhcl8xXzMyIiB4MT0iNDEuODEiIHkxPSIyMi40MiIgeDI9IjE3LjI3IiB5Mj0iLTAuNDY5OTk4IiBncmFkaWVudFVuaXRzPSJ1c2VyU3BhY2VPblVzZSI+CjxzdG9wIHN0b3AtY29sb3I9IiNFODNBOTUiLz4KPHN0b3Agb2Zmc2V0PSIwLjA4IiBzdG9wLWNvbG9yPSIjRUQ2NEFDIi8+CjxzdG9wIG9mZnNldD0iMC4yNSIgc3RvcC1jb2xvcj0iI0Y5Q0VFNSIvPgo8c3RvcCBvZmZzZXQ9IjAuMzMiIHN0b3AtY29sb3I9IndoaXRlIi8+CjwvbGluZWFyR3JhZGllbnQ+CjxsaW5lYXJHcmFkaWVudCBpZD0icGFpbnQyX2xpbmVhcl8xXzMyIiB4MT0iLTEyMzkyNSIgeTE9IjE0MDY0LjgiIHgyPSItMTIzNjQ1IiB5Mj0iMTM0NjkuNCIgZ3JhZGllbnRVbml0cz0idXNlclNwYWNlT25Vc2UiPgo8c3RvcCBzdG9wLWNvbG9yPSIjRTgzQTk1Ii8+CjxzdG9wIG9mZnNldD0iMC4wOCIgc3RvcC1jb2xvcj0iI0VENjRBQyIvPgo8c3RvcCBvZmZzZXQ9IjAuMjUiIHN0b3AtY29sb3I9IiNGOUNFRTUiLz4KPHN0b3Agb2Zmc2V0PSIwLjMzIiBzdG9wLWNvbG9yPSJ3aGl0ZSIvPgo8L2xpbmVhckdyYWRpZW50Pgo8bGluZWFyR3JhZGllbnQgaWQ9InBhaW50M19saW5lYXJfMV8zMiIgeDE9IjE3LjQ2IiB5MT0iOC44NTAwMSIgeDI9IjEzLjUxIiB5Mj0iMjEuNDQiIGdyYWRpZW50VW5pdHM9InVzZXJTcGFjZU9uVXNlIj4KPHN0b3Agb2Zmc2V0PSIwLjQ5IiBzdG9wLWNvbG9yPSIjMURGQzUxIi8+CjxzdG9wIG9mZnNldD0iMC42MyIgc3RvcC1jb2xvcj0iIzE2RDI0RCIvPgo8c3RvcCBvZmZzZXQ9IjAuOTMiIHN0b3AtY29sb3I9IiMwNDY4NDQiLz4KPHN0b3Agb2Zmc2V0PSIwLjk3IiBzdG9wLWNvbG9yPSIjMDE1OTQyIi8+CjwvbGluZWFyR3JhZGllbnQ+CjxsaW5lYXJHcmFkaWVudCBpZD0icGFpbnQ0X2xpbmVhcl8xXzMyIiB4MT0iNjIwLjY1NSIgeTE9IjI1NTQ3LjciIHgyPSIzNzIuMzQ0IiB5Mj0iMjU4MTguOSIgZ3JhZGllbnRVbml0cz0idXNlclNwYWNlT25Vc2UiPgo8c3RvcCBvZmZzZXQ9IjAuNDkiIHN0b3AtY29sb3I9IiMxREZDNTEiLz4KPHN0b3Agb2Zmc2V0PSIwLjYzIiBzdG9wLWNvbG9yPSIjMTZEMjREIi8+CjxzdG9wIG9mZnNldD0iMC45MyIgc3RvcC1jb2xvcj0iIzA0Njg0NCIvPgo8c3RvcCBvZmZzZXQ9IjAuOTciIHN0b3AtY29sb3I9IiMwMTU5NDIiLz4KPC9saW5lYXJHcmFkaWVudD4KPGxpbmVhckdyYWRpZW50IGlkPSJwYWludDVfbGluZWFyXzFfMzIiIHgxPSI1NTUuNTE1IiB5MT0iMjU2MTQuMyIgeDI9IjM0Ny4xMDEiIHkyPSIyNTg0Mi4xIiBncmFkaWVudFVuaXRzPSJ1c2VyU3BhY2VPblVzZSI+CjxzdG9wIG9mZnNldD0iMC40OSIgc3RvcC1jb2xvcj0iIzFERkM1MSIvPgo8c3RvcCBvZmZzZXQ9IjAuNjMiIHN0b3AtY29sb3I9IiMxNkQyNEQiLz4KPHN0b3Agb2Zmc2V0PSIwLjkzIiBzdG9wLWNvbG9yPSIjMDQ2ODQ0Ii8+CjxzdG9wIG9mZnNldD0iMC45NyIgc3RvcC1jb2xvcj0iIzAxNTk0MiIvPgo8L2xpbmVhckdyYWRpZW50Pgo8bGluZWFyR3JhZGllbnQgaWQ9InBhaW50Nl9saW5lYXJfMV8zMiIgeDE9IjI5Ljg2IiB5MT0iMTcuOTQiIHgyPSIzNi4yMSIgeTI9IjY2LjUxIiBncmFkaWVudFVuaXRzPSJ1c2VyU3BhY2VPblVzZSI+CjxzdG9wIHN0b3AtY29sb3I9IiMwMTU5NDIiLz4KPHN0b3Agb2Zmc2V0PSIwLjI2IiBzdG9wLWNvbG9yPSIjMDE0NjJEIi8+CjxzdG9wIG9mZnNldD0iMC44MSIgc3RvcC1jb2xvcj0iIzAwMjEwMyIvPgo8L2xpbmVhckdyYWRpZW50Pgo8bGluZWFyR3JhZGllbnQgaWQ9InBhaW50N19saW5lYXJfMV8zMiIgeDE9IjEwLjQ0IiB5MT0iMjMuOTYiIHgyPSIyMy40IiB5Mj0iOC4xOTAwMSIgZ3JhZGllbnRVbml0cz0idXNlclNwYWNlT25Vc2UiPgo8c3RvcCBzdG9wLWNvbG9yPSIjMDE1OTQyIi8+CjxzdG9wIG9mZnNldD0iMC4yOCIgc3RvcC1jb2xvcj0iIzM3OTE0NSIvPgo8c3RvcCBvZmZzZXQ9IjAuNTEiIHN0b3AtY29sb3I9IiM2MEJCNDciLz4KPC9saW5lYXJHcmFkaWVudD4KPGxpbmVhckdyYWRpZW50IGlkPSJwYWludDhfbGluZWFyXzFfMzIiIHgxPSIxMC40NCIgeTE9IjIzLjk2IiB4Mj0iMjMuNCIgeTI9IjguMTkwMDEiIGdyYWRpZW50VW5pdHM9InVzZXJTcGFjZU9uVXNlIj4KPHN0b3Agc3RvcC1jb2xvcj0iIzAxNTk0MiIvPgo8c3RvcCBvZmZzZXQ9IjAuMDQiIHN0b3AtY29sb3I9IiMwNDY4NDQiLz4KPHN0b3Agb2Zmc2V0PSIwLjM3IiBzdG9wLWNvbG9yPSIjMTZEMjREIi8+CjxzdG9wIG9mZnNldD0iMC41MSIgc3RvcC1jb2xvcj0iIzFERkM1MSIvPgo8L2xpbmVhckdyYWRpZW50Pgo8bGluZWFyR3JhZGllbnQgaWQ9InBhaW50OV9saW5lYXJfMV8zMiIgeDE9IjEyLjgzIiB5MT0iMjEuMDYiIHgyPSIyMy4xMiIgeTI9IjguNTIwMDEiIGdyYWRpZW50VW5pdHM9InVzZXJTcGFjZU9uVXNlIj4KPHN0b3Agc3RvcC1jb2xvcj0iIzAxNTk0MiIvPgo8c3RvcCBvZmZzZXQ9IjEiIHN0b3AtY29sb3I9IiM2MEJCNDciIHN0b3Atb3BhY2l0eT0iMCIvPgo8L2xpbmVhckdyYWRpZW50Pgo8bGluZWFyR3JhZGllbnQgaWQ9InBhaW50MTBfbGluZWFyXzFfMzIiIHgxPSI1Mi4zMyIgeTE9Ii0xNi41IiB4Mj0iNDQuNDIiIHkyPSIyMS43MSIgZ3JhZGllbnRVbml0cz0idXNlclNwYWNlT25Vc2UiPgo8c3RvcCBzdG9wLWNvbG9yPSIjNjBCQjQ3Ii8+CjxzdG9wIG9mZnNldD0iMC40NSIgc3RvcC1jb2xvcj0iIzM3OTE0NSIvPgo8c3RvcCBvZmZzZXQ9IjEiIHN0b3AtY29sb3I9IiMwMTU5NDIiLz4KPC9saW5lYXJHcmFkaWVudD4KPGxpbmVhckdyYWRpZW50IGlkPSJwYWludDExX2xpbmVhcl8xXzMyIiB4MT0iMjYuMDIiIHkxPSItMS4xMjU5ZS0wNSIgeDI9IjI2LjAyIiB5Mj0iMjcuMDQiIGdyYWRpZW50VW5pdHM9InVzZXJTcGFjZU9uVXNlIj4KPHN0b3Agc3RvcC1jb2xvcj0iIzFERkM1MSIvPgo8c3RvcCBvZmZzZXQ9IjAuMTkiIHN0b3AtY29sb3I9IiMxNkQyNEQiLz4KPHN0b3Agb2Zmc2V0PSIwLjYzIiBzdG9wLWNvbG9yPSIjMDQ2ODQ0Ii8+CjxzdG9wIG9mZnNldD0iMC42OCIgc3RvcC1jb2xvcj0iIzAxNTk0MiIvPgo8L2xpbmVhckdyYWRpZW50Pgo8bGluZWFyR3JhZGllbnQgaWQ9InBhaW50MTJfbGluZWFyXzFfMzIiIHgxPSIyNi4wMiIgeTE9Ii0yLjQ5MDAxIiB4Mj0iMjYuMDIiIHkyPSIyNC41NSIgZ3JhZGllbnRVbml0cz0idXNlclNwYWNlT25Vc2UiPgo8c3RvcCBzdG9wLWNvbG9yPSIjMURGQzUxIi8+CjxzdG9wIG9mZnNldD0iMC4yOCIgc3RvcC1jb2xvcj0iIzE2RDI0RCIvPgo8c3RvcCBvZmZzZXQ9IjAuOTIiIHN0b3AtY29sb3I9IiMwNDY4NDQiLz4KPHN0b3Agb2Zmc2V0PSIxIiBzdG9wLWNvbG9yPSIjMDE1OTQyIi8+CjwvbGluZWFyR3JhZGllbnQ+CjxsaW5lYXJHcmFkaWVudCBpZD0icGFpbnQxM19saW5lYXJfMV8zMiIgeDE9IjQzLjYxIiB5MT0iMzYuNiIgeDI9IjI1LjgzIiB5Mj0iNTMuMTEiIGdyYWRpZW50VW5pdHM9InVzZXJTcGFjZU9uVXNlIj4KPHN0b3Agc3RvcC1jb2xvcj0iIzAxNTk0MiIvPgo8c3RvcCBvZmZzZXQ9IjAuMDgiIHN0b3AtY29sb3I9IiMwNDY4NDQiLz4KPHN0b3Agb2Zmc2V0PSIwLjcyIiBzdG9wLWNvbG9yPSIjMTZEMjREIi8+CjxzdG9wIG9mZnNldD0iMSIgc3RvcC1jb2xvcj0iIzFERkM1MSIvPgo8L2xpbmVhckdyYWRpZW50Pgo8Y2xpcFBhdGggaWQ9ImNsaXAwXzFfMzIiPgo8cmVjdCB3aWR0aD0iNzQuNDUiIGhlaWdodD0iNjIuNCIgZmlsbD0id2hpdGUiLz4KPC9jbGlwUGF0aD4KPC9kZWZzPgo8L3N2Zz4K);
}
.topcashback-serp-de__text-3Ryyi5 {
    display: inline-block;
    font-family: 'OpenSans', Helvetica, Arial, sans-serif;
    color: #F60859;
    font-size: 14px;
    font-weight: bold;
}
.topcashback-serp-de__text-3Ryyi5 span {
    color: #175941;
}
</style><style type="text/css">.Flyout-module_flyout__qLvdx {
    display: none;
    flex-direction: column;
    position: absolute;
    width: 100%;
    right: 0;
    top: 56px;
    z-index: 3;
    box-shadow:
            0px 4px 14px 0px rgba(0, 0, 0, 0.1),
            0px 2px 10px 0px rgba(0, 0, 0, 0.08);
}

@media (min-width: 544px) {

    .Flyout-module_flyout__qLvdx {
        border-bottom: none;
        border-radius: 12px;
        border-radius: var(--pp-spacing-s, 12px);
        right: 15px;
        top: 35px;
        min-width: 240px;
        max-width: 300px;
    }
}

.Flyout-module_flyoutVisible__u9qJE {

    display: flex;
}

.Flyout-module_link__o7Tl6 {
    display: flex;
    justify-content: flex-start;
    align-items: center;
    height: 44px;
    padding: 8px 12px;
    padding: var(--pp-spacing-xs, 8px) var(--pp-spacing-s, 12px);
    background-color: #fff;
    background-color: var(--pp-color-surface-static-default, #fff);
    z-index: 2;
    overflow: hidden;
    color: var(--pp-color-text-default);
    font-size: var(--pp-font-copy-medium);
    line-height: 22px;
    font-weight: normal;
    cursor: pointer;
    text-decoration: none;
}

.Flyout-module_link__o7Tl6:first-child {
    border-radius: 6px 6px 0 0;
}

.Flyout-module_link__o7Tl6:last-child {
    border-radius: 0 0 6px 6px;
}

.Flyout-module_link__o7Tl6:not(:last-child) {
    border-bottom: 1px solid #e5e2dc;
    border-bottom: 1px solid var(--pp-color-surface-action-neutral-default, #e5e2dc);
}

.Flyout-module_link__o7Tl6:hover {
    color: var(--pp-color-text-primary);
    background: linear-gradient(
            0deg,
            rgba(211, 208, 202, 0.2) 0%,
            rgba(211, 208, 202, 0.2) 100%
    ),
    #fff;
    background: linear-gradient(
            0deg,
            var(--pp-color-surface-action-snow-hover, rgba(211, 208, 202, 0.2)) 0%,
            var(--pp-color-surface-action-snow-hover, rgba(211, 208, 202, 0.2)) 100%
    ),
    var(--pp-color-surface-action-snow-default, #fff);
}

.Flyout-module_logoutLink__6nAVe {

    padding-top: 15px;
    padding-bottom: 15px;
    color: var(--pp-color-text-primary);
    font-weight: bold;
    background-color: var(--pp-color-surface-static-neutral);
    justify-content: center;
}

.Flyout-module_linkText__OZGD8 {
    display: inline-flex;
    flex: 1;
    justify-content: space-between;
}

.Flyout-module_badge__qeCoV {
    height: 20px;
    min-width: 26px;
    padding: 0px 6px;
    text-align: center;
    border-radius: 16px;
    color: var(--pp-color-text-default);
    background-color: var(--pp-color-special-promotion);
    font: var(--pp-font-copy-medium-heavy);
}
</style><style type="text/css">.FlyoutLegacy-module_flyout__tVGOV {
    display: none;
    flex-direction: column;
    position: absolute;
    width: 100%;
    right: 0;
    top: 56px;
    z-index: 3;
    box-shadow: 0 6px 25px -6px rgba(78, 95, 116, 0.5);
}

@media (min-width: 544px) {

    .FlyoutLegacy-module_flyout__tVGOV {
        border-bottom: none;
        border-radius: 6px;
        right: 15px;
        top: 35px;
        min-width: 240px;
    }
}

.FlyoutLegacy-module_flyoutVisible__FgDok {

    display: flex;
}

.FlyoutLegacy-module_link__C9NYQ {
    display: flex;
    justify-content: center;
    align-items: center;
    padding: 12px 20px;
    background-color: var(--z-color-white);
    z-index: 2;
    overflow: hidden;
    color: var(--z-color-neutral-dark);
    font-size: 14px;
    line-height: 18px;
    font-weight: normal;
    cursor: pointer;
    text-decoration: none;
}

.FlyoutLegacy-module_link__C9NYQ:first-child {
    border-radius: 6px 6px 0 0;
}

.FlyoutLegacy-module_link__C9NYQ:last-child {
    border-radius: 0 0 6px 6px;
}

.FlyoutLegacy-module_link__C9NYQ:not(:last-child) {
    border-bottom: 1px solid var(--z-color-neutral-light);
}

.FlyoutLegacy-module_link__C9NYQ:hover {
    color: var(--z-color-primary-dark);
    background: var(--z-color-neutral-ultralight);
}

@media (min-width: 544px) {

    .FlyoutLegacy-module_link__C9NYQ {
        justify-content: flex-start;
    }
}

.FlyoutLegacy-module_logoutLink__Y08fd {

    padding-top: 15px;
    padding-bottom: 15px;
    color: var(--z-color-primary);
    font-weight: bold;
    background: var(--z-color-neutral-ultralight);
    justify-content: center;
}

@media (min-width: 544px) {

    .FlyoutLegacy-module_logoutLink__Y08fd {
        justify-content: center;
    }
}

.FlyoutLegacy-module_linkText__-7pXc {
    position: relative;
}

.FlyoutLegacy-module_badge__fInt0 {
    position: absolute;
    left: 100%;
    display: inline-block;
    margin-left: 5px;
    padding: 2px 10px;
    border-radius: 4px;
    background-color: var(--z-color-info-ultralight);
    color: var(--z-color-neutrla-mid);
    font-size: 12px;
    line-height: 16px;
}
</style><style type="text/css">.Account-module_accountWrapper__QiiTp {
    position: relative;
    display: flex;
    justify-content: center;
    align-items: center;
    height: 36px;
    padding: 0 0 0 15px;
}

.Account-module_linkText__YMluc {
    vertical-align: middle;
}

.Account-module_primaryIcon__2zRft {
    display: inline-block;
    vertical-align: middle;
    fill: currentColor;
    position: relative;
    margin-right: 0;
}

.Account-module_primaryIconNoMargin__cw6Y2 {
    margin-right: 12px;
    margin-right: var(--pp-spacing-s, 12px);
}

.Account-module_primaryIconWithFlyoutOpen__PzBFY::after {
    z-index: 4;
    content: '';
    width: 0;
    height: 0;
    position: absolute;
    top: calc(50% + 10px);
    left: 50%;
    transform: translateX(-50%);
    display: block;
    border-left: 7px solid transparent;
    border-right: 7px solid transparent;
    border-bottom: 7px solid #fff;
    border-bottom: 7px solid var(--pp-color-surface-static-default, #fff);
    filter: drop-shadow(-1px -1px 10px rgba(0, 0, 0, 0.2));
}

.Account-module_inlinedPrimaryIcon__RbTiG {
    display: inline-block;
    vertical-align: middle;
    height: 24px;
    margin-right: 4px;
    fill: currentColor;
}

.Account-module_accessibleText__6Scha {
    position: absolute !important;
}

.Account-module_accessibleText__6Scha {
    height: 1px;
    width: 1px;
    overflow: hidden;
    padding: 0;
    border: 0;
    clip: rect(1px 1px 1px 1px);
    clip: rect(1px, 1px, 1px, 1px);
}

.Account-module_link__M3StF {
    text-decoration: none;
    display: flex;
    align-items: center;
    padding: 0;
    font-size: 14px;
    line-height: 18px;
    font-weight: bold;
    cursor: pointer;
    white-space: nowrap;
    color: var(--pp-color-text-primary);
}

.Account-module_link__M3StF:hover,
.Account-module_link__M3StF:hover:visited {
    color: var(--pp-color-text-primary);
}

.Account-module_link__M3StF:visited {
    color: var(--pp-color-text-primary);
}
</style><style type="text/css">.AccountLegacy-module_accountWrapper__cxESR {
    position: relative;
    display: flex;
    justify-content: center;
    align-items: center;
    height: 36px;
    padding: 0 0 0 15px;
}

.AccountLegacy-module_linkText__uERqs {
    vertical-align: middle;
}

.AccountLegacy-module_primaryIcon__L0J0J {
    display: inline-block;
    vertical-align: middle;
    fill: currentColor;
    position: relative;
    margin-right: 0;
}

.AccountLegacy-module_primaryIconNoMargin__BW-lE {
    margin-right: 5px;
}

.AccountLegacy-module_primaryIconWithFlyoutOpen__B-qJ2::after {
    z-index: 4;
    content: "";
    width: 0;
    height: 0;
    position: absolute;
    top: calc(50% + 10px);
    left: 50%;
    transform: translateX(-50%);
    display: block;
    border-left: 7px solid transparent;
    border-right: 7px solid transparent;
    border-bottom: 7px solid var(--z-color-white);
    filter: drop-shadow(-1px -1px 10px rgba(0,0,0,0.2));
}

.AccountLegacy-module_inlinedPrimaryIcon__P7tHz {
    display: inline-block;
    vertical-align: middle;
    height: 24px;
    fill: currentColor;
}

.AccountLegacy-module_accessibleText__R6p0A {
    position: absolute !important;
}

.AccountLegacy-module_accessibleText__R6p0A {
    height: 1px;
    width: 1px;
    overflow: hidden;
    padding: 0;
    border: 0;
    clip: rect(1px 1px 1px 1px);
    clip: rect(1px, 1px, 1px, 1px);
}

.AccountLegacy-module_link__KTSDH {
    text-decoration: none;
    display: flex;
    align-items: center;
    padding: 0;
    font-size: 14px;
    line-height: 18px;
    font-weight: bold;
    cursor: pointer;
    white-space: nowrap;
    color: var(--z-color-primary);
}

.AccountLegacy-module_link__KTSDH:hover,
.AccountLegacy-module_link__KTSDH:hover:visited {
    color: var(--z-color-primary-dark);
}

.AccountLegacy-module_link__KTSDH:visited {
    color: var(--z-color-primary);
}
</style><style type="text/css">.AccountMobileButton-module_button__htifC {
    border: 0;
    padding: 5px;
    background: transparent;
    -webkit-appearance: none;
    -moz-appearance: none;
    appearance: none;
    display: flex;
    justify-content: center;
    cursor: pointer;
    position: relative;
    color: var(--pp-color-text-primary);
}

.AccountMobileButton-module_button__htifC:first-child {
    margin-right: 15px;
}

.AccountMobileButton-module_button__htifC:not(:first-of-type) {
    margin-left: 10px;
}

.AccountMobileButton-module_accessibleText__zB3tz {
    position: absolute !important;
}

.AccountMobileButton-module_accessibleText__zB3tz {
    height: 1px;
    width: 1px;
    overflow: hidden;
    padding: 0;
    border: 0;
    clip: rect(1px 1px 1px 1px);
    clip: rect(1px, 1px, 1px, 1px);
}

.AccountMobileButton-module_primaryIcon__RpGkl {
    display: inline-block;
    vertical-align: middle;
    margin-right: 0;
    position: relative;
    color: var(--pp-color-icon-inverse);
}

.AccountMobileButton-module_primaryIconBitiba__oLoU1 {
    color: var(--pp-color-icon-primary);
}

.AccountMobileButton-module_primaryIconWithFlyoutOpen__RC72e::after {
    z-index: 4;
    content: '';
    width: 0;
    height: 0;
    position: absolute;
    top: calc(50% + 21px);
    left: 50%;
    transform: translateX(-50%);
    display: block;
    border-left: 7px solid transparent;
    border-right: 7px solid transparent;
    border-bottom: 7px solid #fff;
    border-bottom: 7px solid var(--pp-color-surface-static-default, #fff);
    filter: drop-shadow(-1px -1px 10px rgba(0, 0, 0, 0.2));
}
</style><style type="text/css">.AccountMobileButtonLegacy-module_button__x2Qn8 {
    border: 0;
    padding: 5px;
    background: transparent;
    -webkit-appearance: none;
    -moz-appearance: none;
    appearance: none;
    display: flex;
    justify-content: center;
    cursor: pointer;
    position: relative;
    color: var(--z-color-primary);
}

.AccountMobileButtonLegacy-module_button__x2Qn8:first-child {
    margin-right: 15px;
}

.AccountMobileButtonLegacy-module_button__x2Qn8:not(:first-of-type) {
    margin-left: 10px;
}

.AccountMobileButtonLegacy-module_accessibleText__45YFM {
    position: absolute !important;
}

.AccountMobileButtonLegacy-module_accessibleText__45YFM {
    height: 1px;
    width: 1px;
    overflow: hidden;
    padding: 0;
    border: 0;
    clip: rect(1px 1px 1px 1px);
    clip: rect(1px, 1px, 1px, 1px);
}

.AccountMobileButtonLegacy-module_primaryIcon__3BFQY {
    display: inline-block;
    vertical-align: middle;
    margin-right: 0;
    position: relative;
    fill: currentColor;
}

.AccountMobileButtonLegacy-module_primaryIconWithFlyoutOpen__M2Prr::after {
    z-index: 4;
    content: "";
    width: 0;
    height: 0;
    position: absolute;
    top: calc(50% + 21px);
    left: 50%;
    transform: translateX(-50%);
    display: block;
    border-left: 7px solid transparent;
    border-right: 7px solid transparent;
    border-bottom: 7px solid var(--z-color-white);
    filter: drop-shadow(-1px -1px 10px rgba(0,0,0,0.2));
}
</style><script data-domain-script="37932afb-e18f-42f5-96f0-6d72942ae276" data-language="en" src="https://cdn.cookielaw.org/scripttemplates/otSDKStub.js"></script><script src="https://cdn.cookielaw.org/scripttemplates/202408.1.0/otBannerSdk.js" async="" type="text/javascript"></script><style type="text/css">.EmptyBoxes-module_boxes__RRTE4 {
    max-width: 150px;
}

@keyframes EmptyBoxes-module_fadeIn1__Vg6pW {
    0%,
    25% {
        opacity: 0;
        transform: rotate(-10deg) translate3D(0, -110px, 0);
    }
    36%,
    100% {
        opacity: 1;
        transform: rotate(0) translate3D(28px, 2px, 0);
    }
}

.EmptyBoxes-module_card1__7bMiT {
    opacity: 0;
    animation: EmptyBoxes-module_fadeIn1__Vg6pW 5s cubic-bezier(0.36, 0.07, 0.19, 0.97) both;
}

@keyframes EmptyBoxes-module_fadeIn2__lgX9M {
    0%,
    24% {
        opacity: 0;
        transform: rotate(-2deg) translate3D(0, -110px, 0);
    }

    36%,
    100% {
        opacity: 1;
        transform: rotate(-3deg) translate3D(18px, 90px, 0);
    }
}

.EmptyBoxes-module_card2__sPJc4 {
    opacity: 0;
    animation: EmptyBoxes-module_fadeIn2__lgX9M 5s cubic-bezier(0.36, 0.07, 0.19, 0.97) both;
}

@keyframes EmptyBoxes-module_fadeIn3__dImMH {
    0%,
    25% {
        transform: translate3D(28px, 60px, 0);
        opacity: 1;
    }

    36%,
    100% {
        transform: translate3D(28px, 175px, 0);
    }
}

.EmptyBoxes-module_card3__K4cGr {
    animation: EmptyBoxes-module_fadeIn3__dImMH 5s cubic-bezier(0.36, 0.07, 0.19, 0.97) both;
    transform: translate3D(28px, 60px, 0);
}

@keyframes EmptyBoxes-module_heartAnimation__w7BPL {
    0%,
    10% {
        opacity: 0;
        transform: translate(200px, 2px) scale(4);
    }

    20%,
    100% {
        opacity: 1;
        transform: translate(230px, 18px) scale(1);
    }
}

.EmptyBoxes-module_heart__SzYwy {
    animation: EmptyBoxes-module_heartAnimation__w7BPL 5s cubic-bezier(0.36, 0.07, 0.19, 0.97) both;
    opacity: 0;
    transform: translate(220px, 2px) scale(4);
}
</style><style type="text/css">.ModalContent-module_modalContent__EgxcX {
    text-align: center;
}
</style><style type="text/css">.HeartButton-module_heartButton__AV5gJ {
    -webkit-appearance: none !important;
    -moz-appearance: none !important;
    appearance: none !important;
}
.HeartButton-module_heartButton__AV5gJ {
    border: 0;
    padding: 0;
    background-color: transparent;
    cursor: pointer;
    width: 44px;
    height: 44px;
    display: flex;
    align-items: center;
    justify-content: center;
}
</style><style type="text/css">.WishlistNotifications-module_container__wlygX {
    display: flex;
    justify-content: center;
    align-items: center;
    position: fixed;
    bottom: 0;
    z-index: 10; /* place it on top of the footer */
    width: 100%;
    pointer-events: none;
}

.WishlistNotifications-module_notifications__BQWdF {
    margin: 20px 15px;
    max-width: 480px;
    width: 100%;
    pointer-events: initial;
    box-shadow: 0 6px 15px 0 rgba(0, 0, 0, 0.1);
}

@media (min-width: 544px) {

    .WishlistNotifications-module_notifications__BQWdF {
        margin-bottom: 50px;
    }
}
</style><script src="https://adtm-assets.public.zooplus.net/f26cfb49ba51/f5630916434d/b0d44350c59f/EXd1097e40320b4d1186bab66057c59773-libraryCode_source.min.js" async=""></script><script src="https://adtm-assets.public.zooplus.net/f26cfb49ba51/f5630916434d/b0d44350c59f/RCb1225cc2968844488fcd0d51234c400d-source.min.js" async=""></script><script src="https://adtm-assets.public.zooplus.net/f26cfb49ba51/f5630916434d/b0d44350c59f/RC126be7c8e85e4278a8ec0e3c3db8c844-source.min.js" async=""></script><script type="text/javascript" async="" src="https://cdn.public.zooplus.net/media/hopps-assets/events/js/hopps-search-engine.min.js"></script><script type="text/javascript" async="" src="https://cdn.public.zooplus.net/media/leto-assets/js/leto-min.js"></script><script src="https://adtm-assets.public.zooplus.net/f26cfb49ba51/f5630916434d/b0d44350c59f/RC26a0c828dfc64af69ed82b57269192d9-source.min.js" async=""></script><script src="https://adtm-assets.public.zooplus.net/f26cfb49ba51/f5630916434d/b0d44350c59f/RC5af1abdf3d364e2795bfd46fecbbb928-source.min.js" async=""></script><script src="https://adtm-assets.public.zooplus.net/f26cfb49ba51/f5630916434d/b0d44350c59f/RC76eb33946ccb435cbbb0d4bda66b1938-source.min.js" async=""></script><script src="https://adtm-assets.public.zooplus.net/f26cfb49ba51/f5630916434d/b0d44350c59f/RC01ae06253be2437db81cbe9d2bb5fdbb-source.min.js" async=""></script><script src="https://adtm-assets.public.zooplus.net/f26cfb49ba51/f5630916434d/b0d44350c59f/RC512015ed6ce0488db869599b46507577-source.min.js" async=""></script><script src="https://adtm-assets.public.zooplus.net/f26cfb49ba51/f5630916434d/b0d44350c59f/RC5a3caa1b11b74f4c9ae1ca2540379903-source.min.js" async=""></script><script src="https://adtm-assets.public.zooplus.net/f26cfb49ba51/f5630916434d/b0d44350c59f/RC4c62135680994e579f3ba448d43ed45f-source.min.js" async=""></script><style id="onetrust-style">#onetrust-banner-sdk .onetrust-vendors-list-handler{cursor:pointer;color:#1f96db;font-size:inherit;font-weight:bold;text-decoration:none;margin-left:5px}#onetrust-banner-sdk .onetrust-vendors-list-handler:hover{color:#1f96db}#onetrust-banner-sdk:focus{outline:2px solid #000;outline-offset:-2px}#onetrust-banner-sdk a:focus{outline:2px solid #000}#onetrust-banner-sdk #onetrust-accept-btn-handler,#onetrust-banner-sdk #onetrust-reject-all-handler,#onetrust-banner-sdk #onetrust-pc-btn-handler{outline-offset:1px}#onetrust-banner-sdk.ot-bnr-w-logo .ot-bnr-logo{height:64px;width:64px}#onetrust-banner-sdk .ot-tcf2-vendor-count.ot-text-bold{font-weight:bold}#onetrust-banner-sdk .ot-close-icon,#onetrust-pc-sdk .ot-close-icon,#ot-sync-ntfy .ot-close-icon{background-size:contain;background-repeat:no-repeat;background-position:center;height:12px;width:12px}#onetrust-banner-sdk .powered-by-logo,#onetrust-banner-sdk .ot-pc-footer-logo a,#onetrust-pc-sdk .powered-by-logo,#onetrust-pc-sdk .ot-pc-footer-logo a,#ot-sync-ntfy .powered-by-logo,#ot-sync-ntfy .ot-pc-footer-logo a{background-size:contain;background-repeat:no-repeat;background-position:center;height:25px;width:152px;display:block;text-decoration:none;font-size:.75em}#onetrust-banner-sdk .powered-by-logo:hover,#onetrust-banner-sdk .ot-pc-footer-logo a:hover,#onetrust-pc-sdk .powered-by-logo:hover,#onetrust-pc-sdk .ot-pc-footer-logo a:hover,#ot-sync-ntfy .powered-by-logo:hover,#ot-sync-ntfy .ot-pc-footer-logo a:hover{color:#565656}#onetrust-banner-sdk h3 *,#onetrust-banner-sdk h4 *,#onetrust-banner-sdk h6 *,#onetrust-banner-sdk button *,#onetrust-banner-sdk a[data-parent-id] *,#onetrust-pc-sdk h3 *,#onetrust-pc-sdk h4 *,#onetrust-pc-sdk h6 *,#onetrust-pc-sdk button *,#onetrust-pc-sdk a[data-parent-id] *,#ot-sync-ntfy h3 *,#ot-sync-ntfy h4 *,#ot-sync-ntfy h6 *,#ot-sync-ntfy button *,#ot-sync-ntfy a[data-parent-id] *{font-size:inherit;font-weight:inherit;color:inherit}#onetrust-banner-sdk .ot-hide,#onetrust-pc-sdk .ot-hide,#ot-sync-ntfy .ot-hide{display:none !important}#onetrust-banner-sdk button.ot-link-btn:hover,#onetrust-pc-sdk button.ot-link-btn:hover,#ot-sync-ntfy button.ot-link-btn:hover{text-decoration:underline;opacity:1}#onetrust-pc-sdk .ot-sdk-row .ot-sdk-column{padding:0}#onetrust-pc-sdk .ot-sdk-container{padding-right:0}#onetrust-pc-sdk .ot-sdk-row{flex-direction:initial;width:100%}#onetrust-pc-sdk [type=checkbox]:checked,#onetrust-pc-sdk [type=checkbox]:not(:checked){pointer-events:initial}#onetrust-pc-sdk [type=checkbox]:disabled+label::before,#onetrust-pc-sdk [type=checkbox]:disabled+label:after,#onetrust-pc-sdk [type=checkbox]:disabled+label{pointer-events:none;opacity:.7}#onetrust-pc-sdk #vendor-list-content{transform:translate3d(0, 0, 0)}#onetrust-pc-sdk li input[type=checkbox]{z-index:1}#onetrust-pc-sdk li .ot-checkbox label{z-index:2}#onetrust-pc-sdk li .ot-checkbox input[type=checkbox]{height:auto;width:auto}#onetrust-pc-sdk li .host-title a,#onetrust-pc-sdk li .ot-host-name a,#onetrust-pc-sdk li .accordion-text,#onetrust-pc-sdk li .ot-acc-txt{z-index:2;position:relative}#onetrust-pc-sdk input{margin:3px .1ex}#onetrust-pc-sdk .pc-logo,#onetrust-pc-sdk .ot-pc-logo{height:60px;width:180px;background-position:center;background-size:contain;background-repeat:no-repeat;display:inline-flex;justify-content:center;align-items:center}#onetrust-pc-sdk .pc-logo img,#onetrust-pc-sdk .ot-pc-logo img{max-height:100%;max-width:100%}#onetrust-pc-sdk .screen-reader-only,#onetrust-pc-sdk .ot-scrn-rdr,.ot-sdk-cookie-policy .screen-reader-only,.ot-sdk-cookie-policy .ot-scrn-rdr{border:0;clip:rect(0 0 0 0);height:1px;margin:-1px;overflow:hidden;padding:0;position:absolute;width:1px}#onetrust-pc-sdk.ot-fade-in,.onetrust-pc-dark-filter.ot-fade-in,#onetrust-banner-sdk.ot-fade-in{animation-name:onetrust-fade-in;animation-duration:400ms;animation-timing-function:ease-in-out}#onetrust-pc-sdk.ot-hide{display:none !important}.onetrust-pc-dark-filter.ot-hide{display:none !important}#ot-sdk-btn.ot-sdk-show-settings,#ot-sdk-btn.optanon-show-settings{color:#68b631;border:1px solid #68b631;height:auto;white-space:normal;word-wrap:break-word;padding:.8em 2em;font-size:.8em;line-height:1.2;cursor:pointer;-moz-transition:.1s ease;-o-transition:.1s ease;-webkit-transition:1s ease;transition:.1s ease}#ot-sdk-btn.ot-sdk-show-settings:hover,#ot-sdk-btn.optanon-show-settings:hover{color:#fff;background-color:#68b631}.onetrust-pc-dark-filter{background:rgba(0,0,0,.5);z-index:2147483646;width:100%;height:100%;overflow:hidden;position:fixed;top:0;bottom:0;left:0}@keyframes onetrust-fade-in{0%{opacity:0}100%{opacity:1}}.ot-cookie-label{text-decoration:underline}@media only screen and (min-width: 426px)and (max-width: 896px)and (orientation: landscape){#onetrust-pc-sdk p{font-size:.75em}}#onetrust-banner-sdk .banner-option-input:focus+label{outline:1px solid #000;outline-style:auto}.category-vendors-list-handler+a:focus,.category-vendors-list-handler+a:focus-visible{outline:2px solid #000}#onetrust-pc-sdk .ot-userid-title{margin-top:10px}#onetrust-pc-sdk .ot-userid-title>span,#onetrust-pc-sdk .ot-userid-timestamp>span{font-weight:700}#onetrust-pc-sdk .ot-userid-desc{font-style:italic}#onetrust-pc-sdk .ot-host-desc a{pointer-events:initial}#onetrust-pc-sdk .ot-ven-hdr>p a{position:relative;z-index:2;pointer-events:initial}#onetrust-pc-sdk .ot-vnd-serv .ot-vnd-item .ot-vnd-info a,#onetrust-pc-sdk .ot-vs-list .ot-vnd-item .ot-vnd-info a{margin-right:auto}#onetrust-pc-sdk .ot-pc-footer-logo img{width:136px;height:16px}#onetrust-pc-sdk .ot-pur-vdr-count{font-weight:400;font-size:.7rem;padding-top:3px;display:block}#onetrust-banner-sdk .ot-optout-signal,#onetrust-pc-sdk .ot-optout-signal{border:1px solid #32ae88;border-radius:3px;padding:5px;margin-bottom:10px;background-color:#f9fffa;font-size:.85rem;line-height:2}#onetrust-banner-sdk .ot-optout-signal .ot-optout-icon,#onetrust-pc-sdk .ot-optout-signal .ot-optout-icon{display:inline;margin-right:5px}#onetrust-banner-sdk .ot-optout-signal svg,#onetrust-pc-sdk .ot-optout-signal svg{height:20px;width:30px;transform:scale(0.5)}#onetrust-banner-sdk .ot-optout-signal svg path,#onetrust-pc-sdk .ot-optout-signal svg path{fill:#32ae88}#onetrust-consent-sdk .ot-general-modal{overflow:hidden;position:fixed;margin:0 auto;top:50%;left:50%;width:40%;padding:1.5rem;max-width:575px;min-width:575px;z-index:2147483647;border-radius:2.5px;transform:translate(-50%, -50%)}#onetrust-consent-sdk .ot-signature-health-group{margin-top:1rem;padding-left:1.25rem;padding-right:1.25rem;margin-bottom:.625rem;width:calc(100% - 2.5rem)}#onetrust-consent-sdk .ot-signature-health-group .ot-signature-health-form{gap:.5rem}#onetrust-consent-sdk .ot-signature-health .ot-signature-health-form{width:70%;gap:.35rem}#onetrust-consent-sdk .ot-signature-health .ot-signature-input{height:38px;padding:6px 10px;background-color:#fff;border:1px solid #d1d1d1;border-radius:4px;box-shadow:none;box-sizing:border-box}#onetrust-consent-sdk .ot-signature-health .ot-signature-subtitle{font-size:1.125rem}#onetrust-consent-sdk .ot-signature-health .ot-signature-group-title{font-size:1.25rem;font-weight:bold}#onetrust-consent-sdk .ot-signature-health,#onetrust-consent-sdk .ot-signature-health-group{display:flex;flex-direction:column;gap:1rem}#onetrust-consent-sdk .ot-signature-health .ot-signature-cont,#onetrust-consent-sdk .ot-signature-health-group .ot-signature-cont{display:flex;flex-direction:column;gap:.25rem}#onetrust-consent-sdk .ot-signature-health .ot-signature-paragraph,#onetrust-consent-sdk .ot-signature-health-group .ot-signature-paragraph{margin:0;line-height:20px;font-size:max(14px,.875rem)}#onetrust-consent-sdk .ot-signature-health .ot-health-signature-error,#onetrust-consent-sdk .ot-signature-health-group .ot-health-signature-error{color:#4d4d4d;font-size:min(12px,.75rem)}#onetrust-consent-sdk .ot-signature-health .ot-signature-buttons-cont,#onetrust-consent-sdk .ot-signature-health-group .ot-signature-buttons-cont{margin-top:max(.75rem,2%);gap:1rem;display:flex;justify-content:flex-end}#onetrust-consent-sdk .ot-signature-health .ot-signature-button,#onetrust-consent-sdk .ot-signature-health-group .ot-signature-button{flex:1;height:auto;color:#fff;cursor:pointer;line-height:1.2;min-width:125px;font-weight:600;font-size:.813em;border-radius:2px;padding:12px 10px;white-space:normal;word-wrap:break-word;word-break:break-word;background-color:#68b631;border:2px solid #68b631}#onetrust-consent-sdk .ot-signature-health .ot-signature-button.reject,#onetrust-consent-sdk .ot-signature-health-group .ot-signature-button.reject{background-color:#fff}#onetrust-consent-sdk .ot-input-field-cont{display:flex;flex-direction:column;gap:.5rem}#onetrust-consent-sdk .ot-input-field-cont .ot-signature-input{width:65%}#onetrust-consent-sdk .ot-signature-health-form{display:flex;flex-direction:column}#onetrust-consent-sdk .ot-signature-health-form .ot-signature-label{margin-bottom:0;line-height:20px;font-size:max(14px,.875rem)}@media only screen and (max-width: 600px){#onetrust-consent-sdk .ot-general-modal{min-width:100%}#onetrust-consent-sdk .ot-signature-health .ot-signature-health-form{width:100%}#onetrust-consent-sdk .ot-input-field-cont .ot-signature-input{width:100%}}#onetrust-banner-sdk,#onetrust-pc-sdk,#ot-sdk-cookie-policy,#ot-sync-ntfy{font-size:16px}#onetrust-banner-sdk *,#onetrust-banner-sdk ::after,#onetrust-banner-sdk ::before,#onetrust-pc-sdk *,#onetrust-pc-sdk ::after,#onetrust-pc-sdk ::before,#ot-sdk-cookie-policy *,#ot-sdk-cookie-policy ::after,#ot-sdk-cookie-policy ::before,#ot-sync-ntfy *,#ot-sync-ntfy ::after,#ot-sync-ntfy ::before{-webkit-box-sizing:content-box;-moz-box-sizing:content-box;box-sizing:content-box}#onetrust-banner-sdk div,#onetrust-banner-sdk span,#onetrust-banner-sdk h1,#onetrust-banner-sdk h2,#onetrust-banner-sdk h3,#onetrust-banner-sdk h4,#onetrust-banner-sdk h5,#onetrust-banner-sdk h6,#onetrust-banner-sdk p,#onetrust-banner-sdk img,#onetrust-banner-sdk svg,#onetrust-banner-sdk button,#onetrust-banner-sdk section,#onetrust-banner-sdk a,#onetrust-banner-sdk label,#onetrust-banner-sdk input,#onetrust-banner-sdk ul,#onetrust-banner-sdk li,#onetrust-banner-sdk nav,#onetrust-banner-sdk table,#onetrust-banner-sdk thead,#onetrust-banner-sdk tr,#onetrust-banner-sdk td,#onetrust-banner-sdk tbody,#onetrust-banner-sdk .ot-main-content,#onetrust-banner-sdk .ot-toggle,#onetrust-banner-sdk #ot-content,#onetrust-banner-sdk #ot-pc-content,#onetrust-banner-sdk .checkbox,#onetrust-pc-sdk div,#onetrust-pc-sdk span,#onetrust-pc-sdk h1,#onetrust-pc-sdk h2,#onetrust-pc-sdk h3,#onetrust-pc-sdk h4,#onetrust-pc-sdk h5,#onetrust-pc-sdk h6,#onetrust-pc-sdk p,#onetrust-pc-sdk img,#onetrust-pc-sdk svg,#onetrust-pc-sdk button,#onetrust-pc-sdk section,#onetrust-pc-sdk a,#onetrust-pc-sdk label,#onetrust-pc-sdk input,#onetrust-pc-sdk ul,#onetrust-pc-sdk li,#onetrust-pc-sdk nav,#onetrust-pc-sdk table,#onetrust-pc-sdk thead,#onetrust-pc-sdk tr,#onetrust-pc-sdk td,#onetrust-pc-sdk tbody,#onetrust-pc-sdk .ot-main-content,#onetrust-pc-sdk .ot-toggle,#onetrust-pc-sdk #ot-content,#onetrust-pc-sdk #ot-pc-content,#onetrust-pc-sdk .checkbox,#ot-sdk-cookie-policy div,#ot-sdk-cookie-policy span,#ot-sdk-cookie-policy h1,#ot-sdk-cookie-policy h2,#ot-sdk-cookie-policy h3,#ot-sdk-cookie-policy h4,#ot-sdk-cookie-policy h5,#ot-sdk-cookie-policy h6,#ot-sdk-cookie-policy p,#ot-sdk-cookie-policy img,#ot-sdk-cookie-policy svg,#ot-sdk-cookie-policy button,#ot-sdk-cookie-policy section,#ot-sdk-cookie-policy a,#ot-sdk-cookie-policy label,#ot-sdk-cookie-policy input,#ot-sdk-cookie-policy ul,#ot-sdk-cookie-policy li,#ot-sdk-cookie-policy nav,#ot-sdk-cookie-policy table,#ot-sdk-cookie-policy thead,#ot-sdk-cookie-policy tr,#ot-sdk-cookie-policy td,#ot-sdk-cookie-policy tbody,#ot-sdk-cookie-policy .ot-main-content,#ot-sdk-cookie-policy .ot-toggle,#ot-sdk-cookie-policy #ot-content,#ot-sdk-cookie-policy #ot-pc-content,#ot-sdk-cookie-policy .checkbox,#ot-sync-ntfy div,#ot-sync-ntfy span,#ot-sync-ntfy h1,#ot-sync-ntfy h2,#ot-sync-ntfy h3,#ot-sync-ntfy h4,#ot-sync-ntfy h5,#ot-sync-ntfy h6,#ot-sync-ntfy p,#ot-sync-ntfy img,#ot-sync-ntfy svg,#ot-sync-ntfy button,#ot-sync-ntfy section,#ot-sync-ntfy a,#ot-sync-ntfy label,#ot-sync-ntfy input,#ot-sync-ntfy ul,#ot-sync-ntfy li,#ot-sync-ntfy nav,#ot-sync-ntfy table,#ot-sync-ntfy thead,#ot-sync-ntfy tr,#ot-sync-ntfy td,#ot-sync-ntfy tbody,#ot-sync-ntfy .ot-main-content,#ot-sync-ntfy .ot-toggle,#ot-sync-ntfy #ot-content,#ot-sync-ntfy #ot-pc-content,#ot-sync-ntfy .checkbox{font-family:inherit;font-weight:normal;-webkit-font-smoothing:auto;letter-spacing:normal;line-height:normal;padding:0;margin:0;height:auto;min-height:0;max-height:none;width:auto;min-width:0;max-width:none;border-radius:0;border:none;clear:none;float:none;position:static;bottom:auto;left:auto;right:auto;top:auto;text-align:left;text-decoration:none;text-indent:0;text-shadow:none;text-transform:none;white-space:normal;background:none;overflow:visible;vertical-align:baseline;visibility:visible;z-index:auto;box-shadow:none}#onetrust-banner-sdk label:before,#onetrust-banner-sdk label:after,#onetrust-banner-sdk .checkbox:after,#onetrust-banner-sdk .checkbox:before,#onetrust-pc-sdk label:before,#onetrust-pc-sdk label:after,#onetrust-pc-sdk .checkbox:after,#onetrust-pc-sdk .checkbox:before,#ot-sdk-cookie-policy label:before,#ot-sdk-cookie-policy label:after,#ot-sdk-cookie-policy .checkbox:after,#ot-sdk-cookie-policy .checkbox:before,#ot-sync-ntfy label:before,#ot-sync-ntfy label:after,#ot-sync-ntfy .checkbox:after,#ot-sync-ntfy .checkbox:before{content:"";content:none}#onetrust-banner-sdk .ot-sdk-container,#onetrust-pc-sdk .ot-sdk-container,#ot-sdk-cookie-policy .ot-sdk-container{position:relative;width:100%;max-width:100%;margin:0 auto;padding:0 20px;box-sizing:border-box}#onetrust-banner-sdk .ot-sdk-column,#onetrust-banner-sdk .ot-sdk-columns,#onetrust-pc-sdk .ot-sdk-column,#onetrust-pc-sdk .ot-sdk-columns,#ot-sdk-cookie-policy .ot-sdk-column,#ot-sdk-cookie-policy .ot-sdk-columns{width:100%;float:left;box-sizing:border-box;padding:0;display:initial}@media(min-width: 400px){#onetrust-banner-sdk .ot-sdk-container,#onetrust-pc-sdk .ot-sdk-container,#ot-sdk-cookie-policy .ot-sdk-container{width:90%;padding:0}}@media(min-width: 550px){#onetrust-banner-sdk .ot-sdk-container,#onetrust-pc-sdk .ot-sdk-container,#ot-sdk-cookie-policy .ot-sdk-container{width:100%}#onetrust-banner-sdk .ot-sdk-column,#onetrust-banner-sdk .ot-sdk-columns,#onetrust-pc-sdk .ot-sdk-column,#onetrust-pc-sdk .ot-sdk-columns,#ot-sdk-cookie-policy .ot-sdk-column,#ot-sdk-cookie-policy .ot-sdk-columns{margin-left:4%}#onetrust-banner-sdk .ot-sdk-column:first-child,#onetrust-banner-sdk .ot-sdk-columns:first-child,#onetrust-pc-sdk .ot-sdk-column:first-child,#onetrust-pc-sdk .ot-sdk-columns:first-child,#ot-sdk-cookie-policy .ot-sdk-column:first-child,#ot-sdk-cookie-policy .ot-sdk-columns:first-child{margin-left:0}#onetrust-banner-sdk .ot-sdk-two.ot-sdk-columns,#onetrust-pc-sdk .ot-sdk-two.ot-sdk-columns,#ot-sdk-cookie-policy .ot-sdk-two.ot-sdk-columns{width:13.3333333333%}#onetrust-banner-sdk .ot-sdk-three.ot-sdk-columns,#onetrust-pc-sdk .ot-sdk-three.ot-sdk-columns,#ot-sdk-cookie-policy .ot-sdk-three.ot-sdk-columns{width:22%}#onetrust-banner-sdk .ot-sdk-four.ot-sdk-columns,#onetrust-pc-sdk .ot-sdk-four.ot-sdk-columns,#ot-sdk-cookie-policy .ot-sdk-four.ot-sdk-columns{width:30.6666666667%}#onetrust-banner-sdk .ot-sdk-eight.ot-sdk-columns,#onetrust-pc-sdk .ot-sdk-eight.ot-sdk-columns,#ot-sdk-cookie-policy .ot-sdk-eight.ot-sdk-columns{width:65.3333333333%}#onetrust-banner-sdk .ot-sdk-nine.ot-sdk-columns,#onetrust-pc-sdk .ot-sdk-nine.ot-sdk-columns,#ot-sdk-cookie-policy .ot-sdk-nine.ot-sdk-columns{width:74%}#onetrust-banner-sdk .ot-sdk-ten.ot-sdk-columns,#onetrust-pc-sdk .ot-sdk-ten.ot-sdk-columns,#ot-sdk-cookie-policy .ot-sdk-ten.ot-sdk-columns{width:82.6666666667%}#onetrust-banner-sdk .ot-sdk-eleven.ot-sdk-columns,#onetrust-pc-sdk .ot-sdk-eleven.ot-sdk-columns,#ot-sdk-cookie-policy .ot-sdk-eleven.ot-sdk-columns{width:91.3333333333%}#onetrust-banner-sdk .ot-sdk-twelve.ot-sdk-columns,#onetrust-pc-sdk .ot-sdk-twelve.ot-sdk-columns,#ot-sdk-cookie-policy .ot-sdk-twelve.ot-sdk-columns{width:100%;margin-left:0}}#onetrust-banner-sdk h1,#onetrust-banner-sdk h2,#onetrust-banner-sdk h3,#onetrust-banner-sdk h4,#onetrust-banner-sdk h5,#onetrust-banner-sdk h6,#onetrust-pc-sdk h1,#onetrust-pc-sdk h2,#onetrust-pc-sdk h3,#onetrust-pc-sdk h4,#onetrust-pc-sdk h5,#onetrust-pc-sdk h6,#ot-sdk-cookie-policy h1,#ot-sdk-cookie-policy h2,#ot-sdk-cookie-policy h3,#ot-sdk-cookie-policy h4,#ot-sdk-cookie-policy h5,#ot-sdk-cookie-policy h6{margin-top:0;font-weight:600;font-family:inherit}#onetrust-banner-sdk h1,#onetrust-pc-sdk h1,#ot-sdk-cookie-policy h1{font-size:1.5rem;line-height:1.2}#onetrust-banner-sdk h2,#onetrust-pc-sdk h2,#ot-sdk-cookie-policy h2{font-size:1.5rem;line-height:1.25}#onetrust-banner-sdk h3,#onetrust-pc-sdk h3,#ot-sdk-cookie-policy h3{font-size:1.5rem;line-height:1.3}#onetrust-banner-sdk h4,#onetrust-pc-sdk h4,#ot-sdk-cookie-policy h4{font-size:1.5rem;line-height:1.35}#onetrust-banner-sdk h5,#onetrust-pc-sdk h5,#ot-sdk-cookie-policy h5{font-size:1.5rem;line-height:1.5}#onetrust-banner-sdk h6,#onetrust-pc-sdk h6,#ot-sdk-cookie-policy h6{font-size:1.5rem;line-height:1.6}@media(min-width: 550px){#onetrust-banner-sdk h1,#onetrust-pc-sdk h1,#ot-sdk-cookie-policy h1{font-size:1.5rem}#onetrust-banner-sdk h2,#onetrust-pc-sdk h2,#ot-sdk-cookie-policy h2{font-size:1.5rem}#onetrust-banner-sdk h3,#onetrust-pc-sdk h3,#ot-sdk-cookie-policy h3{font-size:1.5rem}#onetrust-banner-sdk h4,#onetrust-pc-sdk h4,#ot-sdk-cookie-policy h4{font-size:1.5rem}#onetrust-banner-sdk h5,#onetrust-pc-sdk h5,#ot-sdk-cookie-policy h5{font-size:1.5rem}#onetrust-banner-sdk h6,#onetrust-pc-sdk h6,#ot-sdk-cookie-policy h6{font-size:1.5rem}}#onetrust-banner-sdk p,#onetrust-pc-sdk p,#ot-sdk-cookie-policy p{margin:0 0 1em 0;font-family:inherit;line-height:normal}#onetrust-banner-sdk a,#onetrust-pc-sdk a,#ot-sdk-cookie-policy a{color:#565656;text-decoration:underline}#onetrust-banner-sdk a:hover,#onetrust-pc-sdk a:hover,#ot-sdk-cookie-policy a:hover{color:#565656;text-decoration:none}#onetrust-banner-sdk .ot-sdk-button,#onetrust-banner-sdk button,#onetrust-pc-sdk .ot-sdk-button,#onetrust-pc-sdk button,#ot-sdk-cookie-policy .ot-sdk-button,#ot-sdk-cookie-policy button{margin-bottom:1rem;font-family:inherit}#onetrust-banner-sdk .ot-sdk-button,#onetrust-banner-sdk button,#onetrust-pc-sdk .ot-sdk-button,#onetrust-pc-sdk button,#ot-sdk-cookie-policy .ot-sdk-button,#ot-sdk-cookie-policy button{display:inline-block;height:38px;padding:0 30px;color:#555;text-align:center;font-size:.9em;font-weight:400;line-height:38px;letter-spacing:.01em;text-decoration:none;white-space:nowrap;background-color:rgba(0,0,0,0);border-radius:2px;border:1px solid #bbb;cursor:pointer;box-sizing:border-box}#onetrust-banner-sdk .ot-sdk-button:hover,#onetrust-banner-sdk :not(.ot-leg-btn-container)>button:not(.ot-link-btn):hover,#onetrust-banner-sdk :not(.ot-leg-btn-container)>button:not(.ot-link-btn):focus,#onetrust-pc-sdk .ot-sdk-button:hover,#onetrust-pc-sdk :not(.ot-leg-btn-container)>button:not(.ot-link-btn):hover,#onetrust-pc-sdk :not(.ot-leg-btn-container)>button:not(.ot-link-btn):focus,#ot-sdk-cookie-policy .ot-sdk-button:hover,#ot-sdk-cookie-policy :not(.ot-leg-btn-container)>button:not(.ot-link-btn):hover,#ot-sdk-cookie-policy :not(.ot-leg-btn-container)>button:not(.ot-link-btn):focus{color:#333;border-color:#888;opacity:.7}#onetrust-banner-sdk .ot-sdk-button:focus,#onetrust-banner-sdk :not(.ot-leg-btn-container)>button:focus,#onetrust-pc-sdk .ot-sdk-button:focus,#onetrust-pc-sdk :not(.ot-leg-btn-container)>button:focus,#ot-sdk-cookie-policy .ot-sdk-button:focus,#ot-sdk-cookie-policy :not(.ot-leg-btn-container)>button:focus{outline:2px solid #000}#onetrust-banner-sdk .ot-sdk-button.ot-sdk-button-primary,#onetrust-banner-sdk button.ot-sdk-button-primary,#onetrust-banner-sdk input[type=submit].ot-sdk-button-primary,#onetrust-banner-sdk input[type=reset].ot-sdk-button-primary,#onetrust-banner-sdk input[type=button].ot-sdk-button-primary,#onetrust-pc-sdk .ot-sdk-button.ot-sdk-button-primary,#onetrust-pc-sdk button.ot-sdk-button-primary,#onetrust-pc-sdk input[type=submit].ot-sdk-button-primary,#onetrust-pc-sdk input[type=reset].ot-sdk-button-primary,#onetrust-pc-sdk input[type=button].ot-sdk-button-primary,#ot-sdk-cookie-policy .ot-sdk-button.ot-sdk-button-primary,#ot-sdk-cookie-policy button.ot-sdk-button-primary,#ot-sdk-cookie-policy input[type=submit].ot-sdk-button-primary,#ot-sdk-cookie-policy input[type=reset].ot-sdk-button-primary,#ot-sdk-cookie-policy input[type=button].ot-sdk-button-primary{color:#fff;background-color:#33c3f0;border-color:#33c3f0}#onetrust-banner-sdk .ot-sdk-button.ot-sdk-button-primary:hover,#onetrust-banner-sdk button.ot-sdk-button-primary:hover,#onetrust-banner-sdk input[type=submit].ot-sdk-button-primary:hover,#onetrust-banner-sdk input[type=reset].ot-sdk-button-primary:hover,#onetrust-banner-sdk input[type=button].ot-sdk-button-primary:hover,#onetrust-banner-sdk .ot-sdk-button.ot-sdk-button-primary:focus,#onetrust-banner-sdk button.ot-sdk-button-primary:focus,#onetrust-banner-sdk input[type=submit].ot-sdk-button-primary:focus,#onetrust-banner-sdk input[type=reset].ot-sdk-button-primary:focus,#onetrust-banner-sdk input[type=button].ot-sdk-button-primary:focus,#onetrust-pc-sdk .ot-sdk-button.ot-sdk-button-primary:hover,#onetrust-pc-sdk button.ot-sdk-button-primary:hover,#onetrust-pc-sdk input[type=submit].ot-sdk-button-primary:hover,#onetrust-pc-sdk input[type=reset].ot-sdk-button-primary:hover,#onetrust-pc-sdk input[type=button].ot-sdk-button-primary:hover,#onetrust-pc-sdk .ot-sdk-button.ot-sdk-button-primary:focus,#onetrust-pc-sdk button.ot-sdk-button-primary:focus,#onetrust-pc-sdk input[type=submit].ot-sdk-button-primary:focus,#onetrust-pc-sdk input[type=reset].ot-sdk-button-primary:focus,#onetrust-pc-sdk input[type=button].ot-sdk-button-primary:focus,#ot-sdk-cookie-policy .ot-sdk-button.ot-sdk-button-primary:hover,#ot-sdk-cookie-policy button.ot-sdk-button-primary:hover,#ot-sdk-cookie-policy input[type=submit].ot-sdk-button-primary:hover,#ot-sdk-cookie-policy input[type=reset].ot-sdk-button-primary:hover,#ot-sdk-cookie-policy input[type=button].ot-sdk-button-primary:hover,#ot-sdk-cookie-policy .ot-sdk-button.ot-sdk-button-primary:focus,#ot-sdk-cookie-policy button.ot-sdk-button-primary:focus,#ot-sdk-cookie-policy input[type=submit].ot-sdk-button-primary:focus,#ot-sdk-cookie-policy input[type=reset].ot-sdk-button-primary:focus,#ot-sdk-cookie-policy input[type=button].ot-sdk-button-primary:focus{color:#fff;background-color:#1eaedb;border-color:#1eaedb}#onetrust-banner-sdk input[type=text],#onetrust-pc-sdk input[type=text],#ot-sdk-cookie-policy input[type=text]{height:38px;padding:6px 10px;background-color:#fff;border:1px solid #d1d1d1;border-radius:4px;box-shadow:none;box-sizing:border-box}#onetrust-banner-sdk input[type=text],#onetrust-pc-sdk input[type=text],#ot-sdk-cookie-policy input[type=text]{-webkit-appearance:none;-moz-appearance:none;appearance:none}#onetrust-banner-sdk input[type=text]:focus,#onetrust-pc-sdk input[type=text]:focus,#ot-sdk-cookie-policy input[type=text]:focus{border:1px solid #000;outline:0}#onetrust-banner-sdk label,#onetrust-pc-sdk label,#ot-sdk-cookie-policy label{display:block;margin-bottom:.5rem;font-weight:600}#onetrust-banner-sdk input[type=checkbox],#onetrust-pc-sdk input[type=checkbox],#ot-sdk-cookie-policy input[type=checkbox]{display:inline}#onetrust-banner-sdk ul,#onetrust-pc-sdk ul,#ot-sdk-cookie-policy ul{list-style:circle inside}#onetrust-banner-sdk ul,#onetrust-pc-sdk ul,#ot-sdk-cookie-policy ul{padding-left:0;margin-top:0}#onetrust-banner-sdk ul ul,#onetrust-pc-sdk ul ul,#ot-sdk-cookie-policy ul ul{margin:1.5rem 0 1.5rem 3rem;font-size:90%}#onetrust-banner-sdk li,#onetrust-pc-sdk li,#ot-sdk-cookie-policy li{margin-bottom:1rem}#onetrust-banner-sdk th,#onetrust-banner-sdk td,#onetrust-pc-sdk th,#onetrust-pc-sdk td,#ot-sdk-cookie-policy th,#ot-sdk-cookie-policy td{padding:12px 15px;text-align:left;border-bottom:1px solid #e1e1e1}#onetrust-banner-sdk button,#onetrust-pc-sdk button,#ot-sdk-cookie-policy button{margin-bottom:1rem;font-family:inherit}#onetrust-banner-sdk .ot-sdk-container:after,#onetrust-banner-sdk .ot-sdk-row:after,#onetrust-pc-sdk .ot-sdk-container:after,#onetrust-pc-sdk .ot-sdk-row:after,#ot-sdk-cookie-policy .ot-sdk-container:after,#ot-sdk-cookie-policy .ot-sdk-row:after{content:"";display:table;clear:both}#onetrust-banner-sdk .ot-sdk-row,#onetrust-pc-sdk .ot-sdk-row,#ot-sdk-cookie-policy .ot-sdk-row{margin:0;max-width:none;display:block}#onetrust-banner-sdk{box-shadow:0 0 18px rgba(0,0,0,.2)}#onetrust-banner-sdk.otCenterRounded{z-index:2147483645;top:10%;position:fixed;right:0;background-color:#fff;width:60%;max-width:650px;border-radius:2.5px;left:1em;margin:0 auto;font-size:14px;max-height:90%;overflow-x:hidden;overflow-y:auto}#onetrust-banner-sdk.otRelFont{font-size:.875rem}#onetrust-banner-sdk::-webkit-scrollbar{width:11px}#onetrust-banner-sdk::-webkit-scrollbar-thumb{border-radius:10px;background:#c1c1c1}#onetrust-banner-sdk{scrollbar-arrow-color:#c1c1c1;scrollbar-darkshadow-color:#c1c1c1;scrollbar-face-color:#c1c1c1;scrollbar-shadow-color:#c1c1c1}#onetrust-banner-sdk h3,#onetrust-banner-sdk p{color:dimgray}#onetrust-banner-sdk #onetrust-policy{margin-top:40px}#onetrust-banner-sdk #onetrust-policy-title{float:left;text-align:left;font-size:1em;line-height:1.4;margin-bottom:0;padding:0 0 10px 30px;width:calc(100% - 90px)}#onetrust-banner-sdk #onetrust-policy-text,#onetrust-banner-sdk .ot-b-addl-desc,#onetrust-banner-sdk .ot-gv-list-handler{clear:both;float:left;margin:0 30px 10px 30px;font-size:.813em;line-height:1.5}#onetrust-banner-sdk #onetrust-policy-text *,#onetrust-banner-sdk .ot-b-addl-desc *,#onetrust-banner-sdk .ot-gv-list-handler *{line-height:inherit;font-size:inherit;margin:0}#onetrust-banner-sdk .ot-optout-signal{margin:0 1.875rem .625rem 1.875rem}#onetrust-banner-sdk .ot-gv-list-handler{padding:0;border:0;height:auto;width:auto}#onetrust-banner-sdk .ot-b-addl-desc{display:block}#onetrust-banner-sdk #onetrust-button-group-parent{padding:15px 30px;text-align:center}#onetrust-banner-sdk #onetrust-button-group-parent:not(.has-reject-all-button) #onetrust-button-group{text-align:right}#onetrust-banner-sdk #onetrust-button-group{text-align:center;display:inline-block;width:100%}#onetrust-banner-sdk #onetrust-reject-all-handler,#onetrust-banner-sdk #onetrust-pc-btn-handler{margin-right:1em}#onetrust-banner-sdk #onetrust-pc-btn-handler{border:1px solid #6cc04a;max-width:45%}#onetrust-banner-sdk .banner-actions-container{float:right;width:50%}#onetrust-banner-sdk #onetrust-pc-btn-handler.cookie-setting-link{background-color:#fff;border:none;color:#6cc04a;text-decoration:underline;padding-left:0;padding-right:0}#onetrust-banner-sdk #onetrust-accept-btn-handler,#onetrust-banner-sdk #onetrust-reject-all-handler,#onetrust-banner-sdk #onetrust-pc-btn-handler{background-color:#6cc04a;color:#fff;border-color:#6cc04a;min-width:135px;padding:12px 10px;letter-spacing:.05em;line-height:1.4;font-size:.813em;font-weight:600;height:auto;white-space:normal;word-break:break-word;word-wrap:break-word}#onetrust-banner-sdk .has-reject-all-button #onetrust-pc-btn-handler{float:left;max-width:calc(40% - 18px)}#onetrust-banner-sdk .has-reject-all-button #onetrust-pc-btn-handler.cookie-setting-link{text-align:left;margin-right:0}#onetrust-banner-sdk .has-reject-all-button .banner-actions-container{max-width:60%;width:auto}#onetrust-banner-sdk .ot-close-icon{width:44px;height:44px;background-size:12px;margin:-18px -18px 0 0;border:none;display:inline-block;padding:0}#onetrust-banner-sdk #onetrust-close-btn-container{position:absolute;right:24px;top:20px}#onetrust-banner-sdk .banner_logo{display:none}#onetrust-banner-sdk.ot-bnr-w-logo #onetrust-policy{margin-top:10px}#onetrust-banner-sdk.ot-bnr-w-logo .ot-bnr-logo{margin:4px 25px}#onetrust-banner-sdk #banner-options{float:left;padding:0 30px;width:calc(100% - 90px)}#onetrust-banner-sdk .banner-option{margin-bottom:10px}#onetrust-banner-sdk .banner-option-input{cursor:pointer;width:auto;height:auto;border:none;padding:0;padding-right:3px;margin:0 0 6px;font-size:.82em;line-height:1.4}#onetrust-banner-sdk .banner-option-input *{pointer-events:none;font-size:inherit;line-height:inherit}#onetrust-banner-sdk .banner-option-input[aria-expanded=true] .ot-arrow-container{transform:rotate(90deg)}#onetrust-banner-sdk .banner-option-input[aria-expanded=true]~.banner-option-details{height:auto;display:block}#onetrust-banner-sdk .banner-option-header{cursor:pointer;display:inline-block}#onetrust-banner-sdk .banner-option-header :first-child{color:dimgray;font-weight:bold;float:left}#onetrust-banner-sdk .ot-arrow-container,#onetrust-banner-sdk .banner-option-details{transition:all 300ms ease-in 0s;-webkit-transition:all 300ms ease-in 0s;-moz-transition:all 300ms ease-in 0s;-o-transition:all 300ms ease-in 0s}#onetrust-banner-sdk .ot-arrow-container{display:inline-block;border-top:6px solid rgba(0,0,0,0);border-bottom:6px solid rgba(0,0,0,0);border-left:6px solid dimgray;margin-left:10px;vertical-align:middle}#onetrust-banner-sdk .banner-option-details{display:none;font-size:.83em;line-height:1.5;height:0px;padding:10px 10px 5px 10px}#onetrust-banner-sdk .banner-option-details *{font-size:inherit;line-height:inherit;color:dimgray}#onetrust-banner-sdk .ot-dpd-container{float:left;margin:0 30px 10px 30px}#onetrust-banner-sdk .ot-dpd-title{font-weight:bold;padding-bottom:10px}#onetrust-banner-sdk .ot-dpd-title{font-size:1em;line-height:1.4}#onetrust-banner-sdk .ot-dpd-desc{font-size:.813em;line-height:1.5;margin-bottom:0}#onetrust-banner-sdk .ot-dpd-desc *{margin:0}#onetrust-banner-sdk .onetrust-vendors-list-handler{display:block;margin-left:0px;margin-top:5px;padding:0;margin-bottom:0;border:0;line-height:normal;height:auto;width:auto}#onetrust-banner-sdk :not(.ot-dpd-desc)>.ot-b-addl-desc{float:left;margin:0 30px 10px 30px}#onetrust-banner-sdk .ot-dpd-desc>.ot-b-addl-desc{margin-top:10px;margin-bottom:10px;font-size:1em;line-height:1.5;float:none}#onetrust-banner-sdk #onetrust-policy-text a{font-weight:bold;margin-left:5px}#onetrust-banner-sdk.ot-close-btn-link #onetrust-close-btn-container{top:15px;transform:none;right:15px}#onetrust-banner-sdk.ot-close-btn-link #onetrust-close-btn-container button{padding:0;white-space:pre-wrap;border:none;height:auto;line-height:1.5;text-decoration:underline;font-size:.75em}#onetrust-banner-sdk.ot-close-btn-link.ot-wo-title #onetrust-group-container{margin-top:20px}@media only screen and (max-width: 425px){#onetrust-banner-sdk #onetrust-accept-btn-handler,#onetrust-banner-sdk #onetrust-reject-all-handler,#onetrust-banner-sdk #onetrust-pc-btn-handler{width:100%;margin-bottom:10px}#onetrust-banner-sdk #onetrust-pc-btn-handler,#onetrust-banner-sdk #onetrust-reject-all-handler{margin-right:0}#onetrust-banner-sdk .has-reject-all-button #onetrust-pc-btn-handler.cookie-setting-link{text-align:center}#onetrust-banner-sdk .banner-actions-container,#onetrust-banner-sdk #onetrust-pc-btn-handler{width:100%;max-width:none}#onetrust-banner-sdk.otCenterRounded{left:0;width:95%;top:50%;transform:translateY(-50%);-webkit-transform:translateY(-50%)}}@media only screen and (max-width: 600px){#onetrust-banner-sdk .ot-sdk-container{width:auto;padding:0}#onetrust-banner-sdk #onetrust-policy-title{padding:0 22px 10px 22px}#onetrust-banner-sdk #onetrust-policy-text,#onetrust-banner-sdk :not(.ot-dpd-desc)>.ot-b-addl-desc,#onetrust-banner-sdk .ot-dpd-container{margin:0 22px 10px 22px;width:calc(100% - 44px)}#onetrust-banner-sdk #onetrust-button-group-parent{padding:15px 22px}#onetrust-banner-sdk #banner-options{padding:0 22px;width:calc(100% - 44px)}#onetrust-banner-sdk .banner-option{margin-bottom:6px}#onetrust-banner-sdk .has-reject-all-button #onetrust-pc-btn-handler{float:none;max-width:100%}#onetrust-banner-sdk .has-reject-all-button .banner-actions-container{width:100%;text-align:center;max-width:100%}#onetrust-banner-sdk.ot-close-btn-link #onetrust-group-container{margin-top:20px}}@media only screen and (min-width: 426px)and (max-width: 896px){#onetrust-banner-sdk.otCenterRounded{left:0;top:15%;transform:translateY(-13%);-webkit-transform:translateY(-13%);max-width:600px;width:95%}}
#onetrust-consent-sdk #onetrust-banner-sdk {background-color: #FFFFFF;}
#onetrust-consent-sdk #onetrust-policy-title,
#onetrust-consent-sdk #onetrust-policy-text,
#onetrust-consent-sdk .ot-b-addl-desc,
#onetrust-consent-sdk .ot-dpd-desc,
#onetrust-consent-sdk .ot-dpd-title,
#onetrust-consent-sdk #onetrust-policy-text *:not(.onetrust-vendors-list-handler),
#onetrust-consent-sdk .ot-dpd-desc *:not(.onetrust-vendors-list-handler),
#onetrust-consent-sdk #onetrust-banner-sdk #banner-options *,
#onetrust-banner-sdk .ot-cat-header,
#onetrust-banner-sdk .ot-optout-signal
{
    color: #555555;
}
#onetrust-consent-sdk #onetrust-banner-sdk .banner-option-details {
    background-color: #f2f3f4;}
#onetrust-consent-sdk #onetrust-banner-sdk a[href],
#onetrust-consent-sdk #onetrust-banner-sdk a[href] font,
#onetrust-consent-sdk #onetrust-banner-sdk .ot-link-btn
{
    color: #767676;
}#onetrust-consent-sdk #onetrust-accept-btn-handler,
 #onetrust-banner-sdk #onetrust-reject-all-handler {
     background-color: #3c9700;border-color: #3c9700;
     color: #FFFFFF;
 }
#onetrust-consent-sdk #onetrust-banner-sdk *:focus,
#onetrust-consent-sdk #onetrust-banner-sdk:focus {
    outline-color: #000000;
    outline-width: 1px;
}
#onetrust-consent-sdk #onetrust-pc-btn-handler,
#onetrust-consent-sdk #onetrust-pc-btn-handler.cookie-setting-link {
    color: #3c9700; border-color: #3c9700;
    background-color:
            #FFFFFF;
}#onetrust-banner-sdk {
     --zpot-color-text-default: #343332;
     --zpot-color-text-primary: #237803;
     --zpot-color-surface-action-neutral-default: #E5E2DC;
     --zpot-color-surface-action-neutral-hover: #D3D0CA;
     --zpot-color-surface-action-neutral-active: #C3BEB6;
     --zpot-color-surface-action-primary-default: #237803;
     --zpot-color-surface-action-primary-hover: #1C5E02;
     --zpot-color-surface-action-primary-active:  #154902;

     --zpot-radius-xs: 4px;
     --zpot-radius-s: 8px;
     --zpot-radius-m: 12px;
     --zpot-radius-l: 16px;
     --zpot-borderRadius-full: 99999px;

     --zpot-spacing-2xs: 4px;
     --zpot-spacing-xs: 8px;
     --zpot-spacing-s: 12px;
     --zpot-spacing-m: 16px;
     --zpot-spacing-l: 20px;
     --zpot-spacing-xl: 24px;
     --zpot-spacing-2xl: 32px;
     --zpot-spacing-3xl: 40px;
 }

#onetrust-banner-sdk * {
    letter-spacing: 0 !important;
}

#onetrust-banner-sdk.otFlat {
    margin: 0 auto 15px auto;
    border-radius: 5px;
    box-shadow: 0 6px 15px 0px rgba(0, 0, 0, 0.1);
}

#onetrust-banner-sdk.otCenterRounded {
    border-radius: var(--zpot-radius-s);
}

#onetrust-banner-sdk .ot-sdk-container {
    padding: var(--zpot-spacing-m) var(--zpot-spacing-l);
}

#onetrust-policy-title {
    font-size: 20px !important;
    line-height: 1.2 !important;
}

@media (min-width: 544px) {
    #onetrust-policy-title {
        font-size: 24px !important;
        line-height: 1.166666 !important;
    }
}

#onetrust-banner-sdk #onetrust-policy-text {
    margin: 0;
    font-size: 12px !important;
    line-height: 1.5 !important;
}

#onetrust-consent-sdk #onetrust-banner-sdk button:is(
  #onetrust-accept-btn-handler,
  #onetrust-reject-all-handler,
  #onetrust-pc-btn-handler) {
    display: inline-block;
    width: 100%;
    max-width: 100%;
    height: 48px;
    margin: 0;
    padding: 0;
    border-radius: var(--zpot-borderRadius-full);
    font-size: 14px;
    font-weight: bold;
    text-align: center;
    text-decoration: none;
    opacity: 1;
    transition: background-color 0.25s, color 0.25s;
}

#onetrust-consent-sdk #onetrust-banner-sdk button:is(#onetrust-reject-all-handler, #onetrust-pc-btn-handler):hover {
    color: var(--zpot-color-text-default);
    background: var(--zpot-color-surface-action-neutral-hover);
}

#onetrust-consent-sdk button#onetrust-accept-btn-handler {
    color: #ffffff;
    min-width: 226px;
    margin: 0;
    display: block;
    background: var(--zpot-color-surface-action-primary-default);
}

#onetrust-consent-sdk button#onetrust-accept-btn-handler:hover {
    background: var(--zpot-color-surface-action-primary-hover);
}

#onetrust-consent-sdk button#onetrust-accept-btn-handler:active {
    background: var(--zpot-color-surface-action-primary-active);
}

#onetrust-consent-sdk #onetrust-pc-btn-handler.zp-onetrust-pc-btn-handler {
    min-width: auto;
    width: auto;
}

#onetrust-consent-sdk #onetrust-banner-sdk button:is(#onetrust-reject-all-handler, #onetrust-pc-btn-handler) {
    color: var(--zpot-color-text-default);
    background: var(--zpot-color-surface-action-neutral-default);
}

#onetrust-consent-sdk #onetrust-banner-sdk a[href],
#onetrust-consent-sdk #onetrust-banner-sdk a[href] font,
#onetrust-consent-sdk #onetrust-banner-sdk .ot-link-btn {
    color: var(--zpot-color-text-primary);
}

#onetrust-banner-sdk #onetrust-button-group {
    text-align: center;
    display: flex;
    gap: var(--zpot-spacing-s);
    width: 100%;
    flex-wrap: wrap;
}

#onetrust-banner-sdk #onetrust-policy {
    display: flex;
    padding: 0;
    flex-wrap: wrap;
    margin-top: 0;
}

/* #onetrust-banner-sdk #onetrust-policy:before {
  background-image: url(data:image/png;base64,iVBORw0KGgoAAAANSUhEUgAAABgAAAAYCAMAAADXqc3KAAAAk1BMVEUAAAA8mABDmwA9mAA8mAA8lwA8lwA8mABDngBMnQA8mAA9mAA9mQBAmgBIoAA8mAA8mAA8mAA9mAA9mAA9lwA9mQA9mQA+nAA8lwA8mAA8mAA9mAA8mAA+mgBBmwA8mAA8lwA9mAA8mAA8mQA8mQA+mAA+mQBAmgBAmwA8mAA9mQA8mQA8lwA9lwA9lwA9mAA8lwCoiE+UAAAAMHRSTlMA+hrZ7qXz3hAIuKBKJQ3UzK6njmxPORTnq5p1cjAf48/Jk3BnRD4rGIh8VceCYFQ6JSwNAAABJ0lEQVQoz11R17aCMBDckISqFEEEAXu7esv8/9fdTQwcdV6yZzY7W4YcNn0cNBv6hKcFmgzzT/7PF+VAPdIPfinygZ8ZHu/8WcSRDaSqierfSd/fpS7KsJUQkUtoMQ0TdkWyxtJ9E4nR784uGcmmZpaow5WoAJC4zFVCbnGiOOOx0Ed3XGjxnZqao26blrb8846IVqgo33uuLJbkf5kNuvCHK8KRJ61IcIIWANYjWciUDoqCxC55vNCIQHgsZZq/wwqqlnp709QuWWd++RwZFS+obfnNHCtoMSPTU6yINAaOduZCvq5x4newk3hqP/pwAJTHTXK1IsYD+3B0prI861lU2L2YOs/FabKQrZ07+iDUjCbcEgGpy3IRQKyN/kvqWATKl0U10v/QCRWJVPNNJgAAAABJRU5ErkJggg==);
  background-repeat: no-repeat !important;
  content: '';
  width: 29px;
  display: block;
  height: 29px;
  margin-right: 10px;
} */



#onetrust-banner-sdk #onetrust-policy-title {
    position: relative;
    width: auto;
    padding-left: 36px;
}

#onetrust-banner-sdk #onetrust-policy-title:before {
    position: absolute;
    top: 0;
    left: 0;
    background-image: url(data:image/png;base64,iVBORw0KGgoAAAANSUhEUgAAABgAAAAYCAMAAADXqc3KAAAAk1BMVEUAAAA8mABDmwA9mAA8mAA8lwA8lwA8mABDngBMnQA8mAA9mAA9mQBAmgBIoAA8mAA8mAA8mAA9mAA9mAA9lwA9mQA9mQA+nAA8lwA8mAA8mAA9mAA8mAA+mgBBmwA8mAA8lwA9mAA8mAA8mQA8mQA+mAA+mQBAmgBAmwA8mAA9mQA8mQA8lwA9lwA9lwA9mAA8lwCoiE+UAAAAMHRSTlMA+hrZ7qXz3hAIuKBKJQ3UzK6njmxPORTnq5p1cjAf48/Jk3BnRD4rGIh8VceCYFQ6JSwNAAABJ0lEQVQoz11R17aCMBDckISqFEEEAXu7esv8/9fdTQwcdV6yZzY7W4YcNn0cNBv6hKcFmgzzT/7PF+VAPdIPfinygZ8ZHu/8WcSRDaSqierfSd/fpS7KsJUQkUtoMQ0TdkWyxtJ9E4nR784uGcmmZpaow5WoAJC4zFVCbnGiOOOx0Ed3XGjxnZqao26blrb8846IVqgo33uuLJbkf5kNuvCHK8KRJ61IcIIWANYjWciUDoqCxC55vNCIQHgsZZq/wwqqlnp709QuWWd++RwZFS+obfnNHCtoMSPTU6yINAaOduZCvq5x4newk3hqP/pwAJTHTXK1IsYD+3B0prI861lU2L2YOs/FabKQrZ07+iDUjCbcEgGpy3IRQKyN/kvqWATKl0U10v/QCRWJVPNNJgAAAABJRU5ErkJggg==);
    background-repeat: no-repeat !important;
    content: '';
    width: 24px;
    display: block;
    height: 24px;
}

@media (max-width: 768px) {
    #onetrust-banner-sdk #onetrust-group-container #onetrust-policy {
        margin-top: 0;
    }

    div#onetrust-banner-sdk div.ot-sdk-row {
        flex-wrap: wrap;
    }

    #onetrust-banner-sdk #onetrust-button-group-parent {
        order: 3;
    }

    #onetrust-banner-sdk .ot-sdk-container #onetrust-group-container {
        order: 2;
    }

    #onetrust-banner-sdk #onetrust-close-btn-container {
        width: 100%;
        margin: 0;
    }

    #onetrust-banner-sdk .ot-sdk-container #onetrust-group-container {
        padding-left: 0;
    }
}

#onetrust-consent-sdk button#onetrust-accept-btn-handler,
#onetrust-banner-sdk .banner-actions-container {
    width: 100% !important;
    max-width: 100% !important;
}

#onetrust-banner-sdk .banner-actions-container {
    order: 2;
    display: flex;
    flex-wrap: wrap;
    gap: var(--zpot-spacing-s);
    /* margin-top: 10px; */
}

#onetrust-banner-sdk #onetrust-button-group-parent {
    padding: var(--zpot-spacing-m) 0 0;
}


@media (min-width: 543px) {
    #onetrust-banner-sdk.otCenterRounded {
        max-width: 575px;
    }
}

@media (max-width: 544px) {
    #onetrust-banner-sdk.otCenterRounded {
        width: 100%;
        bottom: 0;
        top: auto;
        transform: translateY(0);
        border-bottom-left-radius: 0;
        border-bottom-right-radius: 0;
        /* padding: 15px 20px; */
    }
}


/* @media (max-width: 768px) {
  #onetrust-consent-sdk #onetrust-banner-sdk .ot-sdk-container {
    padding: 20px 0 0;
  }
} */

@media only screen and (max-width: 600px) {
    /* #onetrust-banner-sdk #onetrust-button-group-parent {
      padding: 15px 0px;
    } */

    #onetrust-banner-sdk #onetrust-policy-title {
        padding-right: 0;
    }

    #onetrust-banner-sdk #onetrust-policy-text {
        width: auto;
    }

    #onetrust-banner-sdk #onetrust-group-container #onetrust-policy {
        padding: 0px;
    }
}



#onetrust-banner-sdk #onetrust-button-group-parent:not(.has-reject-all-button) #onetrust-button-group {
    text-align: center;
}

#onetrust-banner-sdk .banner-header {
    display: none;
}

#onetrust-banner-sdk #onetrust-reject-all-handler {
    height: 46px;
    color: #767676;
    background-color: white;
    border: 0;
    order: 2;
    margin: 10px 0 0;
    font-size: 14px;
    width: 100%;
    letter-spacing: inherit;
}
#onetrust-pc-sdk.otPcCenter{overflow:hidden;position:fixed;margin:0 auto;top:5%;right:0;left:0;width:40%;max-width:575px;min-width:575px;border-radius:2.5px;z-index:2147483647;background-color:#fff;-webkit-box-shadow:0px 2px 10px -3px #999;-moz-box-shadow:0px 2px 10px -3px #999;box-shadow:0px 2px 10px -3px #999}#onetrust-pc-sdk.otPcCenter[dir=rtl]{right:0;left:0}#onetrust-pc-sdk.otRelFont{font-size:1rem}#onetrust-pc-sdk .ot-optout-signal{margin-top:.625rem}#onetrust-pc-sdk #ot-addtl-venlst .ot-arw-cntr,#onetrust-pc-sdk #ot-addtl-venlst .ot-plus-minus,#onetrust-pc-sdk .ot-hide-tgl{visibility:hidden}#onetrust-pc-sdk #ot-addtl-venlst .ot-arw-cntr *,#onetrust-pc-sdk #ot-addtl-venlst .ot-plus-minus *,#onetrust-pc-sdk .ot-hide-tgl *{visibility:hidden}#onetrust-pc-sdk #ot-gn-venlst .ot-ven-item .ot-acc-hdr{min-height:40px}#onetrust-pc-sdk .ot-pc-header{height:39px;padding:10px 0 10px 30px;border-bottom:1px solid #e9e9e9}#onetrust-pc-sdk #ot-pc-title,#onetrust-pc-sdk #ot-category-title,#onetrust-pc-sdk .ot-cat-header,#onetrust-pc-sdk #ot-lst-title,#onetrust-pc-sdk .ot-ven-hdr .ot-ven-name,#onetrust-pc-sdk .ot-always-active{font-weight:bold;color:dimgray}#onetrust-pc-sdk .ot-always-active-group .ot-cat-header{width:55%;font-weight:700}#onetrust-pc-sdk .ot-cat-item p{clear:both;float:left;margin-top:10px;margin-bottom:5px;line-height:1.5;font-size:.812em;color:dimgray}#onetrust-pc-sdk .ot-close-icon{height:44px;width:44px;background-size:10px}#onetrust-pc-sdk #ot-pc-title{float:left;font-size:1em;line-height:1.5;margin-bottom:10px;margin-top:10px;width:100%}#onetrust-pc-sdk #accept-recommended-btn-handler{margin-right:10px;margin-bottom:25px;outline-offset:-1px}#onetrust-pc-sdk #ot-pc-desc{clear:both;width:100%;font-size:.812em;line-height:1.5;margin-bottom:25px}#onetrust-pc-sdk #ot-pc-desc a{margin-left:5px}#onetrust-pc-sdk #ot-pc-desc *{font-size:inherit;line-height:inherit}#onetrust-pc-sdk #ot-pc-desc ul li{padding:10px 0px}#onetrust-pc-sdk a{color:#656565;cursor:pointer}#onetrust-pc-sdk a:hover{color:#3860be}#onetrust-pc-sdk label{margin-bottom:0}#onetrust-pc-sdk #vdr-lst-dsc{font-size:.812em;line-height:1.5;padding:10px 15px 5px 15px}#onetrust-pc-sdk button{max-width:394px;padding:12px 30px;line-height:1;word-break:break-word;word-wrap:break-word;white-space:normal;font-weight:bold;height:auto}#onetrust-pc-sdk .ot-link-btn{padding:0;margin-bottom:0;border:0;font-weight:normal;line-height:normal;width:auto;height:auto}#onetrust-pc-sdk #ot-pc-content{position:absolute;overflow-y:scroll;padding-left:0px;padding-right:30px;top:60px;bottom:110px;margin:1px 3px 0 30px;width:calc(100% - 63px)}#onetrust-pc-sdk .ot-vs-list .ot-always-active,#onetrust-pc-sdk .ot-cat-grp .ot-always-active{float:right;clear:none;color:#3860be;margin:0;font-size:.813em;line-height:1.3}#onetrust-pc-sdk .ot-pc-scrollbar::-webkit-scrollbar-track{margin-right:20px}#onetrust-pc-sdk .ot-pc-scrollbar::-webkit-scrollbar{width:11px}#onetrust-pc-sdk .ot-pc-scrollbar::-webkit-scrollbar-thumb{border-radius:10px;background:#d8d8d8}#onetrust-pc-sdk input[type=checkbox]:focus+.ot-acc-hdr{outline:#000 1px solid}#onetrust-pc-sdk .ot-pc-scrollbar{scrollbar-arrow-color:#d8d8d8;scrollbar-darkshadow-color:#d8d8d8;scrollbar-face-color:#d8d8d8;scrollbar-shadow-color:#d8d8d8}#onetrust-pc-sdk .save-preference-btn-handler{margin-right:20px}#onetrust-pc-sdk .ot-pc-refuse-all-handler{margin-right:10px}#onetrust-pc-sdk #ot-pc-desc .privacy-notice-link{margin-left:0;margin-right:8px}#onetrust-pc-sdk #ot-pc-desc .ot-imprint-handler{margin-left:0;margin-right:8px}#onetrust-pc-sdk .ot-subgrp-cntr{display:inline-block;clear:both;width:100%;padding-top:15px}#onetrust-pc-sdk .ot-switch+.ot-subgrp-cntr{padding-top:10px}#onetrust-pc-sdk ul.ot-subgrps{margin:0;font-size:initial}#onetrust-pc-sdk ul.ot-subgrps li p,#onetrust-pc-sdk ul.ot-subgrps li h5{font-size:.813em;line-height:1.4;color:dimgray}#onetrust-pc-sdk ul.ot-subgrps .ot-switch{min-height:auto}#onetrust-pc-sdk ul.ot-subgrps .ot-switch-nob{top:0}#onetrust-pc-sdk ul.ot-subgrps .ot-acc-hdr{display:inline-block;width:100%}#onetrust-pc-sdk ul.ot-subgrps .ot-acc-txt{margin:0}#onetrust-pc-sdk ul.ot-subgrps li{padding:0;border:none}#onetrust-pc-sdk ul.ot-subgrps li h5{position:relative;top:5px;font-weight:bold;margin-bottom:0;float:left}#onetrust-pc-sdk li.ot-subgrp{margin-left:20px;overflow:auto}#onetrust-pc-sdk li.ot-subgrp>h5{width:calc(100% - 100px)}#onetrust-pc-sdk .ot-cat-item p>ul,#onetrust-pc-sdk li.ot-subgrp p>ul{margin:0px;list-style:disc;margin-left:15px;font-size:inherit}#onetrust-pc-sdk .ot-cat-item p>ul li,#onetrust-pc-sdk li.ot-subgrp p>ul li{font-size:inherit;padding-top:10px;padding-left:0px;padding-right:0px;border:none}#onetrust-pc-sdk .ot-cat-item p>ul li:last-child,#onetrust-pc-sdk li.ot-subgrp p>ul li:last-child{padding-bottom:10px}#onetrust-pc-sdk .ot-pc-logo{height:40px;width:120px}#onetrust-pc-sdk .ot-pc-footer{position:absolute;bottom:0px;width:100%;max-height:160px;border-top:1px solid #d8d8d8}#onetrust-pc-sdk.ot-ftr-stacked .ot-pc-refuse-all-handler{margin-bottom:0px}#onetrust-pc-sdk.ot-ftr-stacked #ot-pc-content{bottom:160px}#onetrust-pc-sdk.ot-ftr-stacked .ot-pc-footer button{width:100%;max-width:none}#onetrust-pc-sdk.ot-ftr-stacked .ot-btn-container{margin:0 30px;width:calc(100% - 60px);padding-right:0}#onetrust-pc-sdk .ot-pc-footer-logo{height:30px;width:100%;text-align:right;background:#f4f4f4}#onetrust-pc-sdk .ot-pc-footer-logo a{display:inline-block;margin-top:5px;margin-right:10px}#onetrust-pc-sdk[dir=rtl] .ot-pc-footer-logo{direction:rtl}#onetrust-pc-sdk[dir=rtl] .ot-pc-footer-logo a{margin-right:25px}#onetrust-pc-sdk .ot-tgl{float:right;position:relative;z-index:1}#onetrust-pc-sdk .ot-tgl input:checked+.ot-switch .ot-switch-nob{background-color:#468254;border:1px solid #fff}#onetrust-pc-sdk .ot-tgl input:checked+.ot-switch .ot-switch-nob:before{-webkit-transform:translateX(20px);-ms-transform:translateX(20px);transform:translateX(20px);background-color:#fff;border-color:#fff}#onetrust-pc-sdk .ot-tgl input:focus+.ot-switch{outline:#000 solid 1px}#onetrust-pc-sdk .ot-switch{position:relative;display:inline-block;width:45px;height:25px}#onetrust-pc-sdk .ot-switch-nob{position:absolute;cursor:pointer;top:0;left:0;right:0;bottom:0;background-color:#767676;border:1px solid #ddd;transition:all .2s ease-in 0s;-moz-transition:all .2s ease-in 0s;-o-transition:all .2s ease-in 0s;-webkit-transition:all .2s ease-in 0s;border-radius:20px}#onetrust-pc-sdk .ot-switch-nob:before{position:absolute;content:"";height:18px;width:18px;bottom:3px;left:3px;background-color:#fff;-webkit-transition:.4s;transition:.4s;border-radius:20px}#onetrust-pc-sdk .ot-chkbox input:checked~label::before{background-color:#3860be}#onetrust-pc-sdk .ot-chkbox input+label::after{content:none;color:#fff}#onetrust-pc-sdk .ot-chkbox input:checked+label::after{content:""}#onetrust-pc-sdk .ot-chkbox input:focus+label::before{outline-style:solid;outline-width:2px;outline-style:auto}#onetrust-pc-sdk .ot-chkbox label{position:relative;display:inline-block;padding-left:30px;cursor:pointer;font-weight:500}#onetrust-pc-sdk .ot-chkbox label::before,#onetrust-pc-sdk .ot-chkbox label::after{position:absolute;content:"";display:inline-block;border-radius:3px}#onetrust-pc-sdk .ot-chkbox label::before{height:18px;width:18px;border:1px solid #3860be;left:0px;top:auto}#onetrust-pc-sdk .ot-chkbox label::after{height:5px;width:9px;border-left:3px solid;border-bottom:3px solid;transform:rotate(-45deg);-o-transform:rotate(-45deg);-ms-transform:rotate(-45deg);-webkit-transform:rotate(-45deg);left:4px;top:5px}#onetrust-pc-sdk .ot-label-txt{display:none}#onetrust-pc-sdk .ot-chkbox input,#onetrust-pc-sdk .ot-tgl input{position:absolute;opacity:0;width:0;height:0}#onetrust-pc-sdk .ot-arw-cntr{float:right;position:relative;pointer-events:none}#onetrust-pc-sdk .ot-arw-cntr .ot-arw{width:16px;height:16px;margin-left:5px;color:dimgray;display:inline-block;vertical-align:middle;-webkit-transition:all 150ms ease-in 0s;-moz-transition:all 150ms ease-in 0s;-o-transition:all 150ms ease-in 0s;transition:all 150ms ease-in 0s}#onetrust-pc-sdk input:checked~.ot-acc-hdr .ot-arw,#onetrust-pc-sdk button[aria-expanded=true]~.ot-acc-hdr .ot-arw-cntr svg{transform:rotate(90deg);-o-transform:rotate(90deg);-ms-transform:rotate(90deg);-webkit-transform:rotate(90deg)}#onetrust-pc-sdk input[type=checkbox]:focus+.ot-acc-hdr{outline:#000 1px solid}#onetrust-pc-sdk .ot-tgl-cntr,#onetrust-pc-sdk .ot-arw-cntr{display:inline-block}#onetrust-pc-sdk .ot-tgl-cntr{width:45px;float:right;margin-top:2px}#onetrust-pc-sdk #ot-lst-cnt .ot-tgl-cntr{margin-top:10px}#onetrust-pc-sdk .ot-always-active-subgroup{width:auto;padding-left:0px !important;top:3px;position:relative}#onetrust-pc-sdk .ot-label-status{padding-left:5px;font-size:.75em;display:none}#onetrust-pc-sdk .ot-arw-cntr{margin-top:-1px}#onetrust-pc-sdk .ot-arw-cntr svg{-webkit-transition:all 300ms ease-in 0s;-moz-transition:all 300ms ease-in 0s;-o-transition:all 300ms ease-in 0s;transition:all 300ms ease-in 0s;height:10px;width:10px}#onetrust-pc-sdk input:checked~.ot-acc-hdr .ot-arw{transform:rotate(90deg);-o-transform:rotate(90deg);-ms-transform:rotate(90deg);-webkit-transform:rotate(90deg)}#onetrust-pc-sdk .ot-arw{width:10px;margin-left:15px;transition:all 300ms ease-in 0s;-webkit-transition:all 300ms ease-in 0s;-moz-transition:all 300ms ease-in 0s;-o-transition:all 300ms ease-in 0s}#onetrust-pc-sdk .ot-vlst-cntr{margin-bottom:0}#onetrust-pc-sdk .ot-hlst-cntr{margin-top:5px;display:inline-block;width:100%}#onetrust-pc-sdk .category-vendors-list-handler,#onetrust-pc-sdk .category-vendors-list-handler+a,#onetrust-pc-sdk .category-host-list-handler{clear:both;color:#3860be;margin-left:0;font-size:.813em;text-decoration:none;float:left;overflow:hidden}#onetrust-pc-sdk .category-vendors-list-handler:hover,#onetrust-pc-sdk .category-vendors-list-handler+a:hover,#onetrust-pc-sdk .category-host-list-handler:hover{text-decoration-line:underline}#onetrust-pc-sdk .category-vendors-list-handler+a{clear:none}#onetrust-pc-sdk .ot-vlst-cntr .ot-ext-lnk,#onetrust-pc-sdk .ot-ven-hdr .ot-ext-lnk{display:inline-block;height:13px;width:13px;background-repeat:no-repeat;margin-left:1px;margin-top:6px;cursor:pointer}#onetrust-pc-sdk .ot-ven-hdr .ot-ext-lnk{margin-bottom:-1px}#onetrust-pc-sdk .back-btn-handler{font-size:1em;text-decoration:none}#onetrust-pc-sdk .back-btn-handler:hover{opacity:.6}#onetrust-pc-sdk #ot-lst-title h3{display:inline-block;word-break:break-word;word-wrap:break-word;margin-bottom:0;color:#656565;font-size:1em;font-weight:bold;margin-left:15px}#onetrust-pc-sdk #ot-lst-title{margin:10px 0 10px 0px;font-size:1em;text-align:left}#onetrust-pc-sdk #ot-pc-hdr{margin:0 0 0 30px;height:auto;width:auto}#onetrust-pc-sdk #ot-pc-hdr input::placeholder{color:#d4d4d4;font-style:italic}#onetrust-pc-sdk #vendor-search-handler{height:31px;width:100%;border-radius:50px;font-size:.8em;padding-right:35px;padding-left:15px;float:left;margin-left:15px}#onetrust-pc-sdk .ot-ven-name{display:block;width:auto;padding-right:5px}#onetrust-pc-sdk #ot-lst-cnt{overflow-y:auto;margin-left:20px;margin-right:7px;width:calc(100% - 27px);max-height:calc(100% - 80px);height:100%;transform:translate3d(0, 0, 0)}#onetrust-pc-sdk #ot-pc-lst{width:100%;bottom:100px;position:absolute;top:60px}#onetrust-pc-sdk #ot-pc-lst:not(.ot-enbl-chr) .ot-tgl-cntr .ot-arw-cntr,#onetrust-pc-sdk #ot-pc-lst:not(.ot-enbl-chr) .ot-tgl-cntr .ot-arw-cntr *{visibility:hidden}#onetrust-pc-sdk #ot-pc-lst .ot-tgl-cntr{right:12px;position:absolute}#onetrust-pc-sdk #ot-pc-lst .ot-arw-cntr{float:right;position:relative}#onetrust-pc-sdk #ot-pc-lst .ot-arw{margin-left:10px}#onetrust-pc-sdk #ot-pc-lst .ot-acc-hdr{overflow:hidden;cursor:pointer}#onetrust-pc-sdk .ot-vlst-cntr{overflow:hidden}#onetrust-pc-sdk #ot-sel-blk{overflow:hidden;width:100%;position:sticky;position:-webkit-sticky;top:0;z-index:3}#onetrust-pc-sdk #ot-back-arw{height:12px;width:12px}#onetrust-pc-sdk .ot-lst-subhdr{width:100%;display:inline-block}#onetrust-pc-sdk .ot-search-cntr{float:left;width:78%;position:relative}#onetrust-pc-sdk .ot-search-cntr>svg{width:30px;height:30px;position:absolute;float:left;right:-15px}#onetrust-pc-sdk .ot-fltr-cntr{float:right;right:50px;position:relative}#onetrust-pc-sdk #filter-btn-handler{background-color:#3860be;border-radius:17px;display:inline-block;position:relative;width:32px;height:32px;-moz-transition:.1s ease;-o-transition:.1s ease;-webkit-transition:1s ease;transition:.1s ease;padding:0;margin:0}#onetrust-pc-sdk #filter-btn-handler:hover{background-color:#3860be}#onetrust-pc-sdk #filter-btn-handler svg{width:12px;height:12px;margin:3px 10px 0 10px;display:block;position:static;right:auto;top:auto}#onetrust-pc-sdk .ot-ven-link,#onetrust-pc-sdk .ot-ven-legclaim-link{color:#3860be;text-decoration:none;font-weight:100;display:inline-block;padding-top:10px;transform:translate(0, 1%);-o-transform:translate(0, 1%);-ms-transform:translate(0, 1%);-webkit-transform:translate(0, 1%);position:relative;z-index:2}#onetrust-pc-sdk .ot-ven-link *,#onetrust-pc-sdk .ot-ven-legclaim-link *{font-size:inherit}#onetrust-pc-sdk .ot-ven-link:hover,#onetrust-pc-sdk .ot-ven-legclaim-link:hover{text-decoration:underline}#onetrust-pc-sdk .ot-ven-hdr{width:calc(100% - 160px);height:auto;float:left;word-break:break-word;word-wrap:break-word;vertical-align:middle;padding-bottom:3px}#onetrust-pc-sdk .ot-ven-link,#onetrust-pc-sdk .ot-ven-legclaim-link{letter-spacing:.03em;font-size:.75em;font-weight:400}#onetrust-pc-sdk .ot-ven-dets{border-radius:2px;background-color:#f8f8f8}#onetrust-pc-sdk .ot-ven-dets li:first-child p:first-child{border-top:none}#onetrust-pc-sdk .ot-ven-dets .ot-ven-disc:not(:first-child){border-top:1px solid #ddd !important}#onetrust-pc-sdk .ot-ven-dets .ot-ven-disc:nth-child(n+3) p{display:inline-block}#onetrust-pc-sdk .ot-ven-dets .ot-ven-disc:nth-child(n+3) p:nth-of-type(odd){width:30%}#onetrust-pc-sdk .ot-ven-dets .ot-ven-disc:nth-child(n+3) p:nth-of-type(even){width:50%;word-break:break-word;word-wrap:break-word}#onetrust-pc-sdk .ot-ven-dets .ot-ven-disc p,#onetrust-pc-sdk .ot-ven-dets .ot-ven-disc h5{padding-top:5px;padding-bottom:5px;display:block}#onetrust-pc-sdk .ot-ven-dets .ot-ven-disc h5{display:inline-block}#onetrust-pc-sdk .ot-ven-dets .ot-ven-disc p:nth-last-child(-n+1){padding-bottom:10px}#onetrust-pc-sdk .ot-ven-dets .ot-ven-disc p:nth-child(-n+2):not(.disc-pur){padding-top:10px}#onetrust-pc-sdk .ot-ven-dets .ot-ven-disc .disc-pur-cont{display:inline}#onetrust-pc-sdk .ot-ven-dets .ot-ven-disc .disc-pur{position:relative;width:50% !important;word-break:break-word;word-wrap:break-word;left:calc(30% + 17px)}#onetrust-pc-sdk .ot-ven-dets .ot-ven-disc .disc-pur:nth-child(-n+1){position:static}#onetrust-pc-sdk .ot-ven-dets p,#onetrust-pc-sdk .ot-ven-dets h5,#onetrust-pc-sdk .ot-ven-dets span{font-size:.69em;text-align:left;vertical-align:middle;word-break:break-word;word-wrap:break-word;margin:0;padding-bottom:10px;padding-left:15px;color:#2e3644}#onetrust-pc-sdk .ot-ven-dets h5{padding-top:5px}#onetrust-pc-sdk .ot-ven-dets span{color:dimgray;padding:0;vertical-align:baseline}#onetrust-pc-sdk .ot-ven-dets .ot-ven-pur h5{border-top:1px solid #e9e9e9;border-bottom:1px solid #e9e9e9;padding-bottom:5px;margin-bottom:5px;font-weight:bold}#onetrust-pc-sdk #ot-host-lst .ot-sel-all{float:right;position:relative;margin-right:42px;top:10px}#onetrust-pc-sdk #ot-host-lst .ot-sel-all input[type=checkbox]{width:auto;height:auto}#onetrust-pc-sdk #ot-host-lst .ot-sel-all label{height:20px;width:20px;padding-left:0px}#onetrust-pc-sdk #ot-host-lst .ot-acc-txt{overflow:hidden;width:95%}#onetrust-pc-sdk .ot-host-hdr{position:relative;z-index:1;pointer-events:none;width:calc(100% - 125px);float:left}#onetrust-pc-sdk .ot-host-name,#onetrust-pc-sdk .ot-host-desc{display:inline-block;width:90%}#onetrust-pc-sdk .ot-host-name{pointer-events:none}#onetrust-pc-sdk .ot-host-hdr>a{text-decoration:underline;font-size:.82em;position:relative;z-index:2;float:left;margin-bottom:5px;pointer-events:initial}#onetrust-pc-sdk .ot-host-name+a{margin-top:5px}#onetrust-pc-sdk .ot-host-name,#onetrust-pc-sdk .ot-host-name a,#onetrust-pc-sdk .ot-host-desc,#onetrust-pc-sdk .ot-host-info{color:dimgray;word-break:break-word;word-wrap:break-word}#onetrust-pc-sdk .ot-host-name,#onetrust-pc-sdk .ot-host-name a{font-weight:bold;font-size:.82em;line-height:1.3}#onetrust-pc-sdk .ot-host-name a{font-size:1em}#onetrust-pc-sdk .ot-host-expand{margin-top:3px;margin-bottom:3px;clear:both;display:block;color:#3860be;font-size:.72em;font-weight:normal}#onetrust-pc-sdk .ot-host-expand *{font-size:inherit}#onetrust-pc-sdk .ot-host-desc,#onetrust-pc-sdk .ot-host-info{font-size:.688em;line-height:1.4;font-weight:normal}#onetrust-pc-sdk .ot-host-desc{margin-top:10px}#onetrust-pc-sdk .ot-host-opt{margin:0;font-size:inherit;display:inline-block;width:100%}#onetrust-pc-sdk .ot-host-opt li>div div{font-size:.8em;padding:5px 0}#onetrust-pc-sdk .ot-host-opt li>div div:nth-child(1){width:30%;float:left}#onetrust-pc-sdk .ot-host-opt li>div div:nth-child(2){width:70%;float:left;word-break:break-word;word-wrap:break-word}#onetrust-pc-sdk .ot-host-info{border:none;display:inline-block;width:calc(100% - 10px);padding:10px;margin-bottom:10px;background-color:#f8f8f8}#onetrust-pc-sdk .ot-host-info>div{overflow:auto}#onetrust-pc-sdk #no-results{text-align:center;margin-top:30px}#onetrust-pc-sdk #no-results p{font-size:1em;color:#2e3644;word-break:break-word;word-wrap:break-word}#onetrust-pc-sdk #no-results p span{font-weight:bold}#onetrust-pc-sdk #ot-fltr-modal{width:100%;height:auto;display:none;-moz-transition:.2s ease;-o-transition:.2s ease;-webkit-transition:2s ease;transition:.2s ease;overflow:hidden;opacity:1;right:0}#onetrust-pc-sdk #ot-fltr-modal .ot-label-txt{display:inline-block;font-size:.85em;color:dimgray}#onetrust-pc-sdk #ot-fltr-cnt{z-index:2147483646;background-color:#fff;position:absolute;height:90%;max-height:300px;width:325px;left:210px;margin-top:10px;margin-bottom:20px;padding-right:10px;border-radius:3px;-webkit-box-shadow:0px 0px 12px 2px #c7c5c7;-moz-box-shadow:0px 0px 12px 2px #c7c5c7;box-shadow:0px 0px 12px 2px #c7c5c7}#onetrust-pc-sdk .ot-fltr-scrlcnt{overflow-y:auto;overflow-x:hidden;clear:both;max-height:calc(100% - 60px)}#onetrust-pc-sdk #ot-anchor{border:12px solid rgba(0,0,0,0);display:none;position:absolute;z-index:2147483647;right:55px;top:75px;transform:rotate(45deg);-o-transform:rotate(45deg);-ms-transform:rotate(45deg);-webkit-transform:rotate(45deg);background-color:#fff;-webkit-box-shadow:-3px -3px 5px -2px #c7c5c7;-moz-box-shadow:-3px -3px 5px -2px #c7c5c7;box-shadow:-3px -3px 5px -2px #c7c5c7}#onetrust-pc-sdk .ot-fltr-btns{margin-left:15px}#onetrust-pc-sdk #filter-apply-handler{margin-right:15px}#onetrust-pc-sdk .ot-fltr-opt{margin-bottom:25px;margin-left:15px;width:75%;position:relative}#onetrust-pc-sdk .ot-fltr-opt p{display:inline-block;margin:0;font-size:.9em;color:#2e3644}#onetrust-pc-sdk .ot-chkbox label span{font-size:.85em;color:dimgray}#onetrust-pc-sdk .ot-chkbox input[type=checkbox]+label::after{content:none;color:#fff}#onetrust-pc-sdk .ot-chkbox input[type=checkbox]:checked+label::after{content:""}#onetrust-pc-sdk .ot-chkbox input[type=checkbox]:focus+label::before{outline-style:solid;outline-width:2px;outline-style:auto}#onetrust-pc-sdk #ot-selall-vencntr,#onetrust-pc-sdk #ot-selall-adtlvencntr,#onetrust-pc-sdk #ot-selall-hostcntr,#onetrust-pc-sdk #ot-selall-licntr,#onetrust-pc-sdk #ot-selall-gnvencntr{right:15px;position:relative;width:20px;height:20px;float:right}#onetrust-pc-sdk #ot-selall-vencntr label,#onetrust-pc-sdk #ot-selall-adtlvencntr label,#onetrust-pc-sdk #ot-selall-hostcntr label,#onetrust-pc-sdk #ot-selall-licntr label,#onetrust-pc-sdk #ot-selall-gnvencntr label{float:left;padding-left:0}#onetrust-pc-sdk #ot-ven-lst:first-child{border-top:1px solid #e2e2e2}#onetrust-pc-sdk ul{list-style:none;padding:0}#onetrust-pc-sdk ul li{position:relative;margin:0;padding:15px 15px 15px 10px;border-bottom:1px solid #e2e2e2}#onetrust-pc-sdk ul li h3,#onetrust-pc-sdk ul li h4{font-size:.75em;color:#656565;margin:0;display:inline-block;width:70%;height:auto;word-break:break-word;word-wrap:break-word}#onetrust-pc-sdk ul li p{margin:0;font-size:.7em}#onetrust-pc-sdk ul li input[type=checkbox]{position:absolute;cursor:pointer;width:100%;height:100%;opacity:0;margin:0;top:0;left:0}#onetrust-pc-sdk .ot-cat-item>button:focus,#onetrust-pc-sdk .ot-acc-cntr>button:focus,#onetrust-pc-sdk li>button:focus{outline:#000 solid 2px}#onetrust-pc-sdk .ot-cat-item>button,#onetrust-pc-sdk .ot-acc-cntr>button,#onetrust-pc-sdk li>button{position:absolute;cursor:pointer;width:100%;height:100%;margin:0;top:0;left:0;z-index:1;max-width:none;border:none}#onetrust-pc-sdk .ot-cat-item>button[aria-expanded=false]~.ot-acc-txt,#onetrust-pc-sdk .ot-acc-cntr>button[aria-expanded=false]~.ot-acc-txt,#onetrust-pc-sdk li>button[aria-expanded=false]~.ot-acc-txt{margin-top:0;max-height:0;opacity:0;overflow:hidden;width:100%;transition:.25s ease-out;display:none}#onetrust-pc-sdk .ot-cat-item>button[aria-expanded=true]~.ot-acc-txt,#onetrust-pc-sdk .ot-acc-cntr>button[aria-expanded=true]~.ot-acc-txt,#onetrust-pc-sdk li>button[aria-expanded=true]~.ot-acc-txt{transition:.1s ease-in;margin-top:10px;width:100%;overflow:auto;display:block}#onetrust-pc-sdk .ot-cat-item>button[aria-expanded=true]~.ot-acc-grpcntr,#onetrust-pc-sdk .ot-acc-cntr>button[aria-expanded=true]~.ot-acc-grpcntr,#onetrust-pc-sdk li>button[aria-expanded=true]~.ot-acc-grpcntr{width:auto;margin-top:0px;padding-bottom:10px}#onetrust-pc-sdk .ot-host-item>button:focus,#onetrust-pc-sdk .ot-ven-item>button:focus{outline:0;border:2px solid #000}#onetrust-pc-sdk .ot-hide-acc>button{pointer-events:none}#onetrust-pc-sdk .ot-hide-acc .ot-plus-minus>*,#onetrust-pc-sdk .ot-hide-acc .ot-arw-cntr>*{visibility:hidden}#onetrust-pc-sdk .ot-hide-acc .ot-acc-hdr{min-height:30px}#onetrust-pc-sdk.ot-addtl-vendors #ot-lst-cnt:not(.ot-host-cnt){padding-right:10px;width:calc(100% - 37px);margin-top:10px;max-height:calc(100% - 90px)}#onetrust-pc-sdk.ot-addtl-vendors #ot-lst-cnt:not(.ot-host-cnt) #ot-sel-blk{background-color:#f9f9fc;border:1px solid #e2e2e2;width:calc(100% - 2px);padding-bottom:5px;padding-top:5px}#onetrust-pc-sdk.ot-addtl-vendors #ot-lst-cnt:not(.ot-host-cnt) #ot-sel-blk.ot-vnd-list-cnt{border:unset;background-color:unset}#onetrust-pc-sdk.ot-addtl-vendors #ot-lst-cnt:not(.ot-host-cnt) #ot-sel-blk.ot-vnd-list-cnt .ot-sel-all-hdr{display:none}#onetrust-pc-sdk.ot-addtl-vendors #ot-lst-cnt:not(.ot-host-cnt) #ot-sel-blk.ot-vnd-list-cnt .ot-sel-all{padding-right:.5rem}#onetrust-pc-sdk.ot-addtl-vendors #ot-lst-cnt:not(.ot-host-cnt) #ot-sel-blk.ot-vnd-list-cnt .ot-sel-all .ot-chkbox{right:0}#onetrust-pc-sdk.ot-addtl-vendors #ot-lst-cnt:not(.ot-host-cnt) .ot-sel-all{padding-right:34px}#onetrust-pc-sdk.ot-addtl-vendors #ot-lst-cnt:not(.ot-host-cnt) .ot-sel-all-chkbox{width:auto}#onetrust-pc-sdk.ot-addtl-vendors #ot-lst-cnt:not(.ot-host-cnt) ul li{border:1px solid #e2e2e2;margin-bottom:10px}#onetrust-pc-sdk.ot-addtl-vendors #ot-lst-cnt:not(.ot-host-cnt) .ot-acc-cntr>.ot-acc-hdr{padding:10px 0 10px 15px}#onetrust-pc-sdk.ot-addtl-vendors .ot-sel-all-chkbox{float:right}#onetrust-pc-sdk.ot-addtl-vendors .ot-plus-minus~.ot-sel-all-chkbox{right:34px}#onetrust-pc-sdk.ot-addtl-vendors #ot-ven-lst:first-child{border-top:none}#onetrust-pc-sdk .ot-acc-cntr{position:relative;border-left:1px solid #e2e2e2;border-right:1px solid #e2e2e2;border-bottom:1px solid #e2e2e2}#onetrust-pc-sdk .ot-acc-cntr input{z-index:1}#onetrust-pc-sdk .ot-acc-cntr>.ot-acc-hdr{background-color:#f9f9fc;padding:5px 0 5px 15px;width:auto}#onetrust-pc-sdk .ot-acc-cntr>.ot-acc-hdr .ot-plus-minus{vertical-align:middle;top:auto}#onetrust-pc-sdk .ot-acc-cntr>.ot-acc-hdr .ot-arw-cntr{right:10px}#onetrust-pc-sdk .ot-acc-cntr>.ot-acc-hdr input{z-index:2}#onetrust-pc-sdk .ot-acc-cntr.ot-add-tech .ot-acc-hdr{padding:10px 0 10px 15px}#onetrust-pc-sdk .ot-acc-cntr>input[type=checkbox]:checked~.ot-acc-hdr{border-bottom:1px solid #e2e2e2}#onetrust-pc-sdk .ot-acc-cntr>.ot-acc-txt{padding-left:10px;padding-right:10px}#onetrust-pc-sdk .ot-acc-cntr button[aria-expanded=true]~.ot-acc-txt{width:auto}#onetrust-pc-sdk .ot-acc-cntr .ot-addtl-venbox{display:none}#onetrust-pc-sdk .ot-vlst-cntr{margin-bottom:0;width:100%}#onetrust-pc-sdk .ot-vensec-title{font-size:.813em;vertical-align:middle;display:inline-block}#onetrust-pc-sdk .category-vendors-list-handler,#onetrust-pc-sdk .category-vendors-list-handler+a{margin-left:0;margin-top:10px}#onetrust-pc-sdk #ot-selall-vencntr.line-through label::after,#onetrust-pc-sdk #ot-selall-adtlvencntr.line-through label::after,#onetrust-pc-sdk #ot-selall-licntr.line-through label::after,#onetrust-pc-sdk #ot-selall-hostcntr.line-through label::after,#onetrust-pc-sdk #ot-selall-gnvencntr.line-through label::after{height:auto;border-left:0;transform:none;-o-transform:none;-ms-transform:none;-webkit-transform:none;left:5px;top:9px}#onetrust-pc-sdk #ot-category-title{float:left;padding-bottom:10px;font-size:1em;width:100%}#onetrust-pc-sdk .ot-cat-grp{margin-top:10px}#onetrust-pc-sdk .ot-cat-item{line-height:1.1;margin-top:10px;display:inline-block;width:100%}#onetrust-pc-sdk .ot-btn-container{text-align:right}#onetrust-pc-sdk .ot-btn-container button{display:inline-block;font-size:.75em;letter-spacing:.08em;margin-top:19px}#onetrust-pc-sdk #close-pc-btn-handler.ot-close-icon{position:absolute;top:10px;right:0;z-index:1;padding:0;background-color:rgba(0,0,0,0);border:none}#onetrust-pc-sdk #close-pc-btn-handler.ot-close-icon svg{display:block;height:10px;width:10px}#onetrust-pc-sdk #clear-filters-handler{margin-top:20px;margin-bottom:10px;float:right;max-width:200px;text-decoration:none;color:#3860be;font-size:.9em;font-weight:bold;background-color:rgba(0,0,0,0);border-color:rgba(0,0,0,0);padding:1px}#onetrust-pc-sdk #clear-filters-handler:hover{color:#2285f7}#onetrust-pc-sdk #clear-filters-handler:focus{outline:#000 solid 1px}#onetrust-pc-sdk .ot-enbl-chr h4~.ot-tgl,#onetrust-pc-sdk .ot-enbl-chr h4~.ot-always-active{right:45px}#onetrust-pc-sdk .ot-enbl-chr h4~.ot-tgl+.ot-tgl{right:120px}#onetrust-pc-sdk .ot-enbl-chr .ot-pli-hdr.ot-leg-border-color span:first-child{width:90px}#onetrust-pc-sdk .ot-enbl-chr li.ot-subgrp>h5+.ot-tgl-cntr{padding-right:25px}#onetrust-pc-sdk .ot-plus-minus{width:20px;height:20px;font-size:1.5em;position:relative;display:inline-block;margin-right:5px;top:3px}#onetrust-pc-sdk .ot-plus-minus span{position:absolute;background:#27455c;border-radius:1px}#onetrust-pc-sdk .ot-plus-minus span:first-of-type{top:25%;bottom:25%;width:10%;left:45%}#onetrust-pc-sdk .ot-plus-minus span:last-of-type{left:25%;right:25%;height:10%;top:45%}#onetrust-pc-sdk button[aria-expanded=true]~.ot-acc-hdr .ot-arw,#onetrust-pc-sdk button[aria-expanded=true]~.ot-acc-hdr .ot-plus-minus span:first-of-type,#onetrust-pc-sdk button[aria-expanded=true]~.ot-acc-hdr .ot-plus-minus span:last-of-type{transform:rotate(90deg)}#onetrust-pc-sdk button[aria-expanded=true]~.ot-acc-hdr .ot-plus-minus span:last-of-type{left:50%;right:50%}#onetrust-pc-sdk #ot-selall-vencntr label,#onetrust-pc-sdk #ot-selall-adtlvencntr label,#onetrust-pc-sdk #ot-selall-hostcntr label,#onetrust-pc-sdk #ot-selall-licntr label{position:relative;display:inline-block;width:20px;height:20px}#onetrust-pc-sdk .ot-host-item .ot-plus-minus,#onetrust-pc-sdk .ot-ven-item .ot-plus-minus{float:left;margin-right:8px;top:10px}#onetrust-pc-sdk .ot-ven-item ul{list-style:none inside;font-size:100%;margin:0}#onetrust-pc-sdk .ot-ven-item ul li{margin:0 !important;padding:0;border:none !important}#onetrust-pc-sdk .ot-pli-hdr{color:#77808e;overflow:hidden;padding-top:7.5px;padding-bottom:7.5px;width:calc(100% - 2px);border-top-left-radius:3px;border-top-right-radius:3px}#onetrust-pc-sdk .ot-pli-hdr span:first-child{top:50%;transform:translateY(50%);max-width:90px}#onetrust-pc-sdk .ot-pli-hdr span:last-child{padding-right:10px;max-width:95px;text-align:center}#onetrust-pc-sdk .ot-li-title{float:right;font-size:.813em}#onetrust-pc-sdk .ot-pli-hdr.ot-leg-border-color{background-color:#f4f4f4;border:1px solid #d8d8d8}#onetrust-pc-sdk .ot-pli-hdr.ot-leg-border-color span:first-child{text-align:left;width:70px}#onetrust-pc-sdk li.ot-subgrp>h5,#onetrust-pc-sdk .ot-cat-header{width:calc(100% - 130px)}#onetrust-pc-sdk li.ot-subgrp>h5+.ot-tgl-cntr{padding-left:13px}#onetrust-pc-sdk .ot-acc-grpcntr .ot-acc-grpdesc{margin-bottom:5px}#onetrust-pc-sdk .ot-acc-grpcntr .ot-subgrp-cntr{border-top:1px solid #d8d8d8}#onetrust-pc-sdk .ot-acc-grpcntr .ot-vlst-cntr+.ot-subgrp-cntr{border-top:none}#onetrust-pc-sdk .ot-acc-hdr .ot-arw-cntr+.ot-tgl-cntr,#onetrust-pc-sdk .ot-acc-txt h4+.ot-tgl-cntr{padding-left:13px}#onetrust-pc-sdk .ot-pli-hdr~.ot-cat-item .ot-subgrp>h5,#onetrust-pc-sdk .ot-pli-hdr~.ot-cat-item .ot-cat-header{width:calc(100% - 145px)}#onetrust-pc-sdk .ot-pli-hdr~.ot-cat-item h5+.ot-tgl-cntr,#onetrust-pc-sdk .ot-pli-hdr~.ot-cat-item .ot-cat-header+.ot-tgl{padding-left:28px}#onetrust-pc-sdk .ot-sel-all-hdr,#onetrust-pc-sdk .ot-sel-all-chkbox{display:inline-block;width:100%;position:relative}#onetrust-pc-sdk .ot-sel-all-chkbox{z-index:1}#onetrust-pc-sdk .ot-sel-all{margin:0;position:relative;padding-right:23px;float:right}#onetrust-pc-sdk .ot-consent-hdr,#onetrust-pc-sdk .ot-li-hdr{float:right;font-size:.812em;line-height:normal;text-align:center;word-break:break-word;word-wrap:break-word}#onetrust-pc-sdk .ot-li-hdr{max-width:100px;padding-right:10px}#onetrust-pc-sdk .ot-consent-hdr{max-width:55px}#onetrust-pc-sdk #ot-selall-licntr{display:block;width:21px;height:auto;float:right;position:relative;right:80px}#onetrust-pc-sdk #ot-selall-licntr label{position:absolute}#onetrust-pc-sdk .ot-ven-ctgl{margin-left:66px}#onetrust-pc-sdk .ot-ven-litgl+.ot-arw-cntr{margin-left:81px}#onetrust-pc-sdk .ot-enbl-chr .ot-host-cnt .ot-tgl-cntr{width:auto}#onetrust-pc-sdk #ot-lst-cnt:not(.ot-host-cnt) .ot-tgl-cntr{width:auto;top:auto;height:20px}#onetrust-pc-sdk #ot-lst-cnt .ot-chkbox{position:relative;display:inline-block;width:20px;height:20px}#onetrust-pc-sdk #ot-lst-cnt .ot-chkbox label{position:absolute;padding:0;width:20px;height:20px}#onetrust-pc-sdk #ot-lst-cnt .ot-vnd-info-cntr{border:1px solid #d8d8d8;padding:.75rem 2rem;padding-bottom:0;width:auto;margin-top:.5rem}#onetrust-pc-sdk .ot-acc-grpdesc+.ot-leg-btn-container{padding-left:20px;padding-right:20px;width:calc(100% - 40px);margin-bottom:5px}#onetrust-pc-sdk .ot-subgrp .ot-leg-btn-container{margin-bottom:5px}#onetrust-pc-sdk #ot-ven-lst .ot-leg-btn-container{margin-top:10px}#onetrust-pc-sdk .ot-leg-btn-container{display:inline-block;width:100%;margin-bottom:10px}#onetrust-pc-sdk .ot-leg-btn-container button{height:auto;padding:6.5px 8px;margin-bottom:0;letter-spacing:0;font-size:.75em;line-height:normal}#onetrust-pc-sdk .ot-leg-btn-container svg{display:none;height:14px;width:14px;padding-right:5px;vertical-align:sub}#onetrust-pc-sdk .ot-active-leg-btn{cursor:default;pointer-events:none}#onetrust-pc-sdk .ot-active-leg-btn svg{display:inline-block}#onetrust-pc-sdk .ot-remove-objection-handler{text-decoration:underline;padding:0;font-size:.75em;font-weight:600;line-height:1;padding-left:10px}#onetrust-pc-sdk .ot-obj-leg-btn-handler span{font-weight:bold;text-align:center;font-size:inherit;line-height:1.5}#onetrust-pc-sdk.ot-close-btn-link #close-pc-btn-handler{border:none;height:auto;line-height:1.5;text-decoration:underline;font-size:.69em;background:none;right:15px;top:15px;width:auto;font-weight:normal}#onetrust-pc-sdk .ot-pgph-link{font-size:.813em !important;margin-top:5px;position:relative}#onetrust-pc-sdk .ot-pgph-link.ot-pgph-link-subgroup{margin-bottom:1rem}#onetrust-pc-sdk .ot-pgph-contr{margin:0 2.5rem}#onetrust-pc-sdk .ot-pgph-title{font-size:1.18rem;margin-bottom:2rem}#onetrust-pc-sdk .ot-pgph-desc{font-size:1rem;font-weight:400;margin-bottom:2rem;line-height:1.5rem}#onetrust-pc-sdk .ot-pgph-desc:not(:last-child):after{content:"";width:96%;display:block;margin:0 auto;padding-bottom:2rem;border-bottom:1px solid #e9e9e9}#onetrust-pc-sdk .ot-cat-header{float:left;font-weight:600;font-size:.875em;line-height:1.5;max-width:90%;vertical-align:middle}#onetrust-pc-sdk .ot-vnd-item>button:focus{outline:#000 solid 2px}#onetrust-pc-sdk .ot-vnd-item>button{position:absolute;cursor:pointer;width:100%;height:100%;margin:0;top:0;left:0;z-index:1;max-width:none;border:none}#onetrust-pc-sdk .ot-vnd-item>button[aria-expanded=false]~.ot-acc-txt{margin-top:0;max-height:0;opacity:0;overflow:hidden;width:100%;transition:.25s ease-out;display:none}#onetrust-pc-sdk .ot-vnd-item>button[aria-expanded=true]~.ot-acc-txt{transition:.1s ease-in;margin-top:10px;width:100%;overflow:auto;display:block}#onetrust-pc-sdk .ot-vnd-item>button[aria-expanded=true]~.ot-acc-grpcntr{width:auto;margin-top:0px;padding-bottom:10px}#onetrust-pc-sdk .ot-accordion-layout.ot-cat-item{position:relative;border-radius:2px;margin:0;padding:0;border:1px solid #d8d8d8;border-top:none;width:calc(100% - 2px);float:left}#onetrust-pc-sdk .ot-accordion-layout.ot-cat-item:first-of-type{margin-top:10px;border-top:1px solid #d8d8d8}#onetrust-pc-sdk .ot-accordion-layout .ot-acc-grpdesc{padding-left:20px;padding-right:20px;width:calc(100% - 40px);font-size:.812em;margin-bottom:10px;margin-top:15px}#onetrust-pc-sdk .ot-accordion-layout .ot-acc-grpdesc>ul{padding-top:10px}#onetrust-pc-sdk .ot-accordion-layout .ot-acc-grpdesc>ul li{padding-top:0;line-height:1.5;padding-bottom:10px}#onetrust-pc-sdk .ot-accordion-layout div+.ot-acc-grpdesc{margin-top:5px}#onetrust-pc-sdk .ot-accordion-layout .ot-vlst-cntr:first-child{margin-top:10px}#onetrust-pc-sdk .ot-accordion-layout .ot-vlst-cntr:last-child,#onetrust-pc-sdk .ot-accordion-layout .ot-hlst-cntr:last-child{margin-bottom:5px}#onetrust-pc-sdk .ot-accordion-layout .ot-acc-hdr{padding-top:11.5px;padding-bottom:11.5px;padding-left:20px;padding-right:20px;width:calc(100% - 40px);display:inline-block}#onetrust-pc-sdk .ot-accordion-layout .ot-acc-txt{width:100%;padding:0}#onetrust-pc-sdk .ot-accordion-layout .ot-subgrp-cntr{padding-left:20px;padding-right:15px;padding-bottom:0;width:calc(100% - 35px)}#onetrust-pc-sdk .ot-accordion-layout .ot-subgrp{padding-right:5px}#onetrust-pc-sdk .ot-accordion-layout .ot-acc-grpcntr{z-index:1;position:relative}#onetrust-pc-sdk .ot-accordion-layout .ot-cat-header+.ot-arw-cntr{position:absolute;top:50%;transform:translateY(-50%);right:20px;margin-top:-2px}#onetrust-pc-sdk .ot-accordion-layout .ot-cat-header+.ot-arw-cntr .ot-arw{width:15px;height:20px;margin-left:5px;color:dimgray}#onetrust-pc-sdk .ot-accordion-layout .ot-cat-header{float:none;color:#2e3644;margin:0;display:inline-block;height:auto;word-wrap:break-word;min-height:inherit}#onetrust-pc-sdk .ot-accordion-layout .ot-vlst-cntr,#onetrust-pc-sdk .ot-accordion-layout .ot-hlst-cntr{padding-left:20px;width:calc(100% - 20px);display:inline-block;margin-top:0;padding-bottom:2px}#onetrust-pc-sdk .ot-accordion-layout .ot-acc-hdr{position:relative;min-height:25px}#onetrust-pc-sdk .ot-accordion-layout h4~.ot-tgl,#onetrust-pc-sdk .ot-accordion-layout h4~.ot-always-active{position:absolute;top:50%;transform:translateY(-50%);right:20px}#onetrust-pc-sdk .ot-accordion-layout h4~.ot-tgl+.ot-tgl{right:95px}#onetrust-pc-sdk .ot-accordion-layout .category-vendors-list-handler,#onetrust-pc-sdk .ot-accordion-layout .category-vendors-list-handler+a{margin-top:5px}#onetrust-pc-sdk #ot-lst-cnt{margin-top:1rem;max-height:calc(100% - 96px)}#onetrust-pc-sdk #ot-lst-cnt .ot-vnd-info-cntr{border:1px solid #d8d8d8;padding:.75rem 2rem;padding-bottom:0;width:auto;margin-top:.5rem}#onetrust-pc-sdk #ot-lst-cnt .ot-vnd-info{margin-bottom:1rem;padding-left:.75rem;padding-right:.75rem;display:flex;flex-direction:column}#onetrust-pc-sdk #ot-lst-cnt .ot-vnd-info[data-vnd-info-key*=DPOEmail]{border-top:1px solid #d8d8d8;padding-top:1rem}#onetrust-pc-sdk #ot-lst-cnt .ot-vnd-info[data-vnd-info-key*=DPOLink]{border-bottom:1px solid #d8d8d8;padding-bottom:1rem}#onetrust-pc-sdk #ot-lst-cnt .ot-vnd-info .ot-vnd-lbl{font-weight:bold;font-size:.85em;margin-bottom:.5rem}#onetrust-pc-sdk #ot-lst-cnt .ot-vnd-info .ot-vnd-cnt{margin-left:.5rem;font-weight:500;font-size:.85rem}#onetrust-pc-sdk .ot-vs-list,#onetrust-pc-sdk .ot-vnd-serv{width:auto;padding:1rem 1.25rem;padding-bottom:0}#onetrust-pc-sdk .ot-vs-list .ot-vnd-serv-hdr-cntr,#onetrust-pc-sdk .ot-vnd-serv .ot-vnd-serv-hdr-cntr{padding-bottom:.75rem;border-bottom:1px solid #d8d8d8}#onetrust-pc-sdk .ot-vs-list .ot-vnd-serv-hdr-cntr .ot-vnd-serv-hdr,#onetrust-pc-sdk .ot-vnd-serv .ot-vnd-serv-hdr-cntr .ot-vnd-serv-hdr{font-weight:600;font-size:.95em;line-height:2;margin-left:.5rem}#onetrust-pc-sdk .ot-vs-list .ot-vnd-item,#onetrust-pc-sdk .ot-vnd-serv .ot-vnd-item{border:none;margin:0;padding:0}#onetrust-pc-sdk .ot-vs-list .ot-vnd-item button,#onetrust-pc-sdk .ot-vnd-serv .ot-vnd-item button{outline:none;border-bottom:1px solid #d8d8d8}#onetrust-pc-sdk .ot-vs-list .ot-vnd-item button[aria-expanded=true],#onetrust-pc-sdk .ot-vnd-serv .ot-vnd-item button[aria-expanded=true]{border-bottom:none}#onetrust-pc-sdk .ot-vs-list .ot-vnd-item:first-child,#onetrust-pc-sdk .ot-vnd-serv .ot-vnd-item:first-child{margin-top:.25rem;border-top:unset}#onetrust-pc-sdk .ot-vs-list .ot-vnd-item:last-child,#onetrust-pc-sdk .ot-vnd-serv .ot-vnd-item:last-child{margin-bottom:.5rem}#onetrust-pc-sdk .ot-vs-list .ot-vnd-item:last-child button,#onetrust-pc-sdk .ot-vnd-serv .ot-vnd-item:last-child button{border-bottom:none}#onetrust-pc-sdk .ot-vs-list .ot-vnd-item .ot-vnd-info-cntr,#onetrust-pc-sdk .ot-vnd-serv .ot-vnd-item .ot-vnd-info-cntr{border:1px solid #d8d8d8;padding:.75rem 1.75rem;padding-bottom:0;width:auto;margin-top:.5rem}#onetrust-pc-sdk .ot-vs-list .ot-vnd-item .ot-vnd-info,#onetrust-pc-sdk .ot-vnd-serv .ot-vnd-item .ot-vnd-info{margin-bottom:1rem;padding-left:.75rem;padding-right:.75rem;display:flex;flex-direction:column}#onetrust-pc-sdk .ot-vs-list .ot-vnd-item .ot-vnd-info[data-vnd-info-key*=DPOEmail],#onetrust-pc-sdk .ot-vnd-serv .ot-vnd-item .ot-vnd-info[data-vnd-info-key*=DPOEmail]{border-top:1px solid #d8d8d8;padding-top:1rem}#onetrust-pc-sdk .ot-vs-list .ot-vnd-item .ot-vnd-info[data-vnd-info-key*=DPOLink],#onetrust-pc-sdk .ot-vnd-serv .ot-vnd-item .ot-vnd-info[data-vnd-info-key*=DPOLink]{border-bottom:1px solid #d8d8d8;padding-bottom:1rem}#onetrust-pc-sdk .ot-vs-list .ot-vnd-item .ot-vnd-info .ot-vnd-lbl,#onetrust-pc-sdk .ot-vnd-serv .ot-vnd-item .ot-vnd-info .ot-vnd-lbl{font-weight:bold;font-size:.85em;margin-bottom:.5rem}#onetrust-pc-sdk .ot-vs-list .ot-vnd-item .ot-vnd-info .ot-vnd-cnt,#onetrust-pc-sdk .ot-vnd-serv .ot-vnd-item .ot-vnd-info .ot-vnd-cnt{margin-left:.5rem;font-weight:500;font-size:.85rem}#onetrust-pc-sdk .ot-vs-list.ot-vnd-subgrp-cnt,#onetrust-pc-sdk .ot-vnd-serv.ot-vnd-subgrp-cnt{padding-left:40px}#onetrust-pc-sdk .ot-vs-list.ot-vnd-subgrp-cnt .ot-vnd-serv-hdr-cntr .ot-vnd-serv-hdr,#onetrust-pc-sdk .ot-vnd-serv.ot-vnd-subgrp-cnt .ot-vnd-serv-hdr-cntr .ot-vnd-serv-hdr{font-size:.8em}#onetrust-pc-sdk .ot-vs-list.ot-vnd-subgrp-cnt .ot-cat-header,#onetrust-pc-sdk .ot-vnd-serv.ot-vnd-subgrp-cnt .ot-cat-header{font-size:.8em}#onetrust-pc-sdk .ot-subgrp-cntr .ot-vnd-serv{margin-bottom:1rem;padding:1rem .95rem}#onetrust-pc-sdk .ot-subgrp-cntr .ot-vnd-serv .ot-vnd-serv-hdr-cntr{padding-bottom:.75rem;border-bottom:1px solid #d8d8d8}#onetrust-pc-sdk .ot-subgrp-cntr .ot-vnd-serv .ot-vnd-serv-hdr-cntr .ot-vnd-serv-hdr{font-weight:700;font-size:.8em;line-height:20px;margin-left:.82rem}#onetrust-pc-sdk .ot-subgrp-cntr .ot-cat-header{font-weight:700;font-size:.8em;line-height:20px}#onetrust-pc-sdk .ot-subgrp-cntr ul.ot-subgrps .ot-vnd-serv .ot-vnd-lst-cont .ot-accordion-layout .ot-acc-hdr div.ot-chkbox{margin-left:.82rem}#onetrust-pc-sdk .ot-vs-config .ot-acc-hdr,#onetrust-pc-sdk ul.ot-subgrps .ot-acc-hdr,#onetrust-pc-sdk .ot-subgrp-cntr ul.ot-subgrps .ot-acc-hdr,#onetrust-pc-sdk .ot-vs-list .ot-vnd-item .ot-acc-hdr,#onetrust-pc-sdk .ot-vnd-serv .ot-vnd-item .ot-acc-hdr,#onetrust-pc-sdk #ot-pc-lst .ot-vs-list .ot-vnd-item .ot-acc-hdr,#onetrust-pc-sdk .ot-accordion-layout.ot-checkbox-consent .ot-acc-hdr{padding:.7rem 0;margin:0;display:flex;width:100%;align-items:center;justify-content:space-between}#onetrust-pc-sdk .ot-vs-config .ot-acc-hdr div:first-child,#onetrust-pc-sdk ul.ot-subgrps .ot-acc-hdr div:first-child,#onetrust-pc-sdk .ot-subgrp-cntr ul.ot-subgrps .ot-acc-hdr div:first-child,#onetrust-pc-sdk .ot-vs-list .ot-vnd-item .ot-acc-hdr div:first-child,#onetrust-pc-sdk .ot-vnd-serv .ot-vnd-item .ot-acc-hdr div:first-child,#onetrust-pc-sdk #ot-pc-lst .ot-vs-list .ot-vnd-item .ot-acc-hdr div:first-child,#onetrust-pc-sdk .ot-accordion-layout.ot-checkbox-consent .ot-acc-hdr div:first-child{margin-left:.5rem}#onetrust-pc-sdk .ot-vs-config .ot-acc-hdr div:last-child,#onetrust-pc-sdk ul.ot-subgrps .ot-acc-hdr div:last-child,#onetrust-pc-sdk .ot-subgrp-cntr ul.ot-subgrps .ot-acc-hdr div:last-child,#onetrust-pc-sdk .ot-vs-list .ot-vnd-item .ot-acc-hdr div:last-child,#onetrust-pc-sdk .ot-vnd-serv .ot-vnd-item .ot-acc-hdr div:last-child,#onetrust-pc-sdk #ot-pc-lst .ot-vs-list .ot-vnd-item .ot-acc-hdr div:last-child,#onetrust-pc-sdk .ot-accordion-layout.ot-checkbox-consent .ot-acc-hdr div:last-child{margin-right:.5rem;margin-left:.5rem}#onetrust-pc-sdk .ot-vs-config .ot-acc-hdr .ot-always-active,#onetrust-pc-sdk ul.ot-subgrps .ot-acc-hdr .ot-always-active,#onetrust-pc-sdk .ot-subgrp-cntr ul.ot-subgrps .ot-acc-hdr .ot-always-active,#onetrust-pc-sdk .ot-vs-list .ot-vnd-item .ot-acc-hdr .ot-always-active,#onetrust-pc-sdk .ot-vnd-serv .ot-vnd-item .ot-acc-hdr .ot-always-active,#onetrust-pc-sdk #ot-pc-lst .ot-vs-list .ot-vnd-item .ot-acc-hdr .ot-always-active,#onetrust-pc-sdk .ot-accordion-layout.ot-checkbox-consent .ot-acc-hdr .ot-always-active{position:relative;right:unset;top:unset;transform:unset}#onetrust-pc-sdk .ot-vs-config .ot-acc-hdr .ot-plus-minus,#onetrust-pc-sdk ul.ot-subgrps .ot-acc-hdr .ot-plus-minus,#onetrust-pc-sdk .ot-subgrp-cntr ul.ot-subgrps .ot-acc-hdr .ot-plus-minus,#onetrust-pc-sdk .ot-vs-list .ot-vnd-item .ot-acc-hdr .ot-plus-minus,#onetrust-pc-sdk .ot-vnd-serv .ot-vnd-item .ot-acc-hdr .ot-plus-minus,#onetrust-pc-sdk #ot-pc-lst .ot-vs-list .ot-vnd-item .ot-acc-hdr .ot-plus-minus,#onetrust-pc-sdk .ot-accordion-layout.ot-checkbox-consent .ot-acc-hdr .ot-plus-minus{top:0}#onetrust-pc-sdk .ot-vs-config .ot-acc-hdr .ot-arw-cntr,#onetrust-pc-sdk ul.ot-subgrps .ot-acc-hdr .ot-arw-cntr,#onetrust-pc-sdk .ot-subgrp-cntr ul.ot-subgrps .ot-acc-hdr .ot-arw-cntr,#onetrust-pc-sdk .ot-vs-list .ot-vnd-item .ot-acc-hdr .ot-arw-cntr,#onetrust-pc-sdk .ot-vnd-serv .ot-vnd-item .ot-acc-hdr .ot-arw-cntr,#onetrust-pc-sdk #ot-pc-lst .ot-vs-list .ot-vnd-item .ot-acc-hdr .ot-arw-cntr,#onetrust-pc-sdk .ot-accordion-layout.ot-checkbox-consent .ot-acc-hdr .ot-arw-cntr{float:none;top:unset;right:unset;transform:unset;margin-top:-2px;position:relative}#onetrust-pc-sdk .ot-vs-config .ot-acc-hdr .ot-cat-header,#onetrust-pc-sdk ul.ot-subgrps .ot-acc-hdr .ot-cat-header,#onetrust-pc-sdk .ot-subgrp-cntr ul.ot-subgrps .ot-acc-hdr .ot-cat-header,#onetrust-pc-sdk .ot-vs-list .ot-vnd-item .ot-acc-hdr .ot-cat-header,#onetrust-pc-sdk .ot-vnd-serv .ot-vnd-item .ot-acc-hdr .ot-cat-header,#onetrust-pc-sdk #ot-pc-lst .ot-vs-list .ot-vnd-item .ot-acc-hdr .ot-cat-header,#onetrust-pc-sdk .ot-accordion-layout.ot-checkbox-consent .ot-acc-hdr .ot-cat-header{flex:1;margin:0 .5rem}#onetrust-pc-sdk .ot-vs-config .ot-acc-hdr .ot-tgl,#onetrust-pc-sdk ul.ot-subgrps .ot-acc-hdr .ot-tgl,#onetrust-pc-sdk .ot-subgrp-cntr ul.ot-subgrps .ot-acc-hdr .ot-tgl,#onetrust-pc-sdk .ot-vs-list .ot-vnd-item .ot-acc-hdr .ot-tgl,#onetrust-pc-sdk .ot-vnd-serv .ot-vnd-item .ot-acc-hdr .ot-tgl,#onetrust-pc-sdk #ot-pc-lst .ot-vs-list .ot-vnd-item .ot-acc-hdr .ot-tgl,#onetrust-pc-sdk .ot-accordion-layout.ot-checkbox-consent .ot-acc-hdr .ot-tgl{position:relative;transform:none;right:0;top:0;float:none}#onetrust-pc-sdk .ot-vs-config .ot-acc-hdr .ot-chkbox,#onetrust-pc-sdk ul.ot-subgrps .ot-acc-hdr .ot-chkbox,#onetrust-pc-sdk .ot-subgrp-cntr ul.ot-subgrps .ot-acc-hdr .ot-chkbox,#onetrust-pc-sdk .ot-vs-list .ot-vnd-item .ot-acc-hdr .ot-chkbox,#onetrust-pc-sdk .ot-vnd-serv .ot-vnd-item .ot-acc-hdr .ot-chkbox,#onetrust-pc-sdk #ot-pc-lst .ot-vs-list .ot-vnd-item .ot-acc-hdr .ot-chkbox,#onetrust-pc-sdk .ot-accordion-layout.ot-checkbox-consent .ot-acc-hdr .ot-chkbox{position:relative;margin:0 .5rem}#onetrust-pc-sdk .ot-vs-config .ot-acc-hdr .ot-chkbox label,#onetrust-pc-sdk ul.ot-subgrps .ot-acc-hdr .ot-chkbox label,#onetrust-pc-sdk .ot-subgrp-cntr ul.ot-subgrps .ot-acc-hdr .ot-chkbox label,#onetrust-pc-sdk .ot-vs-list .ot-vnd-item .ot-acc-hdr .ot-chkbox label,#onetrust-pc-sdk .ot-vnd-serv .ot-vnd-item .ot-acc-hdr .ot-chkbox label,#onetrust-pc-sdk #ot-pc-lst .ot-vs-list .ot-vnd-item .ot-acc-hdr .ot-chkbox label,#onetrust-pc-sdk .ot-accordion-layout.ot-checkbox-consent .ot-acc-hdr .ot-chkbox label{padding:0}#onetrust-pc-sdk .ot-vs-config .ot-acc-hdr .ot-chkbox label::before,#onetrust-pc-sdk ul.ot-subgrps .ot-acc-hdr .ot-chkbox label::before,#onetrust-pc-sdk .ot-subgrp-cntr ul.ot-subgrps .ot-acc-hdr .ot-chkbox label::before,#onetrust-pc-sdk .ot-vs-list .ot-vnd-item .ot-acc-hdr .ot-chkbox label::before,#onetrust-pc-sdk .ot-vnd-serv .ot-vnd-item .ot-acc-hdr .ot-chkbox label::before,#onetrust-pc-sdk #ot-pc-lst .ot-vs-list .ot-vnd-item .ot-acc-hdr .ot-chkbox label::before,#onetrust-pc-sdk .ot-accordion-layout.ot-checkbox-consent .ot-acc-hdr .ot-chkbox label::before{position:relative}#onetrust-pc-sdk .ot-vs-config .ot-acc-hdr .ot-chkbox input,#onetrust-pc-sdk ul.ot-subgrps .ot-acc-hdr .ot-chkbox input,#onetrust-pc-sdk .ot-subgrp-cntr ul.ot-subgrps .ot-acc-hdr .ot-chkbox input,#onetrust-pc-sdk .ot-vs-list .ot-vnd-item .ot-acc-hdr .ot-chkbox input,#onetrust-pc-sdk .ot-vnd-serv .ot-vnd-item .ot-acc-hdr .ot-chkbox input,#onetrust-pc-sdk #ot-pc-lst .ot-vs-list .ot-vnd-item .ot-acc-hdr .ot-chkbox input,#onetrust-pc-sdk .ot-accordion-layout.ot-checkbox-consent .ot-acc-hdr .ot-chkbox input{position:absolute;cursor:pointer;width:100%;height:100%;opacity:0;margin:0;top:0;left:0;z-index:1}#onetrust-pc-sdk .ot-subgrp-cntr ul.ot-subgrps li.ot-subgrp .ot-acc-hdr h5.ot-cat-header,#onetrust-pc-sdk .ot-subgrp-cntr ul.ot-subgrps li.ot-subgrp .ot-acc-hdr h4.ot-cat-header{margin:0}#onetrust-pc-sdk .ot-vs-config .ot-subgrp-cntr ul.ot-subgrps li.ot-subgrp h5{top:0;line-height:20px}#onetrust-pc-sdk .ot-vs-list{display:flex;flex-direction:column;padding:0;margin:.5rem 4px}#onetrust-pc-sdk .ot-vs-selc-all{display:flex;padding:0;float:unset;align-items:center;justify-content:flex-start}#onetrust-pc-sdk .ot-vs-selc-all.ot-toggle-conf{justify-content:flex-end}#onetrust-pc-sdk .ot-vs-selc-all.ot-toggle-conf.ot-caret-conf .ot-sel-all-chkbox{margin-right:48px}#onetrust-pc-sdk .ot-vs-selc-all.ot-toggle-conf .ot-sel-all-chkbox{margin:0;padding:0;margin-right:14px;justify-content:flex-end}#onetrust-pc-sdk .ot-vs-selc-all.ot-toggle-conf #ot-selall-vencntr.ot-chkbox,#onetrust-pc-sdk .ot-vs-selc-all.ot-toggle-conf #ot-selall-vencntr.ot-tgl{display:inline-block;right:unset;width:auto;height:auto;float:none}#onetrust-pc-sdk .ot-vs-selc-all.ot-toggle-conf #ot-selall-vencntr label{width:45px;height:25px}#onetrust-pc-sdk .ot-vs-selc-all .ot-sel-all-chkbox{margin-right:11px;margin-left:.75rem;display:flex;align-items:center}#onetrust-pc-sdk .ot-vs-selc-all .sel-all-hdr{margin:0 1.25rem;font-size:.812em;line-height:normal;text-align:center;word-break:break-word;word-wrap:break-word}#onetrust-pc-sdk .ot-vnd-list-cnt #ot-selall-vencntr.ot-chkbox{float:unset;right:0}#onetrust-pc-sdk[dir=rtl] #ot-back-arw,#onetrust-pc-sdk[dir=rtl] input~.ot-acc-hdr .ot-arw{transform:rotate(180deg);-o-transform:rotate(180deg);-ms-transform:rotate(180deg);-webkit-transform:rotate(180deg)}#onetrust-pc-sdk[dir=rtl] input:checked~.ot-acc-hdr .ot-arw{transform:rotate(270deg);-o-transform:rotate(270deg);-ms-transform:rotate(270deg);-webkit-transform:rotate(270deg)}#onetrust-pc-sdk[dir=rtl] .ot-chkbox label::after{transform:rotate(45deg);-webkit-transform:rotate(45deg);-o-transform:rotate(45deg);-ms-transform:rotate(45deg);border-left:0;border-right:3px solid}#onetrust-pc-sdk[dir=rtl] .ot-search-cntr>svg{right:0}@media only screen and (max-width: 600px){#onetrust-pc-sdk.otPcCenter{left:0;min-width:100%;height:100%;top:0;border-radius:0}#onetrust-pc-sdk #ot-pc-content,#onetrust-pc-sdk.ot-ftr-stacked .ot-btn-container{margin:1px 3px 0 10px;padding-right:10px;width:calc(100% - 23px)}#onetrust-pc-sdk .ot-btn-container button{max-width:none;letter-spacing:.01em}#onetrust-pc-sdk #close-pc-btn-handler{top:10px;right:17px}#onetrust-pc-sdk p{font-size:.7em}#onetrust-pc-sdk #ot-pc-hdr{margin:10px 10px 0 5px;width:calc(100% - 15px)}#onetrust-pc-sdk .vendor-search-handler{font-size:1em}#onetrust-pc-sdk #ot-back-arw{margin-left:12px}#onetrust-pc-sdk #ot-lst-cnt{margin:0;padding:0 5px 0 10px;min-width:95%}#onetrust-pc-sdk .switch+p{max-width:80%}#onetrust-pc-sdk .ot-ftr-stacked button{width:100%}#onetrust-pc-sdk #ot-fltr-cnt{max-width:320px;width:90%;border-top-right-radius:0;border-bottom-right-radius:0;margin:0;margin-left:15px;left:auto;right:40px;top:85px}#onetrust-pc-sdk .ot-fltr-opt{margin-left:25px;margin-bottom:10px}#onetrust-pc-sdk .ot-pc-refuse-all-handler{margin-bottom:0}#onetrust-pc-sdk #ot-fltr-cnt{right:40px}}@media only screen and (max-width: 476px){#onetrust-pc-sdk .ot-fltr-cntr,#onetrust-pc-sdk #ot-fltr-cnt{right:10px}#onetrust-pc-sdk #ot-anchor{right:25px}#onetrust-pc-sdk button{width:100%}#onetrust-pc-sdk:not(.ot-addtl-vendors) #ot-pc-lst:not(.ot-enbl-chr) .ot-sel-all{padding-right:9px}#onetrust-pc-sdk:not(.ot-addtl-vendors) #ot-pc-lst:not(.ot-enbl-chr) .ot-tgl-cntr{right:0}}@media only screen and (max-width: 896px)and (max-height: 425px)and (orientation: landscape){#onetrust-pc-sdk.otPcCenter{left:0;top:0;min-width:100%;height:100%;border-radius:0}#onetrust-pc-sdk .ot-pc-header{height:auto;min-height:20px}#onetrust-pc-sdk .ot-pc-header .ot-pc-logo{max-height:30px}#onetrust-pc-sdk .ot-pc-footer{max-height:60px;overflow-y:auto}#onetrust-pc-sdk #ot-pc-content,#onetrust-pc-sdk #ot-pc-lst{bottom:70px}#onetrust-pc-sdk.ot-ftr-stacked #ot-pc-content{bottom:70px}#onetrust-pc-sdk #ot-anchor{left:initial;right:50px}#onetrust-pc-sdk #ot-lst-title{margin-top:12px}#onetrust-pc-sdk #ot-lst-title *{font-size:inherit}#onetrust-pc-sdk #ot-pc-hdr input{margin-right:0;padding-right:45px}#onetrust-pc-sdk .switch+p{max-width:85%}#onetrust-pc-sdk #ot-sel-blk{position:static}#onetrust-pc-sdk #ot-pc-lst{overflow:auto}#onetrust-pc-sdk #ot-lst-cnt{max-height:none;overflow:initial}#onetrust-pc-sdk #ot-lst-cnt.no-results{height:auto}#onetrust-pc-sdk input{font-size:1em !important}#onetrust-pc-sdk p{font-size:.6em}#onetrust-pc-sdk #ot-fltr-modal{width:100%;top:0}#onetrust-pc-sdk ul li p,#onetrust-pc-sdk .category-vendors-list-handler,#onetrust-pc-sdk .category-vendors-list-handler+a,#onetrust-pc-sdk .category-host-list-handler{font-size:.6em}#onetrust-pc-sdk.ot-shw-fltr #ot-anchor{display:none !important}#onetrust-pc-sdk.ot-shw-fltr #ot-pc-lst{height:100% !important;overflow:hidden;top:0px}#onetrust-pc-sdk.ot-shw-fltr #ot-fltr-cnt{margin:0;height:100%;max-height:none;padding:10px;top:0;width:calc(100% - 20px);position:absolute;right:0;left:0;max-width:none}#onetrust-pc-sdk.ot-shw-fltr .ot-fltr-scrlcnt{max-height:calc(100% - 65px)}}
#onetrust-consent-sdk #onetrust-pc-sdk,
#onetrust-consent-sdk #ot-search-cntr,
#onetrust-consent-sdk #onetrust-pc-sdk .ot-switch.ot-toggle,
#onetrust-consent-sdk #onetrust-pc-sdk ot-grp-hdr1 .checkbox,
#onetrust-consent-sdk #onetrust-pc-sdk #ot-pc-title:after
,#onetrust-consent-sdk #onetrust-pc-sdk #ot-sel-blk,
#onetrust-consent-sdk #onetrust-pc-sdk #ot-fltr-cnt,
#onetrust-consent-sdk #onetrust-pc-sdk #ot-anchor {
    background-color: #FFFFFF;
}

#onetrust-consent-sdk #onetrust-pc-sdk h3,
#onetrust-consent-sdk #onetrust-pc-sdk h4,
#onetrust-consent-sdk #onetrust-pc-sdk h5,
#onetrust-consent-sdk #onetrust-pc-sdk h6,
#onetrust-consent-sdk #onetrust-pc-sdk p,
#onetrust-consent-sdk #onetrust-pc-sdk #ot-ven-lst .ot-ven-opts p,
#onetrust-consent-sdk #onetrust-pc-sdk #ot-pc-desc,
#onetrust-consent-sdk #onetrust-pc-sdk #ot-pc-title,
#onetrust-consent-sdk #onetrust-pc-sdk .ot-li-title,
#onetrust-consent-sdk #onetrust-pc-sdk .ot-sel-all-hdr span,
#onetrust-consent-sdk #onetrust-pc-sdk #ot-host-lst .ot-host-info,
#onetrust-consent-sdk #onetrust-pc-sdk #ot-fltr-modal #modal-header,
#onetrust-consent-sdk #onetrust-pc-sdk .ot-checkbox label span,
#onetrust-consent-sdk #onetrust-pc-sdk #ot-pc-lst #ot-sel-blk p,
#onetrust-consent-sdk #onetrust-pc-sdk #ot-pc-lst #ot-lst-title h3,
#onetrust-consent-sdk #onetrust-pc-sdk #ot-pc-lst .back-btn-handler p,
#onetrust-consent-sdk #onetrust-pc-sdk #ot-pc-lst .ot-ven-name,
#onetrust-consent-sdk #onetrust-pc-sdk #ot-pc-lst #ot-ven-lst .consent-category,
#onetrust-consent-sdk #onetrust-pc-sdk .ot-leg-btn-container .ot-inactive-leg-btn,
#onetrust-consent-sdk #onetrust-pc-sdk .ot-label-status,
#onetrust-consent-sdk #onetrust-pc-sdk .ot-chkbox label span,
#onetrust-consent-sdk #onetrust-pc-sdk #clear-filters-handler,
#onetrust-consent-sdk #onetrust-pc-sdk .ot-optout-signal
{
    color: #555555;
}
#onetrust-consent-sdk #onetrust-pc-sdk .privacy-notice-link,
#onetrust-consent-sdk #onetrust-pc-sdk .ot-pgph-link,
#onetrust-consent-sdk #onetrust-pc-sdk .category-vendors-list-handler,
#onetrust-consent-sdk #onetrust-pc-sdk .category-vendors-list-handler + a,
#onetrust-consent-sdk #onetrust-pc-sdk .category-host-list-handler,
#onetrust-consent-sdk #onetrust-pc-sdk .ot-ven-link,
#onetrust-consent-sdk #onetrust-pc-sdk .ot-ven-legclaim-link,
#onetrust-consent-sdk #onetrust-pc-sdk #ot-host-lst .ot-host-name a,
#onetrust-consent-sdk #onetrust-pc-sdk #ot-host-lst .ot-acc-hdr .ot-host-expand,
#onetrust-consent-sdk #onetrust-pc-sdk #ot-host-lst .ot-host-info a,
#onetrust-consent-sdk #onetrust-pc-sdk #ot-pc-content #ot-pc-desc .ot-link-btn,
#onetrust-consent-sdk #onetrust-pc-sdk .ot-vnd-serv .ot-vnd-item .ot-vnd-info a,
#onetrust-consent-sdk #onetrust-pc-sdk #ot-lst-cnt .ot-vnd-info a
{
    color: #237803;
}
#onetrust-consent-sdk #onetrust-pc-sdk .category-vendors-list-handler:hover { text-decoration: underline;}
#onetrust-consent-sdk #onetrust-pc-sdk .ot-acc-grpcntr.ot-acc-txt,
#onetrust-consent-sdk #onetrust-pc-sdk .ot-acc-txt .ot-subgrp-tgl .ot-switch.ot-toggle
{
    background-color: #FAF8F5;
}
#onetrust-consent-sdk #onetrust-pc-sdk #ot-host-lst .ot-host-info,
#onetrust-consent-sdk #onetrust-pc-sdk .ot-acc-txt .ot-ven-dets
{
    background-color: #FAF8F5;
}
#onetrust-consent-sdk #onetrust-pc-sdk
button:not(#clear-filters-handler):not(.ot-close-icon):not(#filter-btn-handler):not(.ot-remove-objection-handler):not(.ot-obj-leg-btn-handler):not([aria-expanded]):not(.ot-link-btn),
#onetrust-consent-sdk #onetrust-pc-sdk .ot-leg-btn-container .ot-active-leg-btn {
    background-color: #237803;border-color: #237803;
    color: #FFFFFF;
}
#onetrust-consent-sdk #onetrust-pc-sdk .ot-active-menu {
    border-color: #237803;
}

#onetrust-consent-sdk #onetrust-pc-sdk .ot-leg-btn-container .ot-remove-objection-handler{
    background-color: transparent;
    border: 1px solid transparent;
}
#onetrust-consent-sdk #onetrust-pc-sdk .ot-leg-btn-container .ot-inactive-leg-btn {
    background-color: #FFFFFF;
    color: #78808E; border-color: #78808E;
}
#onetrust-consent-sdk #onetrust-pc-sdk .ot-tgl input:focus + .ot-switch, .ot-switch .ot-switch-nob, .ot-switch .ot-switch-nob:before,
#onetrust-pc-sdk .ot-checkbox input[type="checkbox"]:focus + label::before,
#onetrust-pc-sdk .ot-chkbox input[type="checkbox"]:focus + label::before {
    outline-color: #000000;
    outline-width: 1px;
}
#onetrust-pc-sdk .ot-host-item > button:focus, #onetrust-pc-sdk .ot-ven-item > button:focus {
    border: 1px solid #000000;
}
#onetrust-consent-sdk #onetrust-pc-sdk *:focus,
#onetrust-consent-sdk #onetrust-pc-sdk .ot-vlst-cntr > a:focus {
    outline: 1px solid #000000;
}#onetrust-pc-sdk .ot-vlst-cntr .ot-ext-lnk,  #onetrust-pc-sdk .ot-ven-hdr .ot-ext-lnk{
     background-image: url('https://cdn.cookielaw.org/logos/static/ot_external_link.svg');
 }
#onetrust-pc-sdk {
    --zpot-color-text-default: #343332;
    --zpot-color-text-primary: #237803;
    --zpot-color-surface-action-neutral-default: #E5E2DC;
    --zpot-color-surface-action-neutral-hover: #D3D0CA;
    --zpot-color-surface-action-neutral-active: #C3BEB6;
    --zpot-color-surface-action-primary-default: #237803;
    --zpot-color-surface-action-primary-hover: #1C5E02;
    --zpot-color-surface-action-primary-active:  #154902;

    --zpot-radius-xs: 4px;
    --zpot-radius-s: 8px;
    --zpot-radius-m: 12px;
    --zpot-radius-l: 16px;
    --zpot-borderRadius-full: 99999px;

    --zpot-spacing-2xs: 4px;
    --zpot-spacing-xs: 8px;
    --zpot-spacing-s: 12px;
    --zpot-spacing-m: 16px;
    --zpot-spacing-l: 20px;
    --zpot-spacing-xl: 24px;
    --zpot-spacing-2xl: 32px;
    --zpot-spacing-3xl: 40px;
}

#onetrust-pc-sdk * {
    letter-spacing: 0 !important;
}

#onetrust-pc-sdk.otPcCenter {
    border-radius: var(--zpot-radius-s);
}

#onetrust-pc-sdk .ot-pc-header {
    padding: var(--zpot-spacing-s) var(--zpot-spacing-l);
}

#onetrust-pc-sdk .ot-pc-logo {
    width: auto;
    vertical-align: top;
}

#onetrust-pc-sdk #ot-pc-title {
    font-size: 20px !important;
    line-height: 1.2 !important;
}

@media (min-width: 544px) {
    #onetrust-pc-sdk #ot-pc-title {
        font-size: 24px !important;
        line-height: 1.166666 !important;
    }
}

#onetrust-pc-sdk #ot-pc-content {
    width: auto;
    top: 64px;
    margin: 0;
    padding-inline: var(--zpot-spacing-l);
}

#onetrust-consent-sdk #onetrust-pc-sdk #ot-pc-desc {
    color: var(--zpot-color-text-default);
    font-size: 12px;
    line-height: 1.5;
}

#onetrust-consent-sdk #accept-recommended-btn-handler {
    background: var(--zpot-color-surface-action-primary-default) !important;
    transition: background-color 0.25s;
}

#onetrust-consent-sdk #accept-recommended-btn-handler:hover {
    background: var(--zpot-color-surface-action-primary-hover) !important;
}

#onetrust-consent-sdk #accept-recommended-btn-handler:active {
    background: var(--zpot-color-surface-action-primary-active) !important;
}

#onetrust-pc-sdk .ot-pc-footer-logo {
    display: none;
}
#onetrust-pc-sdk .ot-btn-container {
    text-align: center;
}

#onetrust-pc-sdk .ot-btn-container button {
    display: inline-block;
    font-size: 14px;
    margin-top: 19px;
    background-color: transparent !important;
    border: none !important;
    color: var(--zpot-color-text-primary) !important;
    letter-spacing: normal !important;
    opacity: 1 !important;
    text-decoration-color: rgba(0, 0, 0, 0);
    transition: text-decoration-color 0.3s ease-in-out;
}

#onetrust-pc-sdk .ot-btn-container button:hover {
    text-decoration: underline;
    text-decoration-color: var(--zpot-color-text-primary);
}

#onetrust-pc-sdk .save-preference-btn-handler {
    margin-right: 0px;
}


#onetrust-pc-sdk .ot-cat-grp .ot-always-active {
    color: var(--zpot-color-surface-action-primary-default);
}
#onetrust-pc-sdk #accept-recommended-btn-handler {
    margin-right: 0;
    margin-bottom: 25px;
    width: 100%;
    max-width: 100%;
    border-radius: var(--zpot-borderRadius-full);
    height: 48px;
    opacity: 1 !important;
}

#onetrust-pc-sdk .ot-host-desc, #onetrust-pc-sdk .ot-host-info {
    font-size: 1em;
    line-height: 1.4;
    font-weight: normal;
}
#onetrust-pc-sdk #filter-btn-handler {
    background-color: var(--zpot-color-surface-action-primary-default);
    border-radius: 5px;
    border: none !important;
}
#onetrust-pc-sdk #filter-btn-handler svg {
    fill: #fff;
}

#onetrust-pc-sdk .ot-switch {
    width: 56px;
    height: 32px;
    border-radius: var(--zpot-borderRadius-full);
}

#onetrust-pc-sdk .ot-switch-nob {
    border: 1px solid transparent !important;
    background: var(--zpot-color-surface-action-neutral-default);
    border-radius: var(--zpot-borderRadius-full);
}

#onetrust-pc-sdk .ot-switch:hover .ot-switch-nob {
    background: var(--zpot-color-surface-action-neutral-hover);
}

#onetrust-pc-sdk .ot-switch:active .ot-switch-nob {
    background: var(--zpot-color-surface-action-neutral-active);
}

#onetrust-pc-sdk .ot-tgl input:checked+.ot-switch .ot-switch-nob {
    background: var(--zpot-color-surface-action-primary-default);
}

#onetrust-pc-sdk .ot-tgl input:checked:hover+.ot-switch .ot-switch-nob {
    background: var(--zpot-color-surface-action-primary-hover) !important;
}

#onetrust-pc-sdk .ot-tgl input:checked:active+.ot-switch .ot-switch-nob {
    background: var(--zpot-color-surface-action-primary-active) !important;
}

#onetrust-pc-sdk .ot-switch-nob::before {
    width: 24px;
    height: 24px;
    background: white !important;
    box-shadow: 0 2px 6px 0 rgb(0 0 0 / 10%), 0 1px 4px 0 rgb(0 0 0 / 8%);
}

#onetrust-pc-sdk .ot-tgl input:checked+.ot-switch .ot-switch-nob::before {
    -webkit-transform: translateX(24px);
    -ms-transform: translateX(24px);
    transform: translateX(24px);
}
.ot-sdk-cookie-policy{font-family:inherit;font-size:16px}.ot-sdk-cookie-policy.otRelFont{font-size:1rem}.ot-sdk-cookie-policy h3,.ot-sdk-cookie-policy h4,.ot-sdk-cookie-policy h6,.ot-sdk-cookie-policy p,.ot-sdk-cookie-policy li,.ot-sdk-cookie-policy a,.ot-sdk-cookie-policy th,.ot-sdk-cookie-policy #cookie-policy-description,.ot-sdk-cookie-policy .ot-sdk-cookie-policy-group,.ot-sdk-cookie-policy #cookie-policy-title{color:dimgray}.ot-sdk-cookie-policy #cookie-policy-description{margin-bottom:1em}.ot-sdk-cookie-policy h4{font-size:1.2em}.ot-sdk-cookie-policy h6{font-size:1em;margin-top:2em}.ot-sdk-cookie-policy th{min-width:75px}.ot-sdk-cookie-policy a,.ot-sdk-cookie-policy a:hover{background:#fff}.ot-sdk-cookie-policy thead{background-color:#f6f6f4;font-weight:bold}.ot-sdk-cookie-policy .ot-mobile-border{display:none}.ot-sdk-cookie-policy section{margin-bottom:2em}.ot-sdk-cookie-policy table{border-collapse:inherit}#ot-sdk-cookie-policy-v2.ot-sdk-cookie-policy{font-family:inherit;font-size:1rem}#ot-sdk-cookie-policy-v2.ot-sdk-cookie-policy h3,#ot-sdk-cookie-policy-v2.ot-sdk-cookie-policy h4,#ot-sdk-cookie-policy-v2.ot-sdk-cookie-policy h6,#ot-sdk-cookie-policy-v2.ot-sdk-cookie-policy p,#ot-sdk-cookie-policy-v2.ot-sdk-cookie-policy li,#ot-sdk-cookie-policy-v2.ot-sdk-cookie-policy a,#ot-sdk-cookie-policy-v2.ot-sdk-cookie-policy th,#ot-sdk-cookie-policy-v2.ot-sdk-cookie-policy #cookie-policy-description,#ot-sdk-cookie-policy-v2.ot-sdk-cookie-policy .ot-sdk-cookie-policy-group,#ot-sdk-cookie-policy-v2.ot-sdk-cookie-policy #cookie-policy-title{color:dimgray}#ot-sdk-cookie-policy-v2.ot-sdk-cookie-policy #cookie-policy-description{margin-bottom:1em}#ot-sdk-cookie-policy-v2.ot-sdk-cookie-policy .ot-sdk-subgroup{margin-left:1.5em}#ot-sdk-cookie-policy-v2.ot-sdk-cookie-policy #cookie-policy-description,#ot-sdk-cookie-policy-v2.ot-sdk-cookie-policy .ot-sdk-cookie-policy-group-desc,#ot-sdk-cookie-policy-v2.ot-sdk-cookie-policy .ot-table-header,#ot-sdk-cookie-policy-v2.ot-sdk-cookie-policy a,#ot-sdk-cookie-policy-v2.ot-sdk-cookie-policy span,#ot-sdk-cookie-policy-v2.ot-sdk-cookie-policy td{font-size:.9em}#ot-sdk-cookie-policy-v2.ot-sdk-cookie-policy td span,#ot-sdk-cookie-policy-v2.ot-sdk-cookie-policy td a{font-size:inherit}#ot-sdk-cookie-policy-v2.ot-sdk-cookie-policy .ot-sdk-cookie-policy-group{font-size:1em;margin-bottom:.6em}#ot-sdk-cookie-policy-v2.ot-sdk-cookie-policy .ot-sdk-cookie-policy-title{margin-bottom:1.2em}#ot-sdk-cookie-policy-v2.ot-sdk-cookie-policy>section{margin-bottom:1em}#ot-sdk-cookie-policy-v2.ot-sdk-cookie-policy th{min-width:75px}#ot-sdk-cookie-policy-v2.ot-sdk-cookie-policy a,#ot-sdk-cookie-policy-v2.ot-sdk-cookie-policy a:hover{background:#fff}#ot-sdk-cookie-policy-v2.ot-sdk-cookie-policy thead{background-color:#f6f6f4;font-weight:bold}#ot-sdk-cookie-policy-v2.ot-sdk-cookie-policy .ot-mobile-border{display:none}#ot-sdk-cookie-policy-v2.ot-sdk-cookie-policy section{margin-bottom:2em}#ot-sdk-cookie-policy-v2.ot-sdk-cookie-policy .ot-sdk-subgroup ul li{list-style:disc;margin-left:1.5em}#ot-sdk-cookie-policy-v2.ot-sdk-cookie-policy .ot-sdk-subgroup ul li h4{display:inline-block}#ot-sdk-cookie-policy-v2.ot-sdk-cookie-policy table{border-collapse:inherit;margin:auto;border:1px solid #d7d7d7;border-radius:5px;border-spacing:initial;width:100%;overflow:hidden}#ot-sdk-cookie-policy-v2.ot-sdk-cookie-policy table th,#ot-sdk-cookie-policy-v2.ot-sdk-cookie-policy table td{border-bottom:1px solid #d7d7d7;border-right:1px solid #d7d7d7}#ot-sdk-cookie-policy-v2.ot-sdk-cookie-policy table tr:last-child td{border-bottom:0px}#ot-sdk-cookie-policy-v2.ot-sdk-cookie-policy table tr th:last-child,#ot-sdk-cookie-policy-v2.ot-sdk-cookie-policy table tr td:last-child{border-right:0px}#ot-sdk-cookie-policy-v2.ot-sdk-cookie-policy table .ot-host,#ot-sdk-cookie-policy-v2.ot-sdk-cookie-policy table .ot-cookies-type{width:25%}.ot-sdk-cookie-policy[dir=rtl]{text-align:left}#ot-sdk-cookie-policy h3{font-size:1.5em}@media only screen and (max-width: 530px){.ot-sdk-cookie-policy:not(#ot-sdk-cookie-policy-v2) table,.ot-sdk-cookie-policy:not(#ot-sdk-cookie-policy-v2) thead,.ot-sdk-cookie-policy:not(#ot-sdk-cookie-policy-v2) tbody,.ot-sdk-cookie-policy:not(#ot-sdk-cookie-policy-v2) th,.ot-sdk-cookie-policy:not(#ot-sdk-cookie-policy-v2) td,.ot-sdk-cookie-policy:not(#ot-sdk-cookie-policy-v2) tr{display:block}.ot-sdk-cookie-policy:not(#ot-sdk-cookie-policy-v2) thead tr{position:absolute;top:-9999px;left:-9999px}.ot-sdk-cookie-policy:not(#ot-sdk-cookie-policy-v2) tr{margin:0 0 1em 0}.ot-sdk-cookie-policy:not(#ot-sdk-cookie-policy-v2) tr:nth-child(odd),.ot-sdk-cookie-policy:not(#ot-sdk-cookie-policy-v2) tr:nth-child(odd) a{background:#f6f6f4}.ot-sdk-cookie-policy:not(#ot-sdk-cookie-policy-v2) td{border:none;border-bottom:1px solid #eee;position:relative;padding-left:50%}.ot-sdk-cookie-policy:not(#ot-sdk-cookie-policy-v2) td:before{position:absolute;height:100%;left:6px;width:40%;padding-right:10px}.ot-sdk-cookie-policy:not(#ot-sdk-cookie-policy-v2) .ot-mobile-border{display:inline-block;background-color:#e4e4e4;position:absolute;height:100%;top:0;left:45%;width:2px}.ot-sdk-cookie-policy:not(#ot-sdk-cookie-policy-v2) td:before{content:attr(data-label);font-weight:bold}.ot-sdk-cookie-policy:not(#ot-sdk-cookie-policy-v2) li{word-break:break-word;word-wrap:break-word}#ot-sdk-cookie-policy-v2.ot-sdk-cookie-policy table{overflow:hidden}#ot-sdk-cookie-policy-v2.ot-sdk-cookie-policy table td{border:none;border-bottom:1px solid #d7d7d7}#ot-sdk-cookie-policy-v2.ot-sdk-cookie-policy table,#ot-sdk-cookie-policy-v2.ot-sdk-cookie-policy thead,#ot-sdk-cookie-policy-v2.ot-sdk-cookie-policy tbody,#ot-sdk-cookie-policy-v2.ot-sdk-cookie-policy th,#ot-sdk-cookie-policy-v2.ot-sdk-cookie-policy td,#ot-sdk-cookie-policy-v2.ot-sdk-cookie-policy tr{display:block}#ot-sdk-cookie-policy-v2.ot-sdk-cookie-policy table .ot-host,#ot-sdk-cookie-policy-v2.ot-sdk-cookie-policy table .ot-cookies-type{width:auto}#ot-sdk-cookie-policy-v2.ot-sdk-cookie-policy tr{margin:0 0 1em 0}#ot-sdk-cookie-policy-v2.ot-sdk-cookie-policy td:before{height:100%;width:40%;padding-right:10px}#ot-sdk-cookie-policy-v2.ot-sdk-cookie-policy td:before{content:attr(data-label);font-weight:bold}#ot-sdk-cookie-policy-v2.ot-sdk-cookie-policy li{word-break:break-word;word-wrap:break-word}#ot-sdk-cookie-policy-v2.ot-sdk-cookie-policy thead tr{position:absolute;top:-9999px;left:-9999px;z-index:-9999}#ot-sdk-cookie-policy-v2.ot-sdk-cookie-policy table tr:last-child td{border-bottom:1px solid #d7d7d7;border-right:0px}#ot-sdk-cookie-policy-v2.ot-sdk-cookie-policy table tr:last-child td:last-child{border-bottom:0px}}

#ot-sdk-cookie-policy-v2.ot-sdk-cookie-policy h5,
#ot-sdk-cookie-policy-v2.ot-sdk-cookie-policy h6,
#ot-sdk-cookie-policy-v2.ot-sdk-cookie-policy li,
#ot-sdk-cookie-policy-v2.ot-sdk-cookie-policy p,
#ot-sdk-cookie-policy-v2.ot-sdk-cookie-policy a,
#ot-sdk-cookie-policy-v2.ot-sdk-cookie-policy span,
#ot-sdk-cookie-policy-v2.ot-sdk-cookie-policy td,
#ot-sdk-cookie-policy-v2.ot-sdk-cookie-policy #cookie-policy-description {
    color: #696969;
}
#ot-sdk-cookie-policy-v2.ot-sdk-cookie-policy th {
    color: #696969;
}
#ot-sdk-cookie-policy-v2.ot-sdk-cookie-policy .ot-sdk-cookie-policy-group {
    color: #696969;
}

#ot-sdk-cookie-policy-v2.ot-sdk-cookie-policy #cookie-policy-title {
    color: #696969;
}


#ot-sdk-cookie-policy-v2.ot-sdk-cookie-policy table th {
    background-color: #F8F8F8;
}

.ot-floating-button__front{background-image:url('https://cdn.cookielaw.org/logos/static/ot_persistent_cookie_icon.png')}</style><script src="https://adtm-assets.public.zooplus.net/f26cfb49ba51/f5630916434d/b0d44350c59f/RCe652acdba4a64d6c85124295d48cf2d6-source.min.js" async=""></script><script src="https://adtm-assets.public.zooplus.net/f26cfb49ba51/f5630916434d/b0d44350c59f/RC36098f90b1f540a79e71a32102ef8a9f-source.min.js" async=""></script><script src="https://adtm-assets.public.zooplus.net/f26cfb49ba51/f5630916434d/b0d44350c59f/RC2f480bb8089a40c99cd8334f2f7c5b64-source.min.js" async=""></script><script src="https://adtm-assets.public.zooplus.net/f26cfb49ba51/f5630916434d/b0d44350c59f/RCb14d0d6d0c524b4b8ea636255b35c1e6-source.min.js" async=""></script><script src="https://adtm-assets.public.zooplus.net/f26cfb49ba51/f5630916434d/b0d44350c59f/RC6e134177452145c29dbe4423f90edd6d-source.min.js" async=""></script><script type="text/javascript" async="" data-source="adb" src="https://cdn.public.zooplus.net/media/zootopia-assets/zootopia-min.js"></script></head><body class="z-brand-theme-2024-zooplus" data-sleek-node-id="dd0c8d"><div id="__next" data-sleek-node-id="d0c8d3"><div id="app-main-container" data-sleek-node-id="c8d3f9"><div class="PageContainer_page__EB3EH" data-sleek-node-id="d3f903"><div class="PageContainer_headerContainer___lHRr" data-zta="shop-header-wrapper" data-sleek-node-id="3f9030"><div class="App-module_wrapper__0HTj- z-brand-theme-2024-zooplus" data-zta="shop-header" data-sleek-node-id="0303c5"><style data-zta="shop-header-fonts">
    @font-face {
        font-family: Nunito;
        font-style: normal;
        font-weight: 400;
        src: url(https://cdn.public.zooplus.net/media/ui-components/v6-latest/fonts/nunito-cyrillic_latin-regular.woff2) format(woff2);
    }

    @font-face {
        font-family: Nunito;
        font-style: italic;
        font-weight: 400;
        src: url(https://cdn.public.zooplus.net/media/ui-components/v6-latest/fonts/nunito-cyrillic_latin-italic.woff2) format(woff2);
    }

    @font-face {
        font-family: Nunito;
        font-style: normal;
        font-weight: 500;
        src: url(https://cdn.public.zooplus.net/media/ui-components/v6-latest/fonts/nunito-cyrillic_latin-500.woff2) format(woff2);
    }

    @font-face {
        font-family: Nunito;
        font-style: normal;
        font-weight: 700;
        src: url(https://cdn.public.zooplus.net/media/ui-components/v6-latest/fonts/nunito-cyrillic_latin-700.woff2) format(woff2);
    }
</style><header class="App-module_header__7xtqT" data-zta="shop-header-component" id="shop-header" data-sleek-node-id="840387"><div class="App-module_topBarWrapper__6pjoY" data-sleek-node-id="dadc6c"><div data-zta="top-bar-container" data-variant="narrow" class="TopBar-module_topBar__bavkr z-layout-container z-layout-container--narrow" data-sleek-node-id="6ded10"><div class="TopBar-module_desktopSectionContainer__7RFo9"></div><div class="TopBar-module_topBarText__68Uvf" data-sleek-node-id="b3c71a">




    <meta charset="utf-8">
    <meta http-equiv="x-ua-compatible" content="ie=edge; chrome=1">
    <meta name="viewport" content="width=device-width, initial-scale=1.0, user-scalable=no">









    <div data-component-name="shopHeaderDeliveryInformation" data-sleek-node-id="73467d">
        <a class="shop-header-delivery-information-link" href="https://www.zooplus.com/content/shippingcosts" target="_self" data-sleek-node-id="70fdd5">
            <span class="shop-header-delivery-information-message" data-sleek-node-id="4fdcc4">Free delivery from €49 (T&amp;C’s apply)**</span>
        </a>

    </div>



</div><div class="TopBar-module_desktopSectionContainer__7RFo9" data-sleek-node-id="3c71a6"><a href="/contact_us" data-link-type="neutral" class="Link-module_link__35Vo1 Link-module_linkPadding__37gME Link-module_linkNoWrap__bHgXT Link-module_linkBold__1zYHp Link-module_linkNeutral__xXpzG" id="srh-help" target="_blank" data-sleek-node-id="3467d3">Contact us</a><div class="TopBar-module_linkSeparator__cXC71" data-sleek-node-id="467d30"></div><a data-zta="AnchorUIC" id="srh-reorder" href="/account/orders/reorder" class="z-anchor z-anchor--bold z-anchor--neutral TopBar-module_reorderLink__hiNJG" data-sleek-node-id="67d302">Re-order<svg fill="currentColor" width="24" height="24" xmlns="http://www.w3.org/2000/svg" viewBox="0 0 24 24" role="img" title="Re-order"><path d="M20.364 7.981a8.064 8.064 0 1 1-13.6 8.668.75.75 0 1 1 1.264-.806 6.564 6.564 0 1 0-1.022-3.798l-.004.143.968-.967a.75.75 0 0 1 .976-.073l.084.073a.75.75 0 0 1 .073.976l-.073.084-2.235 2.237a.748.748 0 0 1-1.09 0L3.47 12.281a.75.75 0 0 1 .976-1.133l.084.073.972.97.003-.162a8.064 8.064 0 0 1 14.86-4.048Z" fill-rule="evenodd"></path></svg></a><div class="TopBar-module_linkSeparator__cXC71" data-sleek-node-id="7d302e"></div><div class="TopBar-module_headerAccountFlyoutWrapper__h0Wja" data-sleek-node-id="d302e7"><div tabindex="0" id="srh-account" aria-label="my zooplus Menu" aria-describedby="shopHeaderAccountFlyoutDescription" aria-haspopup="true" aria-expanded="false" aria-controls="shopHeaderAccountFlyout" class="Account-module_accountWrapper__QiiTp" data-sleek-node-id="0fdd57"><div id="shopHeaderAccountFlyoutDescription" aria-hidden="true" class="Account-module_accessibleText__6Scha" data-sleek-node-id="fdcc44">Press ENTER to open account submenu</div><a data-zta="AnchorUIC" href="/account" class="z-anchor z-anchor--bold" data-sleek-node-id="dcc44b"><i aria-hidden="true" class="Account-module_primaryIconNoMargin__cw6Y2 Account-module_primaryIcon__2zRft " data-sleek-node-id="c997ad"><svg fill="currentColor" width="24" height="24" xmlns="http://www.w3.org/2000/svg" viewBox="0 0 24 24" role="img"><path d="M12.313 12.812a8.062 8.062 0 0 1 8.062 8.063.75.75 0 1 1-1.5 0 6.562 6.562 0 1 0-13.125 0 .75.75 0 1 1-1.5 0 8.062 8.062 0 0 1 8.063-8.063Zm3.314-8.19a4.688 4.688 0 1 1-6.63 6.63 4.688 4.688 0 0 1 6.63-6.63ZM10.06 5.685a3.188 3.188 0 1 0 4.646.147l-.139-.147-.147-.139a3.188 3.188 0 0 0-4.36.139Z" fill-rule="evenodd"></path></svg></i><div id="shopHeaderAccountLink" class="Account-module_linkText__YMluc" data-sleek-node-id="997ada">my zooplus</div><i aria-hidden="true" class="Account-module_inlinedPrimaryIcon__RbTiG" data-sleek-node-id="97ada9"><svg fill="currentColor" width="24" height="24" xmlns="http://www.w3.org/2000/svg" viewBox="0 0 24 24" role="img"><path d="M6.57 9.93a.75.75 0 0 1 .977-1.134l.084.073 4.625 4.626 4.627-4.626a.75.75 0 0 1 .976-.073l.085.073a.75.75 0 0 1 .072.976l-.072.085-4.913 4.913a1.093 1.093 0 0 1-1.451.085l-.095-.084L6.57 9.93Z" fill-rule="evenodd"></path></svg></i></a><div id="shopHeaderAccountFlyout" role="menu" aria-labelledby="srh-account" aria-hidden="true" class="Flyout-module_flyout__qLvdx"><a href="/account/overview" role="menuitem" aria-label="my zooplus" class="Flyout-module_link__o7Tl6" rel="nofollow"><span class="Flyout-module_linkText__OZGD8">my zooplus</span></a><a href="/account/orders/overview" role="menuitem" aria-label="My orders" class="Flyout-module_link__o7Tl6" rel="nofollow"><span class="Flyout-module_linkText__OZGD8">My orders</span></a><a href="/account/orders/reorder" role="menuitem" aria-label="Re-order" class="Flyout-module_link__o7Tl6" rel="nofollow"><span class="Flyout-module_linkText__OZGD8">Re-order</span></a><a href="/account/wishlist" role="menuitem" aria-label="My Wish List" class="Flyout-module_link__o7Tl6" rel="nofollow"><span class="Flyout-module_linkText__OZGD8">My Wish List</span></a><a href="/account/bonuspoints/products/overview" role="menuitem" aria-label="Rewards" class="Flyout-module_link__o7Tl6" rel="nofollow"><span class="Flyout-module_linkText__OZGD8">Rewards</span></a></div></div></div></div></div></div><div class="App-module_middleBarWrapper__LZYq0" data-sleek-node-id="adc6ca"><div data-zta="middle-bar" data-variant="narrow" class="MiddleBar-module_middleBar__s5v-r z-layout-container z-layout-container--narrow" data-sleek-node-id="ded10a"><button type="button" class="MobileBurgerButton-module_hamburger__Off6-" data-zta="hamburger-button" id="srh-burger-mbbutton" aria-expanded="false" aria-label="Menu"><div class="MobileBurgerButton-module_hamburgerBox__Ljmqc"><span></span><span></span><span></span></div><div class="MobileBurgerButton-module_accessibleText__FcmVF">Menu</div></button><a class="BrandLogo-module_logoWrapper__YwgLq" href="/" data-sleek-node-id="c71a69"><img class="BrandLogo-module_logoImg__Oq5Qs" data-zta="brand_logo" id="srh-logo" src="https://cdn-prod.shphdrp.ext.aws.zooplus.io/3.25.0/images/zooplus/logo/2024/zooplus.png" srcset="https://cdn-prod.shphdrp.ext.aws.zooplus.io/3.25.0/images/zooplus/logo/2024/zooplus.png 1x, https://cdn-prod.shphdrp.ext.aws.zooplus.io/3.25.0/images/zooplus/logo/2024/zooplus@2x.png 2x" alt="zooplus logo" data-sleek-node-id="302e71"></a><div class="MiddleBar-module_desktopSearchBarWrapper__CG85H" data-sleek-node-id="71a69a"><div class="SearchBar-module_desktopSearchBar__-iXH9" data-zta="header-search-bar-desktop" data-sleek-node-id="02e711"><div role="presentation" class="SearchBar-module_searchBarWrapper__4FlDN" data-sleek-node-id="fdd57b"><form data-zta="search_form_desktop" class="SearchBar-module_searchForm__wiD4m" name="miniSearchBox" autocomplete="off" role="search" data-sleek-node-id="cc44b2"><label for="search_query_field_desktop" class="SearchBar-module_accessibleText__x-6wN" id="search_query_field-label-desktop" data-sleek-node-id="7ada9b">Search</label><input data-zta="search_form_input_desktop" id="search_query_field_desktop" name="q" type="search" inputmode="search" placeholder="Search the store" aria-labelledby="search_query_field-label-desktop" class="SearchBar-module_searchBarInput__hERsV" value="" data-sleek-node-id="ada9b9"><button class="SearchBar-module_submitButton__DZWsQ" data-zta="search_form_button_desktop" type="submit" aria-labelledby="search_query_field-label-desktop" data-sleek-node-id="da9b9c"><svg fill="currentColor" width="24" height="24" xmlns="http://www.w3.org/2000/svg" viewBox="0 0 24 24" role="img" class="Icon-module_iconPrimary__1j-pU" aria-labelledby="search_query_field-label-desktop"><path d="M15.027 3.082a8.518 8.518 0 0 1 3.344 13.371l5.516 5.517a.75.75 0 1 1-1.06 1.06l-5.517-5.516a8.518 8.518 0 1 1-2.283-14.431ZM5.331 8.356a7.018 7.018 0 0 0 11.47 7.588l.02-.016a7.018 7.018 0 1 0-11.49-7.572Z" fill-rule="evenodd"></path></svg></button></form></div></div></div><div class="MiddleBar-module_mobileHeaderAccountFlyoutContainer__ZX6Ia"><div tabindex="0" id="srh-account" aria-label="my zooplus Menu" aria-describedby="shopHeaderAccountFlyoutDescription" aria-haspopup="true" aria-expanded="false" aria-controls="shopHeaderAccountFlyout" class="Account-module_accountWrapper__QiiTp"><div id="shopHeaderAccountFlyoutDescription" aria-hidden="true" class="Account-module_accessibleText__6Scha">Press ENTER to open account submenu</div><a data-zta="AnchorUIC" href="/account" class="z-anchor z-anchor--bold"><i aria-hidden="true" class="Account-module_primaryIconNoMargin__cw6Y2 Account-module_primaryIcon__2zRft "><svg fill="currentColor" width="24" height="24" xmlns="http://www.w3.org/2000/svg" viewBox="0 0 24 24" role="img"><path d="M12.313 12.812a8.062 8.062 0 0 1 8.062 8.063.75.75 0 1 1-1.5 0 6.562 6.562 0 1 0-13.125 0 .75.75 0 1 1-1.5 0 8.062 8.062 0 0 1 8.063-8.063Zm3.314-8.19a4.688 4.688 0 1 1-6.63 6.63 4.688 4.688 0 0 1 6.63-6.63ZM10.06 5.685a3.188 3.188 0 1 0 4.646.147l-.139-.147-.147-.139a3.188 3.188 0 0 0-4.36.139Z" fill-rule="evenodd"></path></svg></i><div id="shopHeaderAccountLink" class="Account-module_linkText__YMluc">my zooplus</div><i aria-hidden="true" class="Account-module_inlinedPrimaryIcon__RbTiG"><svg fill="currentColor" width="24" height="24" xmlns="http://www.w3.org/2000/svg" viewBox="0 0 24 24" role="img"><path d="M6.57 9.93a.75.75 0 0 1 .977-1.134l.084.073 4.625 4.626 4.627-4.626a.75.75 0 0 1 .976-.073l.085.073a.75.75 0 0 1 .072.976l-.072.085-4.913 4.913a1.093 1.093 0 0 1-1.451.085l-.095-.084L6.57 9.93Z" fill-rule="evenodd"></path></svg></i></a><div id="shopHeaderAccountFlyout" role="menu" aria-labelledby="srh-account" aria-hidden="true" class="Flyout-module_flyout__qLvdx"><a href="/account/overview" role="menuitem" aria-label="my zooplus" class="Flyout-module_link__o7Tl6" rel="nofollow"><span class="Flyout-module_linkText__OZGD8">my zooplus</span></a><a href="/account/orders/overview" role="menuitem" aria-label="My orders" class="Flyout-module_link__o7Tl6" rel="nofollow"><span class="Flyout-module_linkText__OZGD8">My orders</span></a><a href="/account/orders/reorder" role="menuitem" aria-label="Re-order" class="Flyout-module_link__o7Tl6" rel="nofollow"><span class="Flyout-module_linkText__OZGD8">Re-order</span></a><a href="/account/wishlist" role="menuitem" aria-label="My Wish List" class="Flyout-module_link__o7Tl6" rel="nofollow"><span class="Flyout-module_linkText__OZGD8">My Wish List</span></a><a href="/account/bonuspoints/products/overview" role="menuitem" aria-label="Rewards" class="Flyout-module_link__o7Tl6" rel="nofollow"><span class="Flyout-module_linkText__OZGD8">Rewards</span></a></div></div></div><div class="MiddleBar-module_miniCartContainer__0ZMK0" data-zta="mini-cart-container" data-sleek-node-id="1a69a7"><div data-testid="mini-cart-app" data-realm="zooplus" data-sleek-node-id="2e7114"><a data-zta="ButtonAnchorUIC" href="/checkout/cart" data-testid="MiniCartLink" class="z-btn z-btn--cart cartButton-module_uiLinkButton__SDsAq" data-om-event-listener="true" data-sleek-node-id="dd57b9"><svg width="24" height="24" viewBox="0 0 24 24" fill="currentColor" xmlns="http://www.w3.org/2000/svg" role="img" aria-hidden="true" aria-labelledby="cartButton" data-testid="cartIcon"><path fill-rule="evenodd" clip-rule="evenodd" d="M16.0457 19.9265C16.6305 19.9265 17.1046 20.4005 17.1046 20.9853 17.1046 21.5701 16.6305 22.0442 16.0457 22.0442 15.4609 22.0442 14.9869 21.5701 14.9869 20.9853 14.9869 20.4005 15.4609 19.9265 16.0457 19.9265ZM9.86845 19.9265C10.4532 19.9265 10.9273 20.4005 10.9273 20.9853 10.9273 21.5701 10.4532 22.0442 9.86845 22.0442 9.28366 22.0442 8.80959 21.5701 8.80959 20.9853 8.80959 20.4005 9.28366 19.9265 9.86845 19.9265Z"></path><path d="M7.46117 17.9199L5.2893 5.15391C5.24945 4.9207 5.04708 4.74995 4.81047 4.75H4C3.58579 4.75 3.25 4.41421 3.25 4C3.25 3.58579 3.58579 3.25 4 3.25H4.81047C5.77839 3.24987 6.6054 3.94794 6.76802 4.90212L7.11653 6.95064H20.6786C21.0997 6.95054 21.4977 7.14449 21.7569 7.47643C22.0163 7.80845 22.1081 8.24147 22.0059 8.65018L20.8117 13.4273C20.4531 14.8609 19.165 15.8666 17.6873 15.8667H8.63342L8.94002 17.6689C8.97964 17.9024 9.18198 18.0732 9.41877 18.0732H17.5902C18.0044 18.0732 18.3402 18.4089 18.3402 18.8232C18.3402 19.2374 18.0044 19.5732 17.5902 19.5732H9.41877C8.45038 19.5732 7.62321 18.8747 7.46117 17.9199Z"></path></svg><span data-testid="buttonText" data-sleek-node-id="c44b21">Basket</span></a></div></div><div class="MiddleBar-module_securityIcons__r5x86" data-zta="security-icons">




    <meta charset="utf-8">
    <meta http-equiv="x-ua-compatible" content="ie=edge; chrome=1">
    <meta name="viewport" content="width=device-width, initial-scale=1.0, user-scalable=no">









    <div data-component-name="shopHeaderLogos">
        <div class="uxt-shop-header-logos">
            <a href="https://www.zooplus.com/info/about/security" target="_blank">
                <img alt="Secure Sockets Layer" src="//images.ctfassets.net/qp85kbzn8noe/1J5mDXqhLz0gJGduIUYSL1/8d9468e0ef04901b313537e7e9f35ec5/encryption_zooplus_2x.png?fl=progressive&amp;w=120&amp;q=85" srcset="//images.ctfassets.net/qp85kbzn8noe/1J5mDXqhLz0gJGduIUYSL1/8d9468e0ef04901b313537e7e9f35ec5/encryption_zooplus_2x.png?fl=progressive&amp;w=120&amp;q=85 120w, //images.ctfassets.net/qp85kbzn8noe/1J5mDXqhLz0gJGduIUYSL1/8d9468e0ef04901b313537e7e9f35ec5/encryption_zooplus_2x.png?fl=progressive&amp;w=1&amp;q=85 1w" sizes="(max-width: 543px) 1px, (min-width: 544px) 120px">

            </a>
        </div>

    </div>



</div></div></div><div id="burger-panel-portal-container"></div><div class="App-module_lowerBarWrapper__HBLdD" data-sleek-node-id="dc6ca0"><nav data-sleek-node-id="ed10a2"><div data-zta="lower-bar" data-variant="narrow" class="LowerBar-module_desktopNavigation__OVmPW z-layout-container z-layout-container--narrow" id="header-category-links" aria-label="zooplus main menu" data-sleek-node-id="a69a7e"><div data-zta="lower-bar-category-slider" class="LowerBar-module_categorySlider__8GCeL" data-sleek-node-id="e71140"><ul class="LowerBar-module_categoryBar__evM0O" data-zta="lower-bar-categories" data-sleek-node-id="d57b99"><li class="LowerBar-module_categoryItem__1A96K" data-zta="lower-bar-category-item" data-sleek-node-id="44b212"><a class="LowerBar-module_categoryItemLink__STvI8" data-zta="lower-bar-category-item-link" href="/shop/dogs" data-sleek-node-id="a9b9cb">Dog</a><button aria-expanded="false" aria-labelledby="category-button-label-Dog" class="LowerBar-module_categoryItemButton__Q8AZL" data-zta="lower-bar-category-item-btn" type="button" data-sleek-node-id="9b9cb3"><svg fill="currentColor" width="18" height="18" xmlns="http://www.w3.org/2000/svg" viewBox="3 3 18 18" role="img" class="Icon-module_iconNeutralDark__UC55P" aria-labelledby="category-button-label-Dog"><path d="M6.57 9.93a.75.75 0 0 1 .977-1.134l.084.073 4.625 4.626 4.627-4.626a.75.75 0 0 1 .976-.073l.085.073a.75.75 0 0 1 .072.976l-.072.085-4.913 4.913a1.093 1.093 0 0 1-1.451.085l-.095-.084L6.57 9.93Z" fill-rule="evenodd"></path></svg><div class="LowerBar-module_accessibleText__ZELSJ" id="category-button-label-Dog" data-sleek-node-id="fed62b">Open category menu: Dog</div></button></li><li class="LowerBar-module_categoryItem__1A96K" data-zta="lower-bar-category-item" data-sleek-node-id="4b212b"><a class="LowerBar-module_categoryItemLink__STvI8 LowerBar-module_categoryItemLinkActive__TMTcZ" data-zta="lower-bar-category-item-link" href="/shop/cats" data-sleek-node-id="b9cb3c">Cat</a><button aria-expanded="false" aria-labelledby="category-button-label-Cat" class="LowerBar-module_categoryItemButton__Q8AZL" data-zta="lower-bar-category-item-btn" type="button" data-sleek-node-id="9cb3ca"><svg fill="currentColor" width="18" height="18" xmlns="http://www.w3.org/2000/svg" viewBox="3 3 18 18" role="img" class="Icon-module_iconNeutralDark__UC55P" aria-labelledby="category-button-label-Cat"><path d="M6.57 9.93a.75.75 0 0 1 .977-1.134l.084.073 4.625 4.626 4.627-4.626a.75.75 0 0 1 .976-.073l.085.073a.75.75 0 0 1 .072.976l-.072.085-4.913 4.913a1.093 1.093 0 0 1-1.451.085l-.095-.084L6.57 9.93Z" fill-rule="evenodd"></path></svg><div class="LowerBar-module_accessibleText__ZELSJ" id="category-button-label-Cat" data-sleek-node-id="ed62b7">Open category menu: Cat</div></button></li><li class="LowerBar-module_categoryItem__1A96K" data-zta="lower-bar-category-item" data-sleek-node-id="b212bd"><a class="LowerBar-module_categoryItemLink__STvI8" data-zta="lower-bar-category-item-link" href="/shop/rodents" data-sleek-node-id="cb3cae">Small Pet</a><button aria-expanded="false" aria-labelledby="category-button-label-Small Pet" class="LowerBar-module_categoryItemButton__Q8AZL" data-zta="lower-bar-category-item-btn" type="button" data-sleek-node-id="b3cae4"><svg fill="currentColor" width="18" height="18" xmlns="http://www.w3.org/2000/svg" viewBox="3 3 18 18" role="img" class="Icon-module_iconNeutralDark__UC55P" aria-labelledby="category-button-label-Small Pet"><path d="M6.57 9.93a.75.75 0 0 1 .977-1.134l.084.073 4.625 4.626 4.627-4.626a.75.75 0 0 1 .976-.073l.085.073a.75.75 0 0 1 .072.976l-.072.085-4.913 4.913a1.093 1.093 0 0 1-1.451.085l-.095-.084L6.57 9.93Z" fill-rule="evenodd"></path></svg><div class="LowerBar-module_accessibleText__ZELSJ" id="category-button-label-Small Pet" data-sleek-node-id="d62b7f">Open category menu: Small Pet</div></button></li><li class="LowerBar-module_categoryItem__1A96K" data-zta="lower-bar-category-item" data-sleek-node-id="212bd7"><a class="LowerBar-module_categoryItemLink__STvI8" data-zta="lower-bar-category-item-link" href="/shop/birds" data-sleek-node-id="3cae42">Bird</a><button aria-expanded="false" aria-labelledby="category-button-label-Bird" class="LowerBar-module_categoryItemButton__Q8AZL" data-zta="lower-bar-category-item-btn" type="button" data-sleek-node-id="cae426"><svg fill="currentColor" width="18" height="18" xmlns="http://www.w3.org/2000/svg" viewBox="3 3 18 18" role="img" class="Icon-module_iconNeutralDark__UC55P" aria-labelledby="category-button-label-Bird"><path d="M6.57 9.93a.75.75 0 0 1 .977-1.134l.084.073 4.625 4.626 4.627-4.626a.75.75 0 0 1 .976-.073l.085.073a.75.75 0 0 1 .072.976l-.072.085-4.913 4.913a1.093 1.093 0 0 1-1.451.085l-.095-.084L6.57 9.93Z" fill-rule="evenodd"></path></svg><div class="LowerBar-module_accessibleText__ZELSJ" id="category-button-label-Bird" data-sleek-node-id="62b7f6">Open category menu: Bird</div></button></li><li class="LowerBar-module_categoryItem__1A96K" data-zta="lower-bar-category-item" data-sleek-node-id="12bd75"><a class="LowerBar-module_categoryItemLink__STvI8" data-zta="lower-bar-category-item-link" href="/shop/fish" data-sleek-node-id="ae4269">Aquatic</a><button aria-expanded="false" aria-labelledby="category-button-label-Aquatic" class="LowerBar-module_categoryItemButton__Q8AZL" data-zta="lower-bar-category-item-btn" type="button" data-sleek-node-id="e42698"><svg fill="currentColor" width="18" height="18" xmlns="http://www.w3.org/2000/svg" viewBox="3 3 18 18" role="img" class="Icon-module_iconNeutralDark__UC55P" aria-labelledby="category-button-label-Aquatic"><path d="M6.57 9.93a.75.75 0 0 1 .977-1.134l.084.073 4.625 4.626 4.627-4.626a.75.75 0 0 1 .976-.073l.085.073a.75.75 0 0 1 .072.976l-.072.085-4.913 4.913a1.093 1.093 0 0 1-1.451.085l-.095-.084L6.57 9.93Z" fill-rule="evenodd"></path></svg><div class="LowerBar-module_accessibleText__ZELSJ" id="category-button-label-Aquatic" data-sleek-node-id="2b7f66">Open category menu: Aquatic</div></button></li><li class="LowerBar-module_categoryItem__1A96K" data-zta="lower-bar-category-item" data-sleek-node-id="2bd754"><a class="LowerBar-module_categoryItemLink__STvI8" data-zta="lower-bar-category-item-link" href="/shop/veterinary_food" data-sleek-node-id="426984">+ Vet</a><button aria-expanded="false" aria-labelledby="category-button-label-+ Vet" class="LowerBar-module_categoryItemButton__Q8AZL" data-zta="lower-bar-category-item-btn" type="button" data-sleek-node-id="26984b"><svg fill="currentColor" width="18" height="18" xmlns="http://www.w3.org/2000/svg" viewBox="3 3 18 18" role="img" class="Icon-module_iconNeutralDark__UC55P" aria-labelledby="category-button-label-+ Vet"><path d="M6.57 9.93a.75.75 0 0 1 .977-1.134l.084.073 4.625 4.626 4.627-4.626a.75.75 0 0 1 .976-.073l.085.073a.75.75 0 0 1 .072.976l-.072.085-4.913 4.913a1.093 1.093 0 0 1-1.451.085l-.095-.084L6.57 9.93Z" fill-rule="evenodd"></path></svg><div class="LowerBar-module_accessibleText__ZELSJ" id="category-button-label-+ Vet" data-sleek-node-id="b7f66c">Open category menu: + Vet</div></button></li><li class="LowerBar-module_categoryItem__1A96K" data-zta="lower-bar-category-item" data-sleek-node-id="bd7544"><a class="LowerBar-module_categoryItemLink__STvI8" data-zta="lower-bar-category-item-link" href="/shop/top_brands" data-sleek-node-id="6984ba">Top Brands</a><button aria-expanded="false" aria-labelledby="category-button-label-Top Brands" class="LowerBar-module_categoryItemButton__Q8AZL" data-zta="lower-bar-category-item-btn" type="button" data-sleek-node-id="984ba5"><svg fill="currentColor" width="18" height="18" xmlns="http://www.w3.org/2000/svg" viewBox="3 3 18 18" role="img" class="Icon-module_iconNeutralDark__UC55P" aria-labelledby="category-button-label-Top Brands"><path d="M6.57 9.93a.75.75 0 0 1 .977-1.134l.084.073 4.625 4.626 4.627-4.626a.75.75 0 0 1 .976-.073l.085.073a.75.75 0 0 1 .072.976l-.072.085-4.913 4.913a1.093 1.093 0 0 1-1.451.085l-.095-.084L6.57 9.93Z" fill-rule="evenodd"></path></svg><div class="LowerBar-module_accessibleText__ZELSJ" id="category-button-label-Top Brands" data-sleek-node-id="7f66ce">Open category menu: Top Brands</div></button></li><li class="LowerBar-module_categoryItem__1A96K" data-zta="lower-bar-category-item" data-sleek-node-id="d75441"><a class="LowerBar-module_categoryItemLink__STvI8" data-zta="lower-bar-category-item-link" href="/shop/pet_supplies_specials" data-sleek-node-id="84ba5d">Special Offers </a><button aria-expanded="false" aria-labelledby="category-button-label-Special Offers " class="LowerBar-module_categoryItemButton__Q8AZL" data-zta="lower-bar-category-item-btn" type="button" data-sleek-node-id="4ba5d5"><svg fill="currentColor" width="18" height="18" xmlns="http://www.w3.org/2000/svg" viewBox="3 3 18 18" role="img" class="Icon-module_iconNeutralDark__UC55P" aria-labelledby="category-button-label-Special Offers "><path d="M6.57 9.93a.75.75 0 0 1 .977-1.134l.084.073 4.625 4.626 4.627-4.626a.75.75 0 0 1 .976-.073l.085.073a.75.75 0 0 1 .072.976l-.072.085-4.913 4.913a1.093 1.093 0 0 1-1.451.085l-.095-.084L6.57 9.93Z" fill-rule="evenodd"></path></svg><div class="LowerBar-module_accessibleText__ZELSJ" id="category-button-label-Special Offers " data-sleek-node-id="f66cec">Open category menu: Special Offers </div></button></li></ul></div><div data-zta="LayoutContainerUIC" data-variant="narrow" class="CategoryFlyout-module_flyOut__07b7z z-layout-container z-layout-container--narrow" id="header-category-flyout" style="--header-category-flyout-display-flag:none"><div class="CategoryFlyout-module_flyOutContainer__mUJsx"><div class="CategoryFlyout-module_groupHeader__pGxMZ CategoryFlyout-module_groupHeaderMain__GkvMC"><a href="/shop/dogs" data-zta="category-flyout-animal-level2-link" data-link-type="primary" class="Link-module_link__35Vo1 Link-module_linkBold__1zYHp Link-module_linkHeading__wM1bP Link-module_linkPrimary__yCQng">Dog Shop: Dog Supplies &amp; Dog Accessories</a></div><div class="CategoryFlyout-module_animalPanel__TrJ4O"><ul id="header-category-flyout-animal-level4-links-Dog-0-Dry-Dog-Food" class="CategoryFlyout-module_animalPanelGroup__5uS8W"><li class="CategoryFlyout-module_groupHeader__pGxMZ"><a href="/shop/dogs/dry_dog_food" data-zta="category-flyout-animal-group-header" data-link-type="primary" class="Link-module_link__35Vo1 Link-module_linkBold__1zYHp Link-module_linkPrimary__yCQng" aria-label="group-header">Dry Dog Food</a></li><li class="CategoryFlyout-module_groupItem__Iy0FX"><a href="/shop/dogs/dry_dog_food/burns" data-zta="category-flyout-animal-level4-link" data-link-type="neutral" class="Link-module_link__35Vo1 Link-module_linkPadding__37gME Link-module_linkEllipsis__om-ux Link-module_linkNeutral__xXpzG">Burns</a></li><li class="CategoryFlyout-module_groupItem__Iy0FX"><a href="/shop/dogs/dry_dog_food/concept_for_life" data-zta="category-flyout-animal-level4-link" data-link-type="neutral" class="Link-module_link__35Vo1 Link-module_linkPadding__37gME Link-module_linkEllipsis__om-ux Link-module_linkNeutral__xXpzG">Concept for Life</a></li><li class="CategoryFlyout-module_groupItem__Iy0FX"><a href="/shop/dogs/dry_dog_food/eukanuba" data-zta="category-flyout-animal-level4-link" data-link-type="neutral" class="Link-module_link__35Vo1 Link-module_linkPadding__37gME Link-module_linkEllipsis__om-ux Link-module_linkNeutral__xXpzG">Eukanuba</a></li><li class="CategoryFlyout-module_groupItem__Iy0FX"><a href="/shop/dogs/dry_dog_food/hills_prescription" data-zta="category-flyout-animal-level4-link" data-link-type="neutral" class="Link-module_link__35Vo1 Link-module_linkPadding__37gME Link-module_linkEllipsis__om-ux Link-module_linkNeutral__xXpzG">Hill's Prescription Diet</a></li><li class="CategoryFlyout-module_groupItem__Iy0FX"><a href="/shop/dogs/dry_dog_food/hills_science_plan" data-zta="category-flyout-animal-level4-link" data-link-type="neutral" class="Link-module_link__35Vo1 Link-module_linkPadding__37gME Link-module_linkEllipsis__om-ux Link-module_linkNeutral__xXpzG">Hill's Science Plan</a></li><li class="CategoryFlyout-module_groupItem__Iy0FX"><a href="/shop/dogs/dry_dog_food/markus_muehle" data-zta="category-flyout-animal-level4-link" data-link-type="neutral" class="Link-module_link__35Vo1 Link-module_linkPadding__37gME Link-module_linkEllipsis__om-ux Link-module_linkNeutral__xXpzG">Markus Mühle</a></li><li class="CategoryFlyout-module_groupItem__Iy0FX"><a href="/shop/dogs/dry_dog_food/rosies_farm_dry" data-zta="category-flyout-animal-level4-link" data-link-type="neutral" class="Link-module_link__35Vo1 Link-module_linkPadding__37gME Link-module_linkEllipsis__om-ux Link-module_linkNeutral__xXpzG">Rosie's Farm</a></li><li class="CategoryFlyout-module_groupItem__Iy0FX"><a href="/shop/dogs/dry_dog_food/royal_canin_breed" data-zta="category-flyout-animal-level4-link" data-link-type="neutral" class="Link-module_link__35Vo1 Link-module_linkPadding__37gME Link-module_linkEllipsis__om-ux Link-module_linkNeutral__xXpzG">Royal Canin Breed</a></li><li class="CategoryFlyout-module_groupItem__Iy0FX"><a href="/shop/dogs/dry_dog_food/royal_canin_size" data-zta="category-flyout-animal-level4-link" data-link-type="neutral" class="Link-module_link__35Vo1 Link-module_linkPadding__37gME Link-module_linkEllipsis__om-ux Link-module_linkNeutral__xXpzG">Royal Canin Size</a></li><li class="CategoryFlyout-module_groupItem__Iy0FX"><a href="/shop/dogs/dry_dog_food/royal_canin_care_nutrition" data-zta="category-flyout-animal-level4-link" data-link-type="neutral" class="Link-module_link__35Vo1 Link-module_linkPadding__37gME Link-module_linkEllipsis__om-ux Link-module_linkNeutral__xXpzG">Royal Canin Care Nutrition </a></li><li class="CategoryFlyout-module_groupItem__Iy0FX"><a href="/shop/dogs/dry_dog_food/royal_canin_vet_diet" data-zta="category-flyout-animal-level4-link" data-link-type="neutral" class="Link-module_link__35Vo1 Link-module_linkPadding__37gME Link-module_linkEllipsis__om-ux Link-module_linkNeutral__xXpzG">Royal Canin Veterinary</a></li><li class="CategoryFlyout-module_groupItem__Iy0FX"><a href="/shop/dogs/dry_dog_food/taste_of_the_wild" data-zta="category-flyout-animal-level4-link" data-link-type="neutral" class="Link-module_link__35Vo1 Link-module_linkPadding__37gME Link-module_linkEllipsis__om-ux Link-module_linkNeutral__xXpzG">Taste of the Wild</a></li><li class="CategoryFlyout-module_groupItem__Iy0FX"><a href="/shop/dogs/dry_dog_food/206813" data-zta="category-flyout-animal-level4-link" data-link-type="neutral" class="Link-module_link__35Vo1 Link-module_linkPadding__37gME Link-module_linkEllipsis__om-ux Link-module_linkNeutral__xXpzG">Wolf of Wilderness</a></li><li class="CategoryFlyout-module_groupFooter__Z5B1f"><a href="/shop/dogs/dry_dog_food" data-zta="category-flyout-animal-group-footer" data-link-type="primary" class="Link-module_link__35Vo1 Link-module_linkBold__1zYHp Link-module_linkPrimary__yCQng" aria-label="group-footer">View all</a></li></ul><ul id="header-category-flyout-animal-level4-links-Dog-1-Wet-Dog-Food" class="CategoryFlyout-module_animalPanelGroup__5uS8W"><li class="CategoryFlyout-module_groupHeader__pGxMZ"><a href="/shop/dogs/canned_dog_food" data-zta="category-flyout-animal-group-header" data-link-type="primary" class="Link-module_link__35Vo1 Link-module_linkBold__1zYHp Link-module_linkPrimary__yCQng" aria-label="group-header">Wet Dog Food</a></li><li class="CategoryFlyout-module_groupItem__Iy0FX"><a href="/shop/dogs/canned_dog_food/applaws" data-zta="category-flyout-animal-level4-link" data-link-type="neutral" class="Link-module_link__35Vo1 Link-module_linkPadding__37gME Link-module_linkEllipsis__om-ux Link-module_linkNeutral__xXpzG">Applaws</a></li><li class="CategoryFlyout-module_groupItem__Iy0FX"><a href="/shop/dogs/canned_dog_food/burns_wet" data-zta="category-flyout-animal-level4-link" data-link-type="neutral" class="Link-module_link__35Vo1 Link-module_linkPadding__37gME Link-module_linkEllipsis__om-ux Link-module_linkNeutral__xXpzG">Burns</a></li><li class="CategoryFlyout-module_groupItem__Iy0FX"><a href="/shop/dogs/canned_dog_food/forthglade" data-zta="category-flyout-animal-level4-link" data-link-type="neutral" class="Link-module_link__35Vo1 Link-module_linkPadding__37gME Link-module_linkEllipsis__om-ux Link-module_linkNeutral__xXpzG">Forthglade</a></li><li class="CategoryFlyout-module_groupItem__Iy0FX"><a href="/shop/dogs/canned_dog_food/hills_prescription_diet" data-zta="category-flyout-animal-level4-link" data-link-type="neutral" class="Link-module_link__35Vo1 Link-module_linkPadding__37gME Link-module_linkEllipsis__om-ux Link-module_linkNeutral__xXpzG">Hill's Prescription Diet</a></li><li class="CategoryFlyout-module_groupItem__Iy0FX"><a href="/shop/dogs/canned_dog_food/jameswellbeloved" data-zta="category-flyout-animal-level4-link" data-link-type="neutral" class="Link-module_link__35Vo1 Link-module_linkPadding__37gME Link-module_linkEllipsis__om-ux Link-module_linkNeutral__xXpzG">James Wellbeloved</a></li><li class="CategoryFlyout-module_groupItem__Iy0FX"><a href="/shop/dogs/canned_dog_food/lilys_kitchen_wet_dog_food" data-zta="category-flyout-animal-level4-link" data-link-type="neutral" class="Link-module_link__35Vo1 Link-module_linkPadding__37gME Link-module_linkEllipsis__om-ux Link-module_linkNeutral__xXpzG">Lily's Kitchen</a></li><li class="CategoryFlyout-module_groupItem__Iy0FX"><a href="/shop/dogs/canned_dog_food/lukullus" data-zta="category-flyout-animal-level4-link" data-link-type="neutral" class="Link-module_link__35Vo1 Link-module_linkPadding__37gME Link-module_linkEllipsis__om-ux Link-module_linkNeutral__xXpzG">Lukullus</a></li><li class="CategoryFlyout-module_groupItem__Iy0FX"><a href="/shop/dogs/canned_dog_food/pedigree_pur" data-zta="category-flyout-animal-level4-link" data-link-type="neutral" class="Link-module_link__35Vo1 Link-module_linkPadding__37gME Link-module_linkEllipsis__om-ux Link-module_linkNeutral__xXpzG">Pedigree</a></li><li class="CategoryFlyout-module_groupItem__Iy0FX"><a href="/shop/dogs/canned_dog_food/purizon_wet_dog_food" data-zta="category-flyout-animal-level4-link" data-link-type="neutral" class="Link-module_link__35Vo1 Link-module_linkPadding__37gME Link-module_linkEllipsis__om-ux Link-module_linkNeutral__xXpzG">Purizon</a></li><li class="CategoryFlyout-module_groupItem__Iy0FX"><a href="/shop/dogs/canned_dog_food/rebel_belle_wet_dog_food" data-zta="category-flyout-animal-level4-link" data-link-type="neutral" class="Link-module_link__35Vo1 Link-module_linkPadding__37gME Link-module_linkEllipsis__om-ux Link-module_linkNeutral__xXpzG">Rebel Belle</a></li><li class="CategoryFlyout-module_groupItem__Iy0FX"><a href="/shop/dogs/canned_dog_food/rinti" data-zta="category-flyout-animal-level4-link" data-link-type="neutral" class="Link-module_link__35Vo1 Link-module_linkPadding__37gME Link-module_linkEllipsis__om-ux Link-module_linkNeutral__xXpzG">RINTI</a></li><li class="CategoryFlyout-module_groupItem__Iy0FX"><a href="/shop/dogs/canned_dog_food/rocco" data-zta="category-flyout-animal-level4-link" data-link-type="neutral" class="Link-module_link__35Vo1 Link-module_linkPadding__37gME Link-module_linkEllipsis__om-ux Link-module_linkNeutral__xXpzG">Rocco</a></li><li class="CategoryFlyout-module_groupItem__Iy0FX"><a href="/shop/dogs/canned_dog_food/royal_canin_veterinary_diet" data-zta="category-flyout-animal-level4-link" data-link-type="neutral" class="Link-module_link__35Vo1 Link-module_linkPadding__37gME Link-module_linkEllipsis__om-ux Link-module_linkNeutral__xXpzG">Royal Canin Veterinary</a></li><li class="CategoryFlyout-module_groupItem__Iy0FX"><a href="/shop/dogs/canned_dog_food/206789" data-zta="category-flyout-animal-level4-link" data-link-type="neutral" class="Link-module_link__35Vo1 Link-module_linkPadding__37gME Link-module_linkEllipsis__om-ux Link-module_linkNeutral__xXpzG">Wolf of Wilderness</a></li><li class="CategoryFlyout-module_groupItem__Iy0FX"><a href="/shop/dogs/canned_dog_food/briantos" data-zta="category-flyout-animal-level4-link" data-link-type="neutral" class="Link-module_link__35Vo1 Link-module_linkPadding__37gME Link-module_linkEllipsis__om-ux Link-module_linkNeutral__xXpzG">Briantos</a></li><li class="CategoryFlyout-module_groupItem__Iy0FX"><a href="/shop/dogs/canned_dog_food/butchers" data-zta="category-flyout-animal-level4-link" data-link-type="neutral" class="Link-module_link__35Vo1 Link-module_linkPadding__37gME Link-module_linkEllipsis__om-ux Link-module_linkNeutral__xXpzG">Butcher's</a></li><li class="CategoryFlyout-module_groupFooter__Z5B1f"><a href="/shop/dogs/canned_dog_food" data-zta="category-flyout-animal-group-footer" data-link-type="primary" class="Link-module_link__35Vo1 Link-module_linkBold__1zYHp Link-module_linkPrimary__yCQng" aria-label="group-footer">View all</a></li></ul><ul class="CategoryFlyout-module_animalPanelGroup__5uS8W" id="header-category-flyout-animal-level3-links-Dog"><li class="CategoryFlyout-module_groupHeader__pGxMZ"><a href="/shop/dogs/dog_treats_chews" data-zta="category-flyout-animal-level3-link" data-link-type="primary" class="Link-module_link__35Vo1 Link-module_linkEllipsis__om-ux Link-module_linkBold__1zYHp Link-module_linkPrimary__yCQng">Dog Treats &amp; Dog Bones</a></li><li class="CategoryFlyout-module_groupHeader__pGxMZ"><a href="/shop/dogs/supplements_specialty_food" data-zta="category-flyout-animal-level3-link" data-link-type="primary" class="Link-module_link__35Vo1 Link-module_linkEllipsis__om-ux Link-module_linkBold__1zYHp Link-module_linkPrimary__yCQng">Dog Supplements &amp; Special Food</a></li><li class="CategoryFlyout-module_groupHeader__pGxMZ"><a href="/shop/dogs/dog_houses_flaps" data-zta="category-flyout-animal-level3-link" data-link-type="primary" class="Link-module_link__35Vo1 Link-module_linkEllipsis__om-ux Link-module_linkBold__1zYHp Link-module_linkPrimary__yCQng">Dog Kennels, Dog Flaps &amp; Gates</a></li><li class="CategoryFlyout-module_groupHeader__pGxMZ"><a href="/shop/dogs/dog_cages_carriers" data-zta="category-flyout-animal-level3-link" data-link-type="primary" class="Link-module_link__35Vo1 Link-module_linkEllipsis__om-ux Link-module_linkBold__1zYHp Link-module_linkPrimary__yCQng">Dog Crates &amp; Dog Travel</a></li><li class="CategoryFlyout-module_groupHeader__pGxMZ"><a href="/shop/dogs/dog_beds_baskets" data-zta="category-flyout-animal-level3-link" data-link-type="primary" class="Link-module_link__35Vo1 Link-module_linkEllipsis__om-ux Link-module_linkBold__1zYHp Link-module_linkPrimary__yCQng">Dog Beds &amp; Baskets</a></li><li class="CategoryFlyout-module_groupHeader__pGxMZ"><a href="/shop/dogs/dog_toys_dog_training" data-zta="category-flyout-animal-level3-link" data-link-type="primary" class="Link-module_link__35Vo1 Link-module_linkEllipsis__om-ux Link-module_linkBold__1zYHp Link-module_linkPrimary__yCQng">Dog Toys, Sports &amp; Training</a></li><li class="CategoryFlyout-module_groupHeader__pGxMZ"><a href="/shop/dogs/dog_grooming_care" data-zta="category-flyout-animal-level3-link" data-link-type="primary" class="Link-module_link__35Vo1 Link-module_linkEllipsis__om-ux Link-module_linkBold__1zYHp Link-module_linkPrimary__yCQng">Dog Grooming &amp; Care</a></li><li class="CategoryFlyout-module_groupHeader__pGxMZ"><a href="/shop/dogs/dog_collars_dog_leads" data-zta="category-flyout-animal-level3-link" data-link-type="primary" class="Link-module_link__35Vo1 Link-module_linkEllipsis__om-ux Link-module_linkBold__1zYHp Link-module_linkPrimary__yCQng">Dog Leads &amp; Dog Collars</a></li><li class="CategoryFlyout-module_groupHeader__pGxMZ"><a href="/shop/dogs/dog_bowls_feeders" data-zta="category-flyout-animal-level3-link" data-link-type="primary" class="Link-module_link__35Vo1 Link-module_linkEllipsis__om-ux Link-module_linkBold__1zYHp Link-module_linkPrimary__yCQng">Dog Bowls &amp; Feeders</a></li><li class="CategoryFlyout-module_groupHeader__pGxMZ"><a href="/shop/dogs/dog_clothing" data-zta="category-flyout-animal-level3-link" data-link-type="primary" class="Link-module_link__35Vo1 Link-module_linkEllipsis__om-ux Link-module_linkBold__1zYHp Link-module_linkPrimary__yCQng">Dog Clothing</a></li><li class="CategoryFlyout-module_groupHeader__pGxMZ"><a href="/shop/dogs/technology" data-zta="category-flyout-animal-level3-link" data-link-type="primary" class="Link-module_link__35Vo1 Link-module_linkEllipsis__om-ux Link-module_linkBold__1zYHp Link-module_linkPrimary__yCQng">Dog Technology</a></li><li class="CategoryFlyout-module_groupHeader__pGxMZ"><a href="/shop/dogs/puppy_products" data-zta="category-flyout-animal-level3-link" data-link-type="primary" class="Link-module_link__35Vo1 Link-module_linkEllipsis__om-ux Link-module_linkBold__1zYHp Link-module_linkPrimary__yCQng">Puppy Products</a></li><li class="CategoryFlyout-module_groupHeader__pGxMZ"><a href="/shop/dogs/dog_breed_shop" data-zta="category-flyout-animal-level3-link" data-link-type="primary" class="Link-module_link__35Vo1 Link-module_linkEllipsis__om-ux Link-module_linkBold__1zYHp Link-module_linkPrimary__yCQng">Dog Breed Shop</a></li></ul><ul class="CategoryFlyout-module_animalPanelGroup__5uS8W" id="header-category-flyout-animal-special-offer-links-Dog"><li class="CategoryFlyout-module_groupHeader__pGxMZ"><a href="/specials/dogs/special_offers/food/34575" data-zta="category-flyout-animal-special-offer-link" data-link-type="offer" class="Link-module_link__35Vo1 Link-module_linkEllipsis__om-ux Link-module_linkBold__1zYHp Link-module_linkOffer__5eMqu">Dog Special Offers</a></li><li class="CategoryFlyout-module_groupHeader__pGxMZ"><a href="/specials/dogs/trial_specials" data-zta="category-flyout-animal-special-offer-link" data-link-type="offer" class="Link-module_link__35Vo1 Link-module_linkEllipsis__om-ux Link-module_linkBold__1zYHp Link-module_linkOffer__5eMqu">Dog Trial Packs</a></li><li class="CategoryFlyout-module_groupHeader__pGxMZ"><a href="/specials/dogs/new_products" data-zta="category-flyout-animal-special-offer-link" data-link-type="offer" class="Link-module_link__35Vo1 Link-module_linkEllipsis__om-ux Link-module_linkBold__1zYHp Link-module_linkOffer__5eMqu">Dog New Products</a></li></ul></div></div></div><div data-zta="LayoutContainerUIC" data-variant="narrow" class="CategoryFlyout-module_flyOut__07b7z z-layout-container z-layout-container--narrow" id="header-category-flyout" style="--header-category-flyout-display-flag:none"><div class="CategoryFlyout-module_flyOutContainer__mUJsx"><div class="CategoryFlyout-module_groupHeader__pGxMZ CategoryFlyout-module_groupHeaderMain__GkvMC"><a href="/shop/cats" data-zta="category-flyout-animal-level2-link" data-link-type="primary" class="Link-module_link__35Vo1 Link-module_linkBold__1zYHp Link-module_linkHeading__wM1bP Link-module_linkPrimary__yCQng">Cat Shop: Cat Supplies &amp; Cat Accessories</a></div><div class="CategoryFlyout-module_animalPanel__TrJ4O"><ul id="header-category-flyout-animal-level4-links-Cat-0-Dry-Cat-Food" class="CategoryFlyout-module_animalPanelGroup__5uS8W"><li class="CategoryFlyout-module_groupHeader__pGxMZ"><a href="/shop/cats/dry_cat_food" data-zta="category-flyout-animal-group-header" data-link-type="primary" class="Link-module_link__35Vo1 Link-module_linkBold__1zYHp Link-module_linkPrimary__yCQng" aria-label="group-header">Dry Cat Food</a></li><li class="CategoryFlyout-module_groupItem__Iy0FX"><a href="/shop/cats/dry_cat_food/applaws" data-zta="category-flyout-animal-level4-link" data-link-type="neutral" class="Link-module_link__35Vo1 Link-module_linkPadding__37gME Link-module_linkEllipsis__om-ux Link-module_linkNeutral__xXpzG">Applaws</a></li><li class="CategoryFlyout-module_groupItem__Iy0FX"><a href="/shop/cats/dry_cat_food/concept_for_life_dry" data-zta="category-flyout-animal-level4-link" data-link-type="neutral" class="Link-module_link__35Vo1 Link-module_linkPadding__37gME Link-module_linkEllipsis__om-ux Link-module_linkNeutral__xXpzG">Concept for Life</a></li><li class="CategoryFlyout-module_groupItem__Iy0FX"><a href="/shop/cats/dry_cat_food/hills_prescription" data-zta="category-flyout-animal-level4-link" data-link-type="neutral" class="Link-module_link__35Vo1 Link-module_linkPadding__37gME Link-module_linkEllipsis__om-ux Link-module_linkNeutral__xXpzG">Hill's Prescription Diet</a></li><li class="CategoryFlyout-module_groupItem__Iy0FX"><a href="/shop/cats/dry_cat_food/hills_feline" data-zta="category-flyout-animal-level4-link" data-link-type="neutral" class="Link-module_link__35Vo1 Link-module_linkPadding__37gME Link-module_linkEllipsis__om-ux Link-module_linkNeutral__xXpzG">Hill's Science Plan</a></li><li class="CategoryFlyout-module_groupItem__Iy0FX"><a href="/shop/cats/dry_cat_food/iams" data-zta="category-flyout-animal-level4-link" data-link-type="neutral" class="Link-module_link__35Vo1 Link-module_linkPadding__37gME Link-module_linkEllipsis__om-ux Link-module_linkNeutral__xXpzG">IAMS</a></li><li class="CategoryFlyout-module_groupItem__Iy0FX"><a href="/shop/cats/dry_cat_food/wellbeloved_catfood" data-zta="category-flyout-animal-level4-link" data-link-type="neutral" class="Link-module_link__35Vo1 Link-module_linkPadding__37gME Link-module_linkEllipsis__om-ux Link-module_linkNeutral__xXpzG">James Wellbeloved</a></li><li class="CategoryFlyout-module_groupItem__Iy0FX"><a href="/shop/cats/dry_cat_food/purina_one" data-zta="category-flyout-animal-level4-link" data-link-type="neutral" class="Link-module_link__35Vo1 Link-module_linkPadding__37gME Link-module_linkEllipsis__om-ux Link-module_linkNeutral__xXpzG">PURINA ONE</a></li><li class="CategoryFlyout-module_groupItem__Iy0FX"><a href="/shop/cats/dry_cat_food/purina_pro_plan" data-zta="category-flyout-animal-level4-link" data-link-type="neutral" class="Link-module_link__35Vo1 Link-module_linkPadding__37gME Link-module_linkEllipsis__om-ux Link-module_linkNeutral__xXpzG">Purina Pro Plan</a></li><li class="CategoryFlyout-module_groupItem__Iy0FX"><a href="/shop/cats/dry_cat_food/purizon_cat" data-zta="category-flyout-animal-level4-link" data-link-type="neutral" class="Link-module_link__35Vo1 Link-module_linkPadding__37gME Link-module_linkEllipsis__om-ux Link-module_linkNeutral__xXpzG">Purizon</a></li><li class="CategoryFlyout-module_groupItem__Iy0FX"><a href="/shop/cats/dry_cat_food/rosies_farm_dry" data-zta="category-flyout-animal-level4-link" data-link-type="neutral" class="Link-module_link__35Vo1 Link-module_linkPadding__37gME Link-module_linkEllipsis__om-ux Link-module_linkNeutral__xXpzG">Rosie's Farm</a></li><li class="CategoryFlyout-module_groupItem__Iy0FX"><a href="/shop/cats/dry_cat_food/royal_canin" data-zta="category-flyout-animal-level4-link" data-link-type="neutral" class="Link-module_link__35Vo1 Link-module_linkPadding__37gME Link-module_linkEllipsis__om-ux Link-module_linkNeutral__xXpzG">Royal Canin Feline</a></li><li class="CategoryFlyout-module_groupItem__Iy0FX"><a href="/shop/cats/dry_cat_food/royal_canin_vet_diet" data-zta="category-flyout-animal-level4-link" data-link-type="neutral" class="Link-module_link__35Vo1 Link-module_linkPadding__37gME Link-module_linkEllipsis__om-ux Link-module_linkNeutral__xXpzG">Royal Canin Veterinary</a></li><li class="CategoryFlyout-module_groupItem__Iy0FX"><a href="/shop/cats/dry_cat_food/sanabelle" data-zta="category-flyout-animal-level4-link" data-link-type="neutral" class="Link-module_link__35Vo1 Link-module_linkPadding__37gME Link-module_linkEllipsis__om-ux Link-module_linkNeutral__xXpzG">Sanabelle</a></li><li class="CategoryFlyout-module_groupItem__Iy0FX"><a href="/shop/cats/dry_cat_food/pan_miesko" data-zta="category-flyout-animal-level4-link" data-link-type="neutral" class="Link-module_link__35Vo1 Link-module_linkPadding__37gME Link-module_linkEllipsis__om-ux Link-module_linkNeutral__xXpzG">Pan Mięsko</a></li><li class="CategoryFlyout-module_groupFooter__Z5B1f"><a href="/shop/cats/dry_cat_food" data-zta="category-flyout-animal-group-footer" data-link-type="primary" class="Link-module_link__35Vo1 Link-module_linkBold__1zYHp Link-module_linkPrimary__yCQng" aria-label="group-footer">View all</a></li></ul><ul id="header-category-flyout-animal-level4-links-Cat-1-Wet-Cat-Food" class="CategoryFlyout-module_animalPanelGroup__5uS8W"><li class="CategoryFlyout-module_groupHeader__pGxMZ"><a href="/shop/cats/canned_cat_food_pouches" data-zta="category-flyout-animal-group-header" data-link-type="primary" class="Link-module_link__35Vo1 Link-module_linkBold__1zYHp Link-module_linkPrimary__yCQng" aria-label="group-header">Wet Cat Food</a></li><li class="CategoryFlyout-module_groupItem__Iy0FX"><a href="/shop/cats/canned_cat_food_pouches/almo_nature" data-zta="category-flyout-animal-level4-link" data-link-type="neutral" class="Link-module_link__35Vo1 Link-module_linkPadding__37gME Link-module_linkEllipsis__om-ux Link-module_linkNeutral__xXpzG">Almo Nature</a></li><li class="CategoryFlyout-module_groupItem__Iy0FX"><a href="/shop/cats/canned_cat_food_pouches/anomonda_carny" data-zta="category-flyout-animal-level4-link" data-link-type="neutral" class="Link-module_link__35Vo1 Link-module_linkPadding__37gME Link-module_linkEllipsis__om-ux Link-module_linkNeutral__xXpzG">animonda Carny</a></li><li class="CategoryFlyout-module_groupItem__Iy0FX"><a href="/shop/cats/canned_cat_food_pouches/applaws" data-zta="category-flyout-animal-level4-link" data-link-type="neutral" class="Link-module_link__35Vo1 Link-module_linkPadding__37gME Link-module_linkEllipsis__om-ux Link-module_linkNeutral__xXpzG">Applaws</a></li><li class="CategoryFlyout-module_groupItem__Iy0FX"><a href="/shop/cats/canned_cat_food_pouches/cosma" data-zta="category-flyout-animal-level4-link" data-link-type="neutral" class="Link-module_link__35Vo1 Link-module_linkPadding__37gME Link-module_linkEllipsis__om-ux Link-module_linkNeutral__xXpzG">Cosma</a></li><li class="CategoryFlyout-module_groupItem__Iy0FX"><a href="/shop/cats/canned_cat_food_pouches/cosma_nature" data-zta="category-flyout-animal-level4-link" data-link-type="neutral" class="Link-module_link__35Vo1 Link-module_linkPadding__37gME Link-module_linkEllipsis__om-ux Link-module_linkNeutral__xXpzG">Cosma Nature</a></li><li class="CategoryFlyout-module_groupItem__Iy0FX"><a href="/shop/cats/canned_cat_food_pouches/felix" data-zta="category-flyout-animal-level4-link" data-link-type="neutral" class="Link-module_link__35Vo1 Link-module_linkPadding__37gME Link-module_linkEllipsis__om-ux Link-module_linkNeutral__xXpzG">Felix</a></li><li class="CategoryFlyout-module_groupItem__Iy0FX"><a href="/shop/cats/canned_cat_food_pouches/gourmet" data-zta="category-flyout-animal-level4-link" data-link-type="neutral" class="Link-module_link__35Vo1 Link-module_linkPadding__37gME Link-module_linkEllipsis__om-ux Link-module_linkNeutral__xXpzG">Gourmet</a></li><li class="CategoryFlyout-module_groupItem__Iy0FX"><a href="/shop/cats/canned_cat_food_pouches/hills_prescription_diet_cat_food" data-zta="category-flyout-animal-level4-link" data-link-type="neutral" class="Link-module_link__35Vo1 Link-module_linkPadding__37gME Link-module_linkEllipsis__om-ux Link-module_linkNeutral__xXpzG">Hill's Prescription Diet</a></li><li class="CategoryFlyout-module_groupItem__Iy0FX"><a href="/shop/cats/canned_cat_food_pouches/royal_canin_wet_cat_food" data-zta="category-flyout-animal-level4-link" data-link-type="neutral" class="Link-module_link__35Vo1 Link-module_linkPadding__37gME Link-module_linkEllipsis__om-ux Link-module_linkNeutral__xXpzG">Royal Canin</a></li><li class="CategoryFlyout-module_groupItem__Iy0FX"><a href="/shop/cats/canned_cat_food_pouches/royal_canin_vet_diet" data-zta="category-flyout-animal-level4-link" data-link-type="neutral" class="Link-module_link__35Vo1 Link-module_linkPadding__37gME Link-module_linkEllipsis__om-ux Link-module_linkNeutral__xXpzG">Royal Canin Veterinary</a></li><li class="CategoryFlyout-module_groupItem__Iy0FX"><a href="/shop/cats/canned_cat_food_pouches/sheba" data-zta="category-flyout-animal-level4-link" data-link-type="neutral" class="Link-module_link__35Vo1 Link-module_linkPadding__37gME Link-module_linkEllipsis__om-ux Link-module_linkNeutral__xXpzG">Sheba</a></li><li class="CategoryFlyout-module_groupItem__Iy0FX"><a href="/shop/cats/canned_cat_food_pouches/whiskas" data-zta="category-flyout-animal-level4-link" data-link-type="neutral" class="Link-module_link__35Vo1 Link-module_linkPadding__37gME Link-module_linkEllipsis__om-ux Link-module_linkNeutral__xXpzG">Whiskas</a></li><li class="CategoryFlyout-module_groupItem__Iy0FX"><a href="/shop/cats/canned_cat_food_pouches/brekkies" data-zta="category-flyout-animal-level4-link" data-link-type="neutral" class="Link-module_link__35Vo1 Link-module_linkPadding__37gME Link-module_linkEllipsis__om-ux Link-module_linkNeutral__xXpzG">Brekkies</a></li><li class="CategoryFlyout-module_groupFooter__Z5B1f"><a href="/shop/cats/canned_cat_food_pouches" data-zta="category-flyout-animal-group-footer" data-link-type="primary" class="Link-module_link__35Vo1 Link-module_linkBold__1zYHp Link-module_linkPrimary__yCQng" aria-label="group-footer">View all</a></li></ul><ul class="CategoryFlyout-module_animalPanelGroup__5uS8W" id="header-category-flyout-animal-level3-links-Cat"><li class="CategoryFlyout-module_groupHeader__pGxMZ"><a href="/shop/cats/cat_litter" data-zta="category-flyout-animal-level3-link" data-link-type="primary" class="Link-module_link__35Vo1 Link-module_linkEllipsis__om-ux Link-module_linkBold__1zYHp Link-module_linkPrimary__yCQng">Cat Litter</a></li><li class="CategoryFlyout-module_groupHeader__pGxMZ"><a href="/shop/cats/cat_litter_litter_boxes" data-zta="category-flyout-animal-level3-link" data-link-type="primary" class="Link-module_link__35Vo1 Link-module_linkEllipsis__om-ux Link-module_linkBold__1zYHp Link-module_linkPrimary__yCQng">Cat Litter Boxes &amp; Litter Trays</a></li><li class="CategoryFlyout-module_groupHeader__pGxMZ"><a href="/shop/cats/scratching_posts" data-zta="category-flyout-animal-level3-link" data-link-type="primary" class="Link-module_link__35Vo1 Link-module_linkEllipsis__om-ux Link-module_linkBold__1zYHp Link-module_linkPrimary__yCQng">Cat Trees &amp; Cat Scratching Posts</a></li><li class="CategoryFlyout-module_groupHeader__pGxMZ"><a href="/shop/cats/cat_beds_baskets" data-zta="category-flyout-animal-level3-link" data-link-type="primary" class="Link-module_link__35Vo1 Link-module_linkEllipsis__om-ux Link-module_linkBold__1zYHp Link-module_linkPrimary__yCQng">Cat Baskets &amp; Beds</a></li><li class="CategoryFlyout-module_groupHeader__pGxMZ"><a href="/shop/cats/cat_toys" data-zta="category-flyout-animal-level3-link" data-link-type="primary" class="Link-module_link__35Vo1 Link-module_linkEllipsis__om-ux Link-module_linkBold__1zYHp Link-module_linkPrimary__yCQng">Cat Toys</a></li><li class="CategoryFlyout-module_groupHeader__pGxMZ"><a href="/shop/cats/cat_bowls_feeders" data-zta="category-flyout-animal-level3-link" data-link-type="primary" class="Link-module_link__35Vo1 Link-module_linkEllipsis__om-ux Link-module_linkBold__1zYHp Link-module_linkPrimary__yCQng">Cat Bowls &amp; Fountains</a></li><li class="CategoryFlyout-module_groupHeader__pGxMZ"><a href="/shop/cats/cat_flaps_nets" data-zta="category-flyout-animal-level3-link" data-link-type="primary" class="Link-module_link__35Vo1 Link-module_linkEllipsis__om-ux Link-module_linkBold__1zYHp Link-module_linkPrimary__yCQng">Cat Flaps &amp; Nets</a></li><li class="CategoryFlyout-module_groupHeader__pGxMZ"><a href="/shop/cats/cat_treats_catnip" data-zta="category-flyout-animal-level3-link" data-link-type="primary" class="Link-module_link__35Vo1 Link-module_linkEllipsis__om-ux Link-module_linkBold__1zYHp Link-module_linkPrimary__yCQng">Cat Treats &amp; Snacks</a></li><li class="CategoryFlyout-module_groupHeader__pGxMZ"><a href="/shop/cats/cat_care_grooming" data-zta="category-flyout-animal-level3-link" data-link-type="primary" class="Link-module_link__35Vo1 Link-module_linkEllipsis__om-ux Link-module_linkBold__1zYHp Link-module_linkPrimary__yCQng">Cat Care &amp; Grooming</a></li><li class="CategoryFlyout-module_groupHeader__pGxMZ"><a href="/shop/cats/supplements_specialty_cat_food" data-zta="category-flyout-animal-level3-link" data-link-type="primary" class="Link-module_link__35Vo1 Link-module_linkEllipsis__om-ux Link-module_linkBold__1zYHp Link-module_linkPrimary__yCQng">Cat Supplements &amp; Specialty Food</a></li><li class="CategoryFlyout-module_groupHeader__pGxMZ"><a href="/shop/cats/cat_carriers_travel" data-zta="category-flyout-animal-level3-link" data-link-type="primary" class="Link-module_link__35Vo1 Link-module_linkEllipsis__om-ux Link-module_linkBold__1zYHp Link-module_linkPrimary__yCQng">Cat Carriers &amp; Transport</a></li><li class="CategoryFlyout-module_groupHeader__pGxMZ"><a href="/shop/cats/kitten_products" data-zta="category-flyout-animal-level3-link" data-link-type="primary" class="Link-module_link__35Vo1 Link-module_linkEllipsis__om-ux Link-module_linkBold__1zYHp Link-module_linkPrimary__yCQng">Kitten Products</a></li></ul><ul class="CategoryFlyout-module_animalPanelGroup__5uS8W" id="header-category-flyout-animal-special-offer-links-Cat"><li class="CategoryFlyout-module_groupHeader__pGxMZ"><a href="/specials/cats/special_offers/food/34878" data-zta="category-flyout-animal-special-offer-link" data-link-type="offer" class="Link-module_link__35Vo1 Link-module_linkEllipsis__om-ux Link-module_linkBold__1zYHp Link-module_linkOffer__5eMqu">Cat Special Offers</a></li><li class="CategoryFlyout-module_groupHeader__pGxMZ"><a href="/specials/cats/trial_specials" data-zta="category-flyout-animal-special-offer-link" data-link-type="offer" class="Link-module_link__35Vo1 Link-module_linkEllipsis__om-ux Link-module_linkBold__1zYHp Link-module_linkOffer__5eMqu">Cat Trial Packs</a></li><li class="CategoryFlyout-module_groupHeader__pGxMZ"><a href="/specials/cats/new_products" data-zta="category-flyout-animal-special-offer-link" data-link-type="offer" class="Link-module_link__35Vo1 Link-module_linkEllipsis__om-ux Link-module_linkBold__1zYHp Link-module_linkOffer__5eMqu">Cat New Products</a></li></ul></div></div></div><div data-zta="LayoutContainerUIC" data-variant="narrow" class="CategoryFlyout-module_flyOut__07b7z z-layout-container z-layout-container--narrow" id="header-category-flyout" style="--header-category-flyout-display-flag:none"><div class="CategoryFlyout-module_flyOutContainer__mUJsx"><div class="CategoryFlyout-module_groupHeader__pGxMZ CategoryFlyout-module_groupHeaderMain__GkvMC"><a href="/shop/rodents" data-zta="category-flyout-animal-level2-link" data-link-type="primary" class="Link-module_link__35Vo1 Link-module_linkBold__1zYHp Link-module_linkHeading__wM1bP Link-module_linkPrimary__yCQng">Small Pets Supplies &amp; Accessories</a></div><div class="CategoryFlyout-module_animalPanel__TrJ4O"><ul id="header-category-flyout-animal-level4-links-Small-Pet-0-Small-Pet-Cages" class="CategoryFlyout-module_animalPanelGroup__5uS8W"><li class="CategoryFlyout-module_groupHeader__pGxMZ"><a href="/shop/rodents/cages" data-zta="category-flyout-animal-group-header" data-link-type="primary" class="Link-module_link__35Vo1 Link-module_linkBold__1zYHp Link-module_linkPrimary__yCQng" aria-label="group-header">Small Pet Cages</a></li><li class="CategoryFlyout-module_groupItem__Iy0FX"><a href="/shop/rodents/cages/rabbit_cage" data-zta="category-flyout-animal-level4-link" data-link-type="neutral" class="Link-module_link__35Vo1 Link-module_linkPadding__37gME Link-module_linkEllipsis__om-ux Link-module_linkNeutral__xXpzG">Rabbit Cages</a></li><li class="CategoryFlyout-module_groupItem__Iy0FX"><a href="/shop/rodents/cages/hamster_mouse_cages" data-zta="category-flyout-animal-level4-link" data-link-type="neutral" class="Link-module_link__35Vo1 Link-module_linkPadding__37gME Link-module_linkEllipsis__om-ux Link-module_linkNeutral__xXpzG">Hamster Cages</a></li><li class="CategoryFlyout-module_groupItem__Iy0FX"><a href="/shop/rodents/cages/guinea_pig_cages" data-zta="category-flyout-animal-level4-link" data-link-type="neutral" class="Link-module_link__35Vo1 Link-module_linkPadding__37gME Link-module_linkEllipsis__om-ux Link-module_linkNeutral__xXpzG">Guinea Pig Cages</a></li><li class="CategoryFlyout-module_groupItem__Iy0FX"><a href="/shop/rodents/cages/rat_cage" data-zta="category-flyout-animal-level4-link" data-link-type="neutral" class="Link-module_link__35Vo1 Link-module_linkPadding__37gME Link-module_linkEllipsis__om-ux Link-module_linkNeutral__xXpzG">Rat Cages</a></li><li class="CategoryFlyout-module_groupItem__Iy0FX"><a href="/shop/rodents/cages/chinchilla_cages" data-zta="category-flyout-animal-level4-link" data-link-type="neutral" class="Link-module_link__35Vo1 Link-module_linkPadding__37gME Link-module_linkEllipsis__om-ux Link-module_linkNeutral__xXpzG">Chinchilla Cages</a></li><li class="CategoryFlyout-module_groupItem__Iy0FX"><a href="/shop/rodents/cages/mouse_cages" data-zta="category-flyout-animal-level4-link" data-link-type="neutral" class="Link-module_link__35Vo1 Link-module_linkPadding__37gME Link-module_linkEllipsis__om-ux Link-module_linkNeutral__xXpzG">Mouse Cages</a></li><li class="CategoryFlyout-module_groupItem__Iy0FX"><a href="/shop/rodents/cages/ferret_cage" data-zta="category-flyout-animal-level4-link" data-link-type="neutral" class="Link-module_link__35Vo1 Link-module_linkPadding__37gME Link-module_linkEllipsis__om-ux Link-module_linkNeutral__xXpzG">Ferret Cages</a></li><li class="CategoryFlyout-module_groupItem__Iy0FX"><a href="/shop/rodents/cages/transport_cages" data-zta="category-flyout-animal-level4-link" data-link-type="neutral" class="Link-module_link__35Vo1 Link-module_linkPadding__37gME Link-module_linkEllipsis__om-ux Link-module_linkNeutral__xXpzG">Transport Cages</a></li><li class="CategoryFlyout-module_groupFooter__Z5B1f"><a href="/shop/rodents/cages" data-zta="category-flyout-animal-group-footer" data-link-type="primary" class="Link-module_link__35Vo1 Link-module_linkBold__1zYHp Link-module_linkPrimary__yCQng" aria-label="group-footer">View all</a></li></ul><ul id="header-category-flyout-animal-level4-links-Small-Pet-1-Rabbit-&amp;-Guinea-Pig-Hutches" class="CategoryFlyout-module_animalPanelGroup__5uS8W"><li class="CategoryFlyout-module_groupHeader__pGxMZ"><a href="/shop/rodents/rabbit_guineapig_hutches" data-zta="category-flyout-animal-group-header" data-link-type="primary" class="Link-module_link__35Vo1 Link-module_linkBold__1zYHp Link-module_linkPrimary__yCQng" aria-label="group-header">Rabbit &amp; Guinea Pig Hutches</a></li><li class="CategoryFlyout-module_groupItem__Iy0FX"><a href="/shop/rodents/rabbit_guineapig_hutches/customer_favourites" data-zta="category-flyout-animal-level4-link" data-link-type="neutral" class="Link-module_link__35Vo1 Link-module_linkPadding__37gME Link-module_linkEllipsis__om-ux Link-module_linkNeutral__xXpzG">★ Customer Favourites</a></li><li class="CategoryFlyout-module_groupItem__Iy0FX"><a href="/shop/rodents/rabbit_guineapig_hutches/with_runs" data-zta="category-flyout-animal-level4-link" data-link-type="neutral" class="Link-module_link__35Vo1 Link-module_linkPadding__37gME Link-module_linkEllipsis__om-ux Link-module_linkNeutral__xXpzG">Hutches with Runs</a></li><li class="CategoryFlyout-module_groupItem__Iy0FX"><a href="/shop/rodents/rabbit_guineapig_hutches/single_storey_hutch" data-zta="category-flyout-animal-level4-link" data-link-type="neutral" class="Link-module_link__35Vo1 Link-module_linkPadding__37gME Link-module_linkEllipsis__om-ux Link-module_linkNeutral__xXpzG">Single Storey Hutches</a></li><li class="CategoryFlyout-module_groupItem__Iy0FX"><a href="/shop/rodents/rabbit_guineapig_hutches/double_storey_hutches" data-zta="category-flyout-animal-level4-link" data-link-type="neutral" class="Link-module_link__35Vo1 Link-module_linkPadding__37gME Link-module_linkEllipsis__om-ux Link-module_linkNeutral__xXpzG">Double Storey Hutches</a></li><li class="CategoryFlyout-module_groupFooter__Z5B1f"><a href="/shop/rodents/rabbit_guineapig_hutches" data-zta="category-flyout-animal-group-footer" data-link-type="primary" class="Link-module_link__35Vo1 Link-module_linkBold__1zYHp Link-module_linkPrimary__yCQng" aria-label="group-footer">View all</a></li></ul><ul class="CategoryFlyout-module_animalPanelGroup__5uS8W" id="header-category-flyout-animal-level3-links-Small-Pet"><li class="CategoryFlyout-module_groupHeader__pGxMZ"><a href="/shop/rodents/runs_fencing" data-zta="category-flyout-animal-level3-link" data-link-type="primary" class="Link-module_link__35Vo1 Link-module_linkEllipsis__om-ux Link-module_linkBold__1zYHp Link-module_linkPrimary__yCQng">Runs &amp; Fencing</a></li><li class="CategoryFlyout-module_groupHeader__pGxMZ"><a href="/shop/rodents/food" data-zta="category-flyout-animal-level3-link" data-link-type="primary" class="Link-module_link__35Vo1 Link-module_linkEllipsis__om-ux Link-module_linkBold__1zYHp Link-module_linkPrimary__yCQng">Small Pet Food</a></li><li class="CategoryFlyout-module_groupHeader__pGxMZ"><a href="/shop/rodents/accessories" data-zta="category-flyout-animal-level3-link" data-link-type="primary" class="Link-module_link__35Vo1 Link-module_linkEllipsis__om-ux Link-module_linkBold__1zYHp Link-module_linkPrimary__yCQng">Cage Accessories</a></li><li class="CategoryFlyout-module_groupHeader__pGxMZ"><a href="/shop/rodents/snacks_supplements" data-zta="category-flyout-animal-level3-link" data-link-type="primary" class="Link-module_link__35Vo1 Link-module_linkEllipsis__om-ux Link-module_linkBold__1zYHp Link-module_linkPrimary__yCQng">Snacks &amp; Supplements</a></li><li class="CategoryFlyout-module_groupHeader__pGxMZ"><a href="/shop/rodents/hay_straw_bedding" data-zta="category-flyout-animal-level3-link" data-link-type="primary" class="Link-module_link__35Vo1 Link-module_linkEllipsis__om-ux Link-module_linkBold__1zYHp Link-module_linkPrimary__yCQng">Hay &amp; Straw</a></li><li class="CategoryFlyout-module_groupHeader__pGxMZ"><a href="/shop/rodents/care_grooming" data-zta="category-flyout-animal-level3-link" data-link-type="primary" class="Link-module_link__35Vo1 Link-module_linkEllipsis__om-ux Link-module_linkBold__1zYHp Link-module_linkPrimary__yCQng">Care &amp; Grooming</a></li><li class="CategoryFlyout-module_groupHeader__pGxMZ"><a href="/shop/rodents/toys_transport" data-zta="category-flyout-animal-level3-link" data-link-type="primary" class="Link-module_link__35Vo1 Link-module_linkEllipsis__om-ux Link-module_linkBold__1zYHp Link-module_linkPrimary__yCQng">Toys &amp; Travel</a></li><li class="CategoryFlyout-module_groupHeader__pGxMZ"><a href="/shop/rodents/rabbits" data-zta="category-flyout-animal-level3-link" data-link-type="primary" class="Link-module_link__35Vo1 Link-module_linkEllipsis__om-ux Link-module_linkBold__1zYHp Link-module_linkPrimary__yCQng">Rabbit</a></li><li class="CategoryFlyout-module_groupHeader__pGxMZ"><a href="/shop/rodents/guinea_pig" data-zta="category-flyout-animal-level3-link" data-link-type="primary" class="Link-module_link__35Vo1 Link-module_linkEllipsis__om-ux Link-module_linkBold__1zYHp Link-module_linkPrimary__yCQng">Guinea Pig</a></li><li class="CategoryFlyout-module_groupHeader__pGxMZ"><a href="/shop/rodents/hamster" data-zta="category-flyout-animal-level3-link" data-link-type="primary" class="Link-module_link__35Vo1 Link-module_linkEllipsis__om-ux Link-module_linkBold__1zYHp Link-module_linkPrimary__yCQng">Hamster</a></li><li class="CategoryFlyout-module_groupHeader__pGxMZ"><a href="/shop/rodents/rat" data-zta="category-flyout-animal-level3-link" data-link-type="primary" class="Link-module_link__35Vo1 Link-module_linkEllipsis__om-ux Link-module_linkBold__1zYHp Link-module_linkPrimary__yCQng">Rat</a></li><li class="CategoryFlyout-module_groupHeader__pGxMZ"><a href="/shop/rodents/mouse" data-zta="category-flyout-animal-level3-link" data-link-type="primary" class="Link-module_link__35Vo1 Link-module_linkEllipsis__om-ux Link-module_linkBold__1zYHp Link-module_linkPrimary__yCQng">Mouse</a></li><li class="CategoryFlyout-module_groupHeader__pGxMZ"><a href="/shop/rodents/chinchilla" data-zta="category-flyout-animal-level3-link" data-link-type="primary" class="Link-module_link__35Vo1 Link-module_linkEllipsis__om-ux Link-module_linkBold__1zYHp Link-module_linkPrimary__yCQng">Chinchilla</a></li><li class="CategoryFlyout-module_groupHeader__pGxMZ"><a href="/shop/rodents/gerbil" data-zta="category-flyout-animal-level3-link" data-link-type="primary" class="Link-module_link__35Vo1 Link-module_linkEllipsis__om-ux Link-module_linkBold__1zYHp Link-module_linkPrimary__yCQng">Gerbil</a></li><li class="CategoryFlyout-module_groupHeader__pGxMZ"><a href="/shop/rodents/degu" data-zta="category-flyout-animal-level3-link" data-link-type="primary" class="Link-module_link__35Vo1 Link-module_linkEllipsis__om-ux Link-module_linkBold__1zYHp Link-module_linkPrimary__yCQng">Degu</a></li><li class="CategoryFlyout-module_groupHeader__pGxMZ"><a href="/shop/rodents/ferret" data-zta="category-flyout-animal-level3-link" data-link-type="primary" class="Link-module_link__35Vo1 Link-module_linkEllipsis__om-ux Link-module_linkBold__1zYHp Link-module_linkPrimary__yCQng">Ferret</a></li></ul><ul class="CategoryFlyout-module_animalPanelGroup__5uS8W" id="header-category-flyout-animal-special-offer-links-Small-Pet"><li class="CategoryFlyout-module_groupHeader__pGxMZ"><a href="/specials/rodents/special_offers/cages_and_pens/34886" data-zta="category-flyout-animal-special-offer-link" data-link-type="offer" class="Link-module_link__35Vo1 Link-module_linkEllipsis__om-ux Link-module_linkBold__1zYHp Link-module_linkOffer__5eMqu">Small Pet Special Offers</a></li><li class="CategoryFlyout-module_groupHeader__pGxMZ"><a href="/specials/rodents/new_products" data-zta="category-flyout-animal-special-offer-link" data-link-type="offer" class="Link-module_link__35Vo1 Link-module_linkEllipsis__om-ux Link-module_linkBold__1zYHp Link-module_linkOffer__5eMqu">Small Pet New Products</a></li></ul></div></div></div><div data-zta="LayoutContainerUIC" data-variant="narrow" class="CategoryFlyout-module_flyOut__07b7z z-layout-container z-layout-container--narrow" id="header-category-flyout" style="--header-category-flyout-display-flag:none"><div class="CategoryFlyout-module_flyOutContainer__mUJsx"><div class="CategoryFlyout-module_groupHeader__pGxMZ CategoryFlyout-module_groupHeaderMain__GkvMC"><a href="/shop/birds" data-zta="category-flyout-animal-level2-link" data-link-type="primary" class="Link-module_link__35Vo1 Link-module_linkBold__1zYHp Link-module_linkHeading__wM1bP Link-module_linkPrimary__yCQng">Bird Supplies &amp; Accessories</a></div><div class="CategoryFlyout-module_animalPanel__TrJ4O"><ul id="header-category-flyout-animal-level4-links-Bird-0-Bird-Food" class="CategoryFlyout-module_animalPanelGroup__5uS8W"><li class="CategoryFlyout-module_groupHeader__pGxMZ"><a href="/shop/birds/bird_food" data-zta="category-flyout-animal-group-header" data-link-type="primary" class="Link-module_link__35Vo1 Link-module_linkBold__1zYHp Link-module_linkPrimary__yCQng" aria-label="group-header">Bird Food</a></li><li class="CategoryFlyout-module_groupItem__Iy0FX"><a href="/shop/birds/bird_food/parrot" data-zta="category-flyout-animal-level4-link" data-link-type="neutral" class="Link-module_link__35Vo1 Link-module_linkPadding__37gME Link-module_linkEllipsis__om-ux Link-module_linkNeutral__xXpzG">Parrot Food</a></li><li class="CategoryFlyout-module_groupItem__Iy0FX"><a href="/shop/birds/bird_food/large_parakeet" data-zta="category-flyout-animal-level4-link" data-link-type="neutral" class="Link-module_link__35Vo1 Link-module_linkPadding__37gME Link-module_linkEllipsis__om-ux Link-module_linkNeutral__xXpzG">Large Parakeet &amp; Cockatiel</a></li><li class="CategoryFlyout-module_groupItem__Iy0FX"><a href="/shop/birds/bird_food/parakeet" data-zta="category-flyout-animal-level4-link" data-link-type="neutral" class="Link-module_link__35Vo1 Link-module_linkPadding__37gME Link-module_linkEllipsis__om-ux Link-module_linkNeutral__xXpzG">Budgie Food</a></li><li class="CategoryFlyout-module_groupItem__Iy0FX"><a href="/shop/birds/bird_food/canary_food" data-zta="category-flyout-animal-level4-link" data-link-type="neutral" class="Link-module_link__35Vo1 Link-module_linkPadding__37gME Link-module_linkEllipsis__om-ux Link-module_linkNeutral__xXpzG">Canary Food</a></li><li class="CategoryFlyout-module_groupFooter__Z5B1f"><a href="/shop/birds/bird_food" data-zta="category-flyout-animal-group-footer" data-link-type="primary" class="Link-module_link__35Vo1 Link-module_linkBold__1zYHp Link-module_linkPrimary__yCQng" aria-label="group-footer">View all</a></li></ul><ul id="header-category-flyout-animal-level4-links-Bird-1-Bird-Cages" class="CategoryFlyout-module_animalPanelGroup__5uS8W"><li class="CategoryFlyout-module_groupHeader__pGxMZ"><a href="/shop/birds/bird_cages_and_accessories" data-zta="category-flyout-animal-group-header" data-link-type="primary" class="Link-module_link__35Vo1 Link-module_linkBold__1zYHp Link-module_linkPrimary__yCQng" aria-label="group-header">Bird Cages</a></li><li class="CategoryFlyout-module_groupItem__Iy0FX"><a href="/shop/birds/bird_cages_and_accessories/parakeet_cages" data-zta="category-flyout-animal-level4-link" data-link-type="neutral" class="Link-module_link__35Vo1 Link-module_linkPadding__37gME Link-module_linkEllipsis__om-ux Link-module_linkNeutral__xXpzG">Budgerigar Cages</a></li><li class="CategoryFlyout-module_groupItem__Iy0FX"><a href="/shop/birds/bird_cages_and_accessories/large_parakeet_cages" data-zta="category-flyout-animal-level4-link" data-link-type="neutral" class="Link-module_link__35Vo1 Link-module_linkPadding__37gME Link-module_linkEllipsis__om-ux Link-module_linkNeutral__xXpzG">Large Parakeet Cages</a></li><li class="CategoryFlyout-module_groupItem__Iy0FX"><a href="/shop/birds/bird_cages_and_accessories/canary_cages" data-zta="category-flyout-animal-level4-link" data-link-type="neutral" class="Link-module_link__35Vo1 Link-module_linkPadding__37gME Link-module_linkEllipsis__om-ux Link-module_linkNeutral__xXpzG">Canary Cages</a></li><li class="CategoryFlyout-module_groupItem__Iy0FX"><a href="/shop/birds/bird_cages_and_accessories/parrot_cages" data-zta="category-flyout-animal-level4-link" data-link-type="neutral" class="Link-module_link__35Vo1 Link-module_linkPadding__37gME Link-module_linkEllipsis__om-ux Link-module_linkNeutral__xXpzG">Parrot Cages</a></li><li class="CategoryFlyout-module_groupItem__Iy0FX"><a href="/shop/birds/bird_cages_and_accessories/aviaries" data-zta="category-flyout-animal-level4-link" data-link-type="neutral" class="Link-module_link__35Vo1 Link-module_linkPadding__37gME Link-module_linkEllipsis__om-ux Link-module_linkNeutral__xXpzG">Aviaries</a></li><li class="CategoryFlyout-module_groupItem__Iy0FX"><a href="/shop/birds/bird_cages_and_accessories/transportation_and_safety" data-zta="category-flyout-animal-level4-link" data-link-type="neutral" class="Link-module_link__35Vo1 Link-module_linkPadding__37gME Link-module_linkEllipsis__om-ux Link-module_linkNeutral__xXpzG">Transport Cages</a></li><li class="CategoryFlyout-module_groupFooter__Z5B1f"><a href="/shop/birds/bird_cages_and_accessories" data-zta="category-flyout-animal-group-footer" data-link-type="primary" class="Link-module_link__35Vo1 Link-module_linkBold__1zYHp Link-module_linkPrimary__yCQng" aria-label="group-footer">View all</a></li></ul><ul class="CategoryFlyout-module_animalPanelGroup__5uS8W" id="header-category-flyout-animal-level3-links-Bird"><li class="CategoryFlyout-module_groupHeader__pGxMZ"><a href="/shop/birds/cage_accessories" data-zta="category-flyout-animal-level3-link" data-link-type="primary" class="Link-module_link__35Vo1 Link-module_linkEllipsis__om-ux Link-module_linkBold__1zYHp Link-module_linkPrimary__yCQng">Bird Cage Accessories</a></li><li class="CategoryFlyout-module_groupHeader__pGxMZ"><a href="/shop/birds/snacks_and_supplements" data-zta="category-flyout-animal-level3-link" data-link-type="primary" class="Link-module_link__35Vo1 Link-module_linkEllipsis__om-ux Link-module_linkBold__1zYHp Link-module_linkPrimary__yCQng">Bird Snacks &amp; Crackers</a></li><li class="CategoryFlyout-module_groupHeader__pGxMZ"><a href="/shop/birds/toys" data-zta="category-flyout-animal-level3-link" data-link-type="primary" class="Link-module_link__35Vo1 Link-module_linkEllipsis__om-ux Link-module_linkBold__1zYHp Link-module_linkPrimary__yCQng">Bird Toys</a></li><li class="CategoryFlyout-module_groupHeader__pGxMZ"><a href="/shop/birds/supplements" data-zta="category-flyout-animal-level3-link" data-link-type="primary" class="Link-module_link__35Vo1 Link-module_linkEllipsis__om-ux Link-module_linkBold__1zYHp Link-module_linkPrimary__yCQng">Bird Food Supplements</a></li><li class="CategoryFlyout-module_groupHeader__pGxMZ"><a href="/shop/birds/bedding_and_litter" data-zta="category-flyout-animal-level3-link" data-link-type="primary" class="Link-module_link__35Vo1 Link-module_linkEllipsis__om-ux Link-module_linkBold__1zYHp Link-module_linkPrimary__yCQng">Bird Cage Bedding &amp; Litter</a></li><li class="CategoryFlyout-module_groupHeader__pGxMZ"><a href="/shop/birds/wild_birds" data-zta="category-flyout-animal-level3-link" data-link-type="primary" class="Link-module_link__35Vo1 Link-module_linkEllipsis__om-ux Link-module_linkBold__1zYHp Link-module_linkPrimary__yCQng">Wild Birds</a></li></ul><ul class="CategoryFlyout-module_animalPanelGroup__5uS8W" id="header-category-flyout-animal-special-offer-links-Bird"><li class="CategoryFlyout-module_groupHeader__pGxMZ"><a href="/specials/birds/special_offers/cages/34900" data-zta="category-flyout-animal-special-offer-link" data-link-type="offer" class="Link-module_link__35Vo1 Link-module_linkEllipsis__om-ux Link-module_linkBold__1zYHp Link-module_linkOffer__5eMqu">Bird Special Offers</a></li><li class="CategoryFlyout-module_groupHeader__pGxMZ"><a href="/specials/birds/new_products" data-zta="category-flyout-animal-special-offer-link" data-link-type="offer" class="Link-module_link__35Vo1 Link-module_linkEllipsis__om-ux Link-module_linkBold__1zYHp Link-module_linkOffer__5eMqu">Bird New Products</a></li></ul></div></div></div><div data-zta="LayoutContainerUIC" data-variant="narrow" class="CategoryFlyout-module_flyOut__07b7z z-layout-container z-layout-container--narrow" id="header-category-flyout" style="--header-category-flyout-display-flag:none"><div class="CategoryFlyout-module_flyOutContainer__mUJsx"><div class="CategoryFlyout-module_groupHeader__pGxMZ CategoryFlyout-module_groupHeaderMain__GkvMC"><a href="/shop/fish" data-zta="category-flyout-animal-level2-link" data-link-type="primary" class="Link-module_link__35Vo1 Link-module_linkBold__1zYHp Link-module_linkHeading__wM1bP Link-module_linkPrimary__yCQng">Aquarium and Pond Supplies</a></div><div class="CategoryFlyout-module_animalPanel__TrJ4O"><ul id="header-category-flyout-animal-level4-links-Aquatic-0-Fish-Food" class="CategoryFlyout-module_animalPanelGroup__5uS8W"><li class="CategoryFlyout-module_groupHeader__pGxMZ"><a href="/shop/fish/food" data-zta="category-flyout-animal-group-header" data-link-type="primary" class="Link-module_link__35Vo1 Link-module_linkBold__1zYHp Link-module_linkPrimary__yCQng" aria-label="group-header">Fish Food</a></li><li class="CategoryFlyout-module_groupItem__Iy0FX"><a href="/shop/fish/food/fish_flakes" data-zta="category-flyout-animal-level4-link" data-link-type="neutral" class="Link-module_link__35Vo1 Link-module_linkPadding__37gME Link-module_linkEllipsis__om-ux Link-module_linkNeutral__xXpzG">Fish Flakes</a></li><li class="CategoryFlyout-module_groupItem__Iy0FX"><a href="/shop/fish/food/food_tabs" data-zta="category-flyout-animal-level4-link" data-link-type="neutral" class="Link-module_link__35Vo1 Link-module_linkPadding__37gME Link-module_linkEllipsis__om-ux Link-module_linkNeutral__xXpzG">Food Tabs</a></li><li class="CategoryFlyout-module_groupItem__Iy0FX"><a href="/shop/fish/food/granules_pellets_and_sticks" data-zta="category-flyout-animal-level4-link" data-link-type="neutral" class="Link-module_link__35Vo1 Link-module_linkPadding__37gME Link-module_linkEllipsis__om-ux Link-module_linkNeutral__xXpzG">Granules/Pellets/Sticks</a></li><li class="CategoryFlyout-module_groupItem__Iy0FX"><a href="/shop/fish/food/specialty_food" data-zta="category-flyout-animal-level4-link" data-link-type="neutral" class="Link-module_link__35Vo1 Link-module_linkPadding__37gME Link-module_linkEllipsis__om-ux Link-module_linkNeutral__xXpzG">Specialty Foods</a></li><li class="CategoryFlyout-module_groupItem__Iy0FX"><a href="/shop/fish/food/holiday_food" data-zta="category-flyout-animal-level4-link" data-link-type="neutral" class="Link-module_link__35Vo1 Link-module_linkPadding__37gME Link-module_linkEllipsis__om-ux Link-module_linkNeutral__xXpzG">Holiday Food</a></li><li class="CategoryFlyout-module_groupItem__Iy0FX"><a href="/shop/fish/food/crustacean_food" data-zta="category-flyout-animal-level4-link" data-link-type="neutral" class="Link-module_link__35Vo1 Link-module_linkPadding__37gME Link-module_linkEllipsis__om-ux Link-module_linkNeutral__xXpzG">Crustaceans</a></li><li class="CategoryFlyout-module_groupItem__Iy0FX"><a href="/shop/fish/food/bottom_feeders" data-zta="category-flyout-animal-level4-link" data-link-type="neutral" class="Link-module_link__35Vo1 Link-module_linkPadding__37gME Link-module_linkEllipsis__om-ux Link-module_linkNeutral__xXpzG">Bottom Feeders</a></li><li class="CategoryFlyout-module_groupItem__Iy0FX"><a href="/shop/fish/food/discus_chichlids" data-zta="category-flyout-animal-level4-link" data-link-type="neutral" class="Link-module_link__35Vo1 Link-module_linkPadding__37gME Link-module_linkEllipsis__om-ux Link-module_linkNeutral__xXpzG">Discus &amp; Cichlids</a></li><li class="CategoryFlyout-module_groupItem__Iy0FX"><a href="/shop/fish/food/tortoise_turtle_food" data-zta="category-flyout-animal-level4-link" data-link-type="neutral" class="Link-module_link__35Vo1 Link-module_linkPadding__37gME Link-module_linkEllipsis__om-ux Link-module_linkNeutral__xXpzG">Turtle &amp; Tortoise Food</a></li><li class="CategoryFlyout-module_groupItem__Iy0FX"><a href="/shop/fish/food/medication_and_vitamins" data-zta="category-flyout-animal-level4-link" data-link-type="neutral" class="Link-module_link__35Vo1 Link-module_linkPadding__37gME Link-module_linkEllipsis__om-ux Link-module_linkNeutral__xXpzG">Medication / Vitamins</a></li><li class="CategoryFlyout-module_groupFooter__Z5B1f"><a href="/shop/fish/food" data-zta="category-flyout-animal-group-footer" data-link-type="primary" class="Link-module_link__35Vo1 Link-module_linkBold__1zYHp Link-module_linkPrimary__yCQng" aria-label="group-footer">View all</a></li></ul><ul id="header-category-flyout-animal-level4-links-Aquatic-1-Water-Care" class="CategoryFlyout-module_animalPanelGroup__5uS8W"><li class="CategoryFlyout-module_groupHeader__pGxMZ"><a href="/shop/fish/water_and_plant_care" data-zta="category-flyout-animal-group-header" data-link-type="primary" class="Link-module_link__35Vo1 Link-module_linkBold__1zYHp Link-module_linkPrimary__yCQng" aria-label="group-header">Water Care</a></li><li class="CategoryFlyout-module_groupItem__Iy0FX"><a href="/shop/fish/water_and_plant_care/water_conditioner" data-zta="category-flyout-animal-level4-link" data-link-type="neutral" class="Link-module_link__35Vo1 Link-module_linkPadding__37gME Link-module_linkEllipsis__om-ux Link-module_linkNeutral__xXpzG">Water Conditioners</a></li><li class="CategoryFlyout-module_groupItem__Iy0FX"><a href="/shop/fish/water_and_plant_care/water_care" data-zta="category-flyout-animal-level4-link" data-link-type="neutral" class="Link-module_link__35Vo1 Link-module_linkPadding__37gME Link-module_linkEllipsis__om-ux Link-module_linkNeutral__xXpzG">Water Care</a></li><li class="CategoryFlyout-module_groupItem__Iy0FX"><a href="/shop/fish/water_and_plant_care/algae_combat" data-zta="category-flyout-animal-level4-link" data-link-type="neutral" class="Link-module_link__35Vo1 Link-module_linkPadding__37gME Link-module_linkEllipsis__om-ux Link-module_linkNeutral__xXpzG">Algae Control</a></li><li class="CategoryFlyout-module_groupItem__Iy0FX"><a href="/shop/fish/water_and_plant_care/cleaning_equipment" data-zta="category-flyout-animal-level4-link" data-link-type="neutral" class="Link-module_link__35Vo1 Link-module_linkPadding__37gME Link-module_linkEllipsis__om-ux Link-module_linkNeutral__xXpzG">Cleaning &amp; Accessories</a></li><li class="CategoryFlyout-module_groupItem__Iy0FX"><a href="/shop/fish/water_and_plant_care/tetra_water_care" data-zta="category-flyout-animal-level4-link" data-link-type="neutral" class="Link-module_link__35Vo1 Link-module_linkPadding__37gME Link-module_linkEllipsis__om-ux Link-module_linkNeutral__xXpzG">Tetra Water Care</a></li><li class="CategoryFlyout-module_groupFooter__Z5B1f"><a href="/shop/fish/water_and_plant_care" data-zta="category-flyout-animal-group-footer" data-link-type="primary" class="Link-module_link__35Vo1 Link-module_linkBold__1zYHp Link-module_linkPrimary__yCQng" aria-label="group-footer">View all</a></li></ul><ul class="CategoryFlyout-module_animalPanelGroup__5uS8W" id="header-category-flyout-animal-level3-links-Aquatic"><li class="CategoryFlyout-module_groupHeader__pGxMZ"><a href="/shop/fish/pond" data-zta="category-flyout-animal-level3-link" data-link-type="primary" class="Link-module_link__35Vo1 Link-module_linkEllipsis__om-ux Link-module_linkBold__1zYHp Link-module_linkPrimary__yCQng">Garden Pond</a></li></ul><ul class="CategoryFlyout-module_animalPanelGroup__5uS8W" id="header-category-flyout-animal-special-offer-links-Aquatic"></ul></div></div></div><div data-zta="LayoutContainerUIC" data-variant="narrow" class="CategoryFlyout-module_flyOut__07b7z z-layout-container z-layout-container--narrow" id="header-category-flyout" style="--header-category-flyout-display-flag:none"><div class="CategoryFlyout-module_flyOutContainer__mUJsx"><div class="CategoryFlyout-module_groupHeader__pGxMZ CategoryFlyout-module_groupHeaderMain__GkvMC"><a href="/shop/veterinary_food" data-zta="category-flyout-animal-level2-link" data-link-type="primary" class="Link-module_link__35Vo1 Link-module_linkBold__1zYHp Link-module_linkHeading__wM1bP Link-module_linkPrimary__yCQng">Veterinary Food and Specialist Food</a></div><div class="CategoryFlyout-module_animalPanel__TrJ4O"><ul id="header-category-flyout-animal-level4-links-+-Vet-0-Dog-Vet-Food-&amp;-Specialist-Food" class="CategoryFlyout-module_animalPanelGroup__5uS8W"><li class="CategoryFlyout-module_groupHeader__pGxMZ"><a href="/shop/veterinary_food/dog_vet_food" data-zta="category-flyout-animal-group-header" data-link-type="primary" class="Link-module_link__35Vo1 Link-module_linkBold__1zYHp Link-module_linkPrimary__yCQng" aria-label="group-header">Dog Vet Food &amp; Specialist Food</a></li><li class="CategoryFlyout-module_groupItem__Iy0FX"><a href="/shop/veterinary_food/dog_vet_food/concept_for_life_veterinary_dog" data-zta="category-flyout-animal-level4-link" data-link-type="neutral" class="Link-module_link__35Vo1 Link-module_linkPadding__37gME Link-module_linkEllipsis__om-ux Link-module_linkNeutral__xXpzG">Concept for Life Veterinary Diet</a></li><li class="CategoryFlyout-module_groupItem__Iy0FX"><a href="/shop/veterinary_food/dog_vet_food/hills_prescription_food" data-zta="category-flyout-animal-level4-link" data-link-type="neutral" class="Link-module_link__35Vo1 Link-module_linkPadding__37gME Link-module_linkEllipsis__om-ux Link-module_linkNeutral__xXpzG">Hill's Prescription Diet Canine</a></li><li class="CategoryFlyout-module_groupItem__Iy0FX"><a href="/shop/veterinary_food/dog_vet_food/integra_protect_vet_food" data-zta="category-flyout-animal-level4-link" data-link-type="neutral" class="Link-module_link__35Vo1 Link-module_linkPadding__37gME Link-module_linkEllipsis__om-ux Link-module_linkNeutral__xXpzG">Integra Protect</a></li><li class="CategoryFlyout-module_groupItem__Iy0FX"><a href="/shop/veterinary_food/dog_vet_food/purina_vet_food" data-zta="category-flyout-animal-level4-link" data-link-type="neutral" class="Link-module_link__35Vo1 Link-module_linkPadding__37gME Link-module_linkEllipsis__om-ux Link-module_linkNeutral__xXpzG">Purina Veterinary Diet</a></li><li class="CategoryFlyout-module_groupItem__Iy0FX"><a href="/shop/veterinary_food/dog_vet_food/royal_canin_veterinary_food" data-zta="category-flyout-animal-level4-link" data-link-type="neutral" class="Link-module_link__35Vo1 Link-module_linkPadding__37gME Link-module_linkEllipsis__om-ux Link-module_linkNeutral__xXpzG">Royal Canin Veterinary Diet</a></li><li class="CategoryFlyout-module_groupItem__Iy0FX"><a href="/shop/veterinary_food/dog_vet_food/rocco_diet_care" data-zta="category-flyout-animal-level4-link" data-link-type="neutral" class="Link-module_link__35Vo1 Link-module_linkPadding__37gME Link-module_linkEllipsis__om-ux Link-module_linkNeutral__xXpzG">Rocco Diet Care</a></li><li class="CategoryFlyout-module_groupItem__Iy0FX"><a href="/shop/veterinary_food/dog_vet_food/virbac_vet_food" data-zta="category-flyout-animal-level4-link" data-link-type="neutral" class="Link-module_link__35Vo1 Link-module_linkPadding__37gME Link-module_linkEllipsis__om-ux Link-module_linkNeutral__xXpzG">Virbac VetComplex</a></li><li class="CategoryFlyout-module_groupFooter__Z5B1f"><a href="/shop/veterinary_food/dog_vet_food" data-zta="category-flyout-animal-group-footer" data-link-type="primary" class="Link-module_link__35Vo1 Link-module_linkBold__1zYHp Link-module_linkPrimary__yCQng" aria-label="group-footer">View all</a></li></ul><ul id="header-category-flyout-animal-level4-links-+-Vet-1-Cat-Vet-Food-&amp;-Specialist-Food" class="CategoryFlyout-module_animalPanelGroup__5uS8W"><li class="CategoryFlyout-module_groupHeader__pGxMZ"><a href="/shop/veterinary_food/cat_vet_food" data-zta="category-flyout-animal-group-header" data-link-type="primary" class="Link-module_link__35Vo1 Link-module_linkBold__1zYHp Link-module_linkPrimary__yCQng" aria-label="group-header">Cat Vet Food &amp; Specialist Food</a></li><li class="CategoryFlyout-module_groupItem__Iy0FX"><a href="/shop/veterinary_food/cat_vet_food/hills_prescription_food" data-zta="category-flyout-animal-level4-link" data-link-type="neutral" class="Link-module_link__35Vo1 Link-module_linkPadding__37gME Link-module_linkEllipsis__om-ux Link-module_linkNeutral__xXpzG">Hill's Prescription Diet</a></li><li class="CategoryFlyout-module_groupItem__Iy0FX"><a href="/shop/veterinary_food/cat_vet_food/royal_canin_feline_vet_food" data-zta="category-flyout-animal-level4-link" data-link-type="neutral" class="Link-module_link__35Vo1 Link-module_linkPadding__37gME Link-module_linkEllipsis__om-ux Link-module_linkNeutral__xXpzG">Royal Canin Veterinary</a></li><li class="CategoryFlyout-module_groupItem__Iy0FX"><a href="/shop/veterinary_food/cat_vet_food/purina_veterinary_diets" data-zta="category-flyout-animal-level4-link" data-link-type="neutral" class="Link-module_link__35Vo1 Link-module_linkPadding__37gME Link-module_linkEllipsis__om-ux Link-module_linkNeutral__xXpzG">Purina Veterinary Diets</a></li><li class="CategoryFlyout-module_groupItem__Iy0FX"><a href="/shop/veterinary_food/cat_vet_food/beaphar" data-zta="category-flyout-animal-level4-link" data-link-type="neutral" class="Link-module_link__35Vo1 Link-module_linkPadding__37gME Link-module_linkEllipsis__om-ux Link-module_linkNeutral__xXpzG">beaphar Special Diet</a></li><li class="CategoryFlyout-module_groupItem__Iy0FX"><a href="/shop/veterinary_food/cat_vet_food/concept_life_life_veterinary_cat" data-zta="category-flyout-animal-level4-link" data-link-type="neutral" class="Link-module_link__35Vo1 Link-module_linkPadding__37gME Link-module_linkEllipsis__om-ux Link-module_linkNeutral__xXpzG">Concept for Life Veterinary Diet </a></li><li class="CategoryFlyout-module_groupItem__Iy0FX"><a href="/shop/veterinary_food/cat_vet_food/integra_vet_food" data-zta="category-flyout-animal-level4-link" data-link-type="neutral" class="Link-module_link__35Vo1 Link-module_linkPadding__37gME Link-module_linkEllipsis__om-ux Link-module_linkNeutral__xXpzG">Integra Protect</a></li><li class="CategoryFlyout-module_groupItem__Iy0FX"><a href="/shop/veterinary_food/cat_vet_food/virbac_vet_food" data-zta="category-flyout-animal-level4-link" data-link-type="neutral" class="Link-module_link__35Vo1 Link-module_linkPadding__37gME Link-module_linkEllipsis__om-ux Link-module_linkNeutral__xXpzG">Virbac VetComplex</a></li><li class="CategoryFlyout-module_groupItem__Iy0FX"><a href="/shop/veterinary_food/cat_vet_food/smilla_vet_diet" data-zta="category-flyout-animal-level4-link" data-link-type="neutral" class="Link-module_link__35Vo1 Link-module_linkPadding__37gME Link-module_linkEllipsis__om-ux Link-module_linkNeutral__xXpzG">Smilla Veterinary Diet</a></li><li class="CategoryFlyout-module_groupFooter__Z5B1f"><a href="/shop/veterinary_food/cat_vet_food" data-zta="category-flyout-animal-group-footer" data-link-type="primary" class="Link-module_link__35Vo1 Link-module_linkBold__1zYHp Link-module_linkPrimary__yCQng" aria-label="group-footer">View all</a></li></ul><ul class="CategoryFlyout-module_animalPanelGroup__5uS8W" id="header-category-flyout-animal-level3-links-+-Vet"><li class="CategoryFlyout-module_groupHeader__pGxMZ"><a href="/shop/veterinary_food/ailments" data-zta="category-flyout-animal-level3-link" data-link-type="primary" class="Link-module_link__35Vo1 Link-module_linkEllipsis__om-ux Link-module_linkBold__1zYHp Link-module_linkPrimary__yCQng">Ailments</a></li></ul><ul class="CategoryFlyout-module_animalPanelGroup__5uS8W" id="header-category-flyout-animal-special-offer-links-+-Vet"></ul></div></div></div><div data-zta="LayoutContainerUIC" data-variant="narrow" class="CategoryFlyout-module_flyOut__07b7z z-layout-container z-layout-container--narrow" id="header-category-flyout" style="--header-category-flyout-display-flag:none"><div class="CategoryFlyout-module_flyOutContainer__mUJsx"><div class="CategoryFlyout-module_groupHeader__pGxMZ CategoryFlyout-module_groupHeaderMain__GkvMC"><a href="/shop/top_brands" data-zta="category-flyout-topBrands-level2-link" data-link-type="primary" class="Link-module_link__35Vo1 Link-module_linkBold__1zYHp Link-module_linkHeading__wM1bP Link-module_linkPrimary__yCQng">Shop by Brand for Pet Food &amp; Accessories</a></div><ul id="header-category-flyout-topBrands-level3-links" class="CategoryFlyout-module_topBrandsPanel__rAuNR"><li class="CategoryFlyout-module_groupHeader__pGxMZ"><a href="/shop/top_brands/applaws" data-zta="category-flyout-topBrands-level3-link" data-link-type="neutral" class="Link-module_link__35Vo1 Link-module_linkEllipsis__om-ux Link-module_linkNeutral__xXpzG">Applaws</a></li><li class="CategoryFlyout-module_groupHeader__pGxMZ"><a href="/shop/top_brands/burns" data-zta="category-flyout-topBrands-level3-link" data-link-type="neutral" class="Link-module_link__35Vo1 Link-module_linkEllipsis__om-ux Link-module_linkNeutral__xXpzG">Burns</a></li><li class="CategoryFlyout-module_groupHeader__pGxMZ"><a href="/shop/top_brands/concept_for_life_range" data-zta="category-flyout-topBrands-level3-link" data-link-type="neutral" class="Link-module_link__35Vo1 Link-module_linkEllipsis__om-ux Link-module_linkNeutral__xXpzG">Concept for Life</a></li><li class="CategoryFlyout-module_groupHeader__pGxMZ"><a href="/shop/top_brands/encore" data-zta="category-flyout-topBrands-level3-link" data-link-type="neutral" class="Link-module_link__35Vo1 Link-module_linkEllipsis__om-ux Link-module_linkNeutral__xXpzG">Encore</a></li><li class="CategoryFlyout-module_groupHeader__pGxMZ"><a href="/shop/top_brands/eukanuba" data-zta="category-flyout-topBrands-level3-link" data-link-type="neutral" class="Link-module_link__35Vo1 Link-module_linkEllipsis__om-ux Link-module_linkNeutral__xXpzG">Eukanuba</a></li><li class="CategoryFlyout-module_groupHeader__pGxMZ"><a href="/shop/top_brands/felix" data-zta="category-flyout-topBrands-level3-link" data-link-type="neutral" class="Link-module_link__35Vo1 Link-module_linkEllipsis__om-ux Link-module_linkNeutral__xXpzG">Felix</a></li><li class="CategoryFlyout-module_groupHeader__pGxMZ"><a href="/shop/top_brands/furminator" data-zta="category-flyout-topBrands-level3-link" data-link-type="neutral" class="Link-module_link__35Vo1 Link-module_linkEllipsis__om-ux Link-module_linkNeutral__xXpzG">Furminator</a></li><li class="CategoryFlyout-module_groupHeader__pGxMZ"><a href="/shop/top_brands/hills" data-zta="category-flyout-topBrands-level3-link" data-link-type="neutral" class="Link-module_link__35Vo1 Link-module_linkEllipsis__om-ux Link-module_linkNeutral__xXpzG">Hill's Science Plan</a></li><li class="CategoryFlyout-module_groupHeader__pGxMZ"><a href="/shop/top_brands/hills_prescription_diet" data-zta="category-flyout-topBrands-level3-link" data-link-type="neutral" class="Link-module_link__35Vo1 Link-module_linkEllipsis__om-ux Link-module_linkNeutral__xXpzG">Hill's Prescription Diet</a></li><li class="CategoryFlyout-module_groupHeader__pGxMZ"><a href="/shop/top_brands/iams" data-zta="category-flyout-topBrands-level3-link" data-link-type="neutral" class="Link-module_link__35Vo1 Link-module_linkEllipsis__om-ux Link-module_linkNeutral__xXpzG">IAMS</a></li><li class="CategoryFlyout-module_groupHeader__pGxMZ"><a href="/shop/top_brands/lukullus" data-zta="category-flyout-topBrands-level3-link" data-link-type="neutral" class="Link-module_link__35Vo1 Link-module_linkEllipsis__om-ux Link-module_linkNeutral__xXpzG">Lukullus</a></li><li class="CategoryFlyout-module_groupHeader__pGxMZ"><a href="/shop/top_brands/pedigree" data-zta="category-flyout-topBrands-level3-link" data-link-type="neutral" class="Link-module_link__35Vo1 Link-module_linkEllipsis__om-ux Link-module_linkNeutral__xXpzG">Pedigree</a></li><li class="CategoryFlyout-module_groupHeader__pGxMZ"><a href="/shop/top_brands/porta_21_cat_food" data-zta="category-flyout-topBrands-level3-link" data-link-type="neutral" class="Link-module_link__35Vo1 Link-module_linkEllipsis__om-ux Link-module_linkNeutral__xXpzG">Porta 21</a></li><li class="CategoryFlyout-module_groupHeader__pGxMZ"><a href="/shop/top_brands/rebelbelle" data-zta="category-flyout-topBrands-level3-link" data-link-type="neutral" class="Link-module_link__35Vo1 Link-module_linkEllipsis__om-ux Link-module_linkNeutral__xXpzG">Rebel Belle</a></li><li class="CategoryFlyout-module_groupHeader__pGxMZ"><a href="/shop/top_brands/rosies_farm" data-zta="category-flyout-topBrands-level3-link" data-link-type="neutral" class="Link-module_link__35Vo1 Link-module_linkEllipsis__om-ux Link-module_linkNeutral__xXpzG">Rosie's Farm</a></li><li class="CategoryFlyout-module_groupHeader__pGxMZ"><a href="/shop/top_brands/royal_canin" data-zta="category-flyout-topBrands-level3-link" data-link-type="neutral" class="Link-module_link__35Vo1 Link-module_linkEllipsis__om-ux Link-module_linkNeutral__xXpzG">Royal Canin</a></li><li class="CategoryFlyout-module_groupHeader__pGxMZ"><a href="/shop/top_brands/royal_canin_veterinary_diet" data-zta="category-flyout-topBrands-level3-link" data-link-type="neutral" class="Link-module_link__35Vo1 Link-module_linkEllipsis__om-ux Link-module_linkNeutral__xXpzG">Royal Canin Veterinary</a></li><li class="CategoryFlyout-module_groupHeader__pGxMZ"><a href="/shop/top_brands/simpsons_premium_dog" data-zta="category-flyout-topBrands-level3-link" data-link-type="neutral" class="Link-module_link__35Vo1 Link-module_linkEllipsis__om-ux Link-module_linkNeutral__xXpzG">Simpsons Premium</a></li><li class="CategoryFlyout-module_groupHeader__pGxMZ"><a href="/shop/top_brands/taste_of_the_wild" data-zta="category-flyout-topBrands-level3-link" data-link-type="neutral" class="Link-module_link__35Vo1 Link-module_linkEllipsis__om-ux Link-module_linkNeutral__xXpzG">Taste of the Wild</a></li><li class="CategoryFlyout-module_groupHeader__pGxMZ"><a href="/shop/top_brands/whiskas" data-zta="category-flyout-topBrands-level3-link" data-link-type="neutral" class="Link-module_link__35Vo1 Link-module_linkEllipsis__om-ux Link-module_linkNeutral__xXpzG">Whiskas</a></li><li class="CategoryFlyout-module_groupHeader__pGxMZ"><a href="/shop/top_brands/wolf_of_wilderness" data-zta="category-flyout-topBrands-level3-link" data-link-type="neutral" class="Link-module_link__35Vo1 Link-module_linkEllipsis__om-ux Link-module_linkNeutral__xXpzG">Wolf of Wilderness</a></li></ul></div></div><div data-zta="LayoutContainerUIC" data-variant="narrow" class="CategoryFlyout-module_flyOut__07b7z z-layout-container z-layout-container--narrow" id="header-category-flyout" style="--header-category-flyout-display-flag:none"><div class="CategoryFlyout-module_flyOutContainer__mUJsx"><div class="CategoryFlyout-module_groupHeader__pGxMZ CategoryFlyout-module_groupHeaderMain__GkvMC CategoryFlyout-module_groupHeaderSpecialOffer__W1yev"><a href="/shop/pet_supplies_specials" data-zta="category-flyout-specialOffers-level2-link" data-link-type="primary" class="Link-module_link__35Vo1 Link-module_linkBold__1zYHp Link-module_linkHeading__wM1bP Link-module_linkPrimary__yCQng">Pet supplies at their very best for you!</a></div><div class="CategoryFlyout-module_animalPanel__TrJ4O CategoryFlyout-module_animalPanelSpecialOffer__hZv87"><div class="CategoryFlyout-module_specialsPanelGroup__w8eJ9"><ul class="CategoryFlyout-module_grouped__L9XpS" id="header-category-flyout-specialOffer-level3-links"><li class="CategoryFlyout-module_groupHeader__pGxMZ"><a href="/shop/pet_supplies_specials/food_offers_ie" data-zta="category-flyout-specialOffer-level3-link" data-link-type="primary" class="Link-module_link__35Vo1 Link-module_linkPadding__37gME Link-module_linkEllipsis__om-ux Link-module_linkBold__1zYHp Link-module_linkPrimary__yCQng">September Food Offers</a></li><li class="CategoryFlyout-module_groupHeader__pGxMZ"><a href="/shop/pet_supplies_specials/new_products" data-zta="category-flyout-specialOffer-level3-link" data-link-type="primary" class="Link-module_link__35Vo1 Link-module_linkPadding__37gME Link-module_linkEllipsis__om-ux Link-module_linkBold__1zYHp Link-module_linkPrimary__yCQng">New Products</a></li><li class="CategoryFlyout-module_groupHeader__pGxMZ"><a href="/shop/pet_supplies_specials/trial_packs" data-zta="category-flyout-specialOffer-level3-link" data-link-type="primary" class="Link-module_link__35Vo1 Link-module_linkPadding__37gME Link-module_linkEllipsis__om-ux Link-module_linkBold__1zYHp Link-module_linkPrimary__yCQng">Trial Packs</a></li><li class="CategoryFlyout-module_groupHeader__pGxMZ"><a href="/shop/pet_supplies_specials/clearance" data-zta="category-flyout-specialOffer-level3-link" data-link-type="offer" class="Link-module_link__35Vo1 Link-module_linkPadding__37gME Link-module_linkEllipsis__om-ux Link-module_linkBold__1zYHp Link-module_linkOffer__5eMqu">Clearance Sale</a></li><li class="CategoryFlyout-module_groupHeader__pGxMZ"><a href="/shop/pet_supplies_specials/pet_supplies_seasonal" data-zta="category-flyout-specialOffer-level3-link" data-link-type="primary" class="Link-module_link__35Vo1 Link-module_linkPadding__37gME Link-module_linkEllipsis__om-ux Link-module_linkBold__1zYHp Link-module_linkPrimary__yCQng">Seasonal Specials</a></li><li class="CategoryFlyout-module_groupHeader__pGxMZ"><a href="/shop/pet_supplies_specials/working_dogs" data-zta="category-flyout-specialOffer-level3-link" data-link-type="primary" class="Link-module_link__35Vo1 Link-module_linkPadding__37gME Link-module_linkEllipsis__om-ux Link-module_linkBold__1zYHp Link-module_linkPrimary__yCQng">Working / Active Dogs</a></li><li class="CategoryFlyout-module_groupHeader__pGxMZ"><a href="/shop/pet_supplies_specials/summer" data-zta="category-flyout-specialOffer-level3-link" data-link-type="primary" class="Link-module_link__35Vo1 Link-module_linkPadding__37gME Link-module_linkEllipsis__om-ux Link-module_linkBold__1zYHp Link-module_linkPrimary__yCQng">Summer</a></li></ul></div><div class="CategoryFlyout-module_specialsPanelGroup__w8eJ9"><ul class="CategoryFlyout-module_grouped__L9XpS" id="header-category-flyout-specialOffer-offer-link"><li class="CategoryFlyout-module_groupHeader__pGxMZ"><a href="/specials/dogs/special_offers/food/34575" data-zta="category-flyout-specialOffer-offer-link" data-link-type="primary" class="Link-module_link__35Vo1 Link-module_linkEllipsis__om-ux Link-module_linkBold__1zYHp Link-module_linkPrimary__yCQng"><svg fill="currentColor" width="24" height="24" xmlns="http://www.w3.org/2000/svg" viewBox="0 0 24 24" role="img" class="CategoryFlyout-module_percentIcon__iwUJi Icon-module_iconWarning__b-WCF Icon-module_iconAligned__kqBBE" data-zta="category-flyout-specialOffer-offer-link-percent-icon" aria-label="percent-icon"><path d="M19.496 15.254a3 3 0 1 1-4.242 4.242 3 3 0 0 1 4.242-4.242Zm.629-10.773a.75.75 0 0 1 .052.977l-.074.083-14.062 13.5a.75.75 0 0 1-1.113-1l.074-.082 14.062-13.5a.75.75 0 0 1 1.06.022Zm-3.81 11.833a1.5 1.5 0 1 0 2.224.114l-.103-.114-.114-.103a1.5 1.5 0 0 0-2.008.103ZM9.37 5.13A3 3 0 1 1 5.13 9.37 3 3 0 0 1 9.37 5.13ZM6.19 6.189a1.5 1.5 0 1 0 2.225.114L8.31 6.19l-.114-.103a1.5 1.5 0 0 0-2.008.103Z" fill-rule="evenodd"></path></svg>Dog</a></li><li class="CategoryFlyout-module_groupHeader__pGxMZ"><a href="/specials/cats/special_offers/food/34878" data-zta="category-flyout-specialOffer-offer-link" data-link-type="primary" class="Link-module_link__35Vo1 Link-module_linkEllipsis__om-ux Link-module_linkBold__1zYHp Link-module_linkPrimary__yCQng"><svg fill="currentColor" width="24" height="24" xmlns="http://www.w3.org/2000/svg" viewBox="0 0 24 24" role="img" class="CategoryFlyout-module_percentIcon__iwUJi Icon-module_iconWarning__b-WCF Icon-module_iconAligned__kqBBE" data-zta="category-flyout-specialOffer-offer-link-percent-icon" aria-label="percent-icon"><path d="M19.496 15.254a3 3 0 1 1-4.242 4.242 3 3 0 0 1 4.242-4.242Zm.629-10.773a.75.75 0 0 1 .052.977l-.074.083-14.062 13.5a.75.75 0 0 1-1.113-1l.074-.082 14.062-13.5a.75.75 0 0 1 1.06.022Zm-3.81 11.833a1.5 1.5 0 1 0 2.224.114l-.103-.114-.114-.103a1.5 1.5 0 0 0-2.008.103ZM9.37 5.13A3 3 0 1 1 5.13 9.37 3 3 0 0 1 9.37 5.13ZM6.19 6.189a1.5 1.5 0 1 0 2.225.114L8.31 6.19l-.114-.103a1.5 1.5 0 0 0-2.008.103Z" fill-rule="evenodd"></path></svg>Cat</a></li><li class="CategoryFlyout-module_groupHeader__pGxMZ"><a href="/specials/rodents/special_offers/cages_and_pens/34886" data-zta="category-flyout-specialOffer-offer-link" data-link-type="primary" class="Link-module_link__35Vo1 Link-module_linkEllipsis__om-ux Link-module_linkBold__1zYHp Link-module_linkPrimary__yCQng"><svg fill="currentColor" width="24" height="24" xmlns="http://www.w3.org/2000/svg" viewBox="0 0 24 24" role="img" class="CategoryFlyout-module_percentIcon__iwUJi Icon-module_iconWarning__b-WCF Icon-module_iconAligned__kqBBE" data-zta="category-flyout-specialOffer-offer-link-percent-icon" aria-label="percent-icon"><path d="M19.496 15.254a3 3 0 1 1-4.242 4.242 3 3 0 0 1 4.242-4.242Zm.629-10.773a.75.75 0 0 1 .052.977l-.074.083-14.062 13.5a.75.75 0 0 1-1.113-1l.074-.082 14.062-13.5a.75.75 0 0 1 1.06.022Zm-3.81 11.833a1.5 1.5 0 1 0 2.224.114l-.103-.114-.114-.103a1.5 1.5 0 0 0-2.008.103ZM9.37 5.13A3 3 0 1 1 5.13 9.37 3 3 0 0 1 9.37 5.13ZM6.19 6.189a1.5 1.5 0 1 0 2.225.114L8.31 6.19l-.114-.103a1.5 1.5 0 0 0-2.008.103Z" fill-rule="evenodd"></path></svg>Small Pet</a></li><li class="CategoryFlyout-module_groupHeader__pGxMZ"><a href="/specials/birds/special_offers/cages/34900" data-zta="category-flyout-specialOffer-offer-link" data-link-type="primary" class="Link-module_link__35Vo1 Link-module_linkEllipsis__om-ux Link-module_linkBold__1zYHp Link-module_linkPrimary__yCQng"><svg fill="currentColor" width="24" height="24" xmlns="http://www.w3.org/2000/svg" viewBox="0 0 24 24" role="img" class="CategoryFlyout-module_percentIcon__iwUJi Icon-module_iconWarning__b-WCF Icon-module_iconAligned__kqBBE" data-zta="category-flyout-specialOffer-offer-link-percent-icon" aria-label="percent-icon"><path d="M19.496 15.254a3 3 0 1 1-4.242 4.242 3 3 0 0 1 4.242-4.242Zm.629-10.773a.75.75 0 0 1 .052.977l-.074.083-14.062 13.5a.75.75 0 0 1-1.113-1l.074-.082 14.062-13.5a.75.75 0 0 1 1.06.022Zm-3.81 11.833a1.5 1.5 0 1 0 2.224.114l-.103-.114-.114-.103a1.5 1.5 0 0 0-2.008.103ZM9.37 5.13A3 3 0 1 1 5.13 9.37 3 3 0 0 1 9.37 5.13ZM6.19 6.189a1.5 1.5 0 1 0 2.225.114L8.31 6.19l-.114-.103a1.5 1.5 0 0 0-2.008.103Z" fill-rule="evenodd"></path></svg>Bird</a></li></ul></div></div></div></div></div></nav></div></header><div class="SearchBar-module_searchBarMobile__e-Uxl" data-zta="header-search-bar-mobile" id="mobileSearchBar"><div role="presentation" class="SearchBar-module_searchBarWrapper__4FlDN"><form data-zta="search_form_mobile" class="SearchBar-module_searchForm__wiD4m" name="miniSearchBox" autocomplete="off" role="search"><label for="search_query_field_mobile" class="SearchBar-module_accessibleText__x-6wN" id="search_query_field-label-mobile">Search</label><input data-zta="search_form_input_mobile" id="search_query_field_mobile" name="q" type="search" inputmode="search" placeholder="Search the store" aria-labelledby="search_query_field-label-mobile" class="SearchBar-module_searchBarInput__hERsV" value=""><button class="SearchBar-module_submitButton__DZWsQ" data-zta="search_form_button_mobile" type="submit" aria-labelledby="search_query_field-label-mobile"><svg fill="currentColor" width="24" height="24" xmlns="http://www.w3.org/2000/svg" viewBox="0 0 24 24" role="img" class="Icon-module_iconPrimary__1j-pU" aria-labelledby="search_query_field-label-mobile"><path d="M15.027 3.082a8.518 8.518 0 0 1 3.344 13.371l5.516 5.517a.75.75 0 1 1-1.06 1.06l-5.517-5.516a8.518 8.518 0 1 1-2.283-14.431ZM5.331 8.356a7.018 7.018 0 0 0 11.47 7.588l.02-.016a7.018 7.018 0 1 0-11.49-7.572Z" fill-rule="evenodd"></path></svg></button></form></div></div></div></div><div data-zta="LayoutContainerUIC" data-variant="narrow" class="z-layout-container z-layout-container--narrow" data-sleek-node-id="f90303"><div class="container page__content" id="page-content" data-zta="page-content" data-sleek-node-id="303c53"><button class="GoTopButton_button__rJhlq" data-zta="btn-goTop"><svg fill="currentColor" width="24" height="24" xmlns="http://www.w3.org/2000/svg" viewBox="0 0 24 24" role="img" class="GoTopButton_icon__1Rg2W"><path d="M6.57 13.883a.75.75 0 0 0 .977 1.133l.084-.072 4.625-4.627 4.627 4.627a.75.75 0 0 0 .976.072l.085-.072a.75.75 0 0 0 .072-.977l-.072-.084L13.03 8.97a1.093 1.093 0 0 0-1.451-.086l-.095.085-4.915 4.914Z" fill-rule="evenodd"></path></svg></button><script type="application/javascript" src="https://mkt-tech.omt-services.com/main.js" defer=""></script><script type="application/json" id="productDataLayer">{"page_URL":"/shop/cats/canned_cat_food_pouches/encore/cans/1946560","hasVideo":false,"currency":"EUR","product":{"product_id":1946560,"amount_prod_reviews":0,"average_prod_review":0},"isZooplusChoice":false,"defaultVariant":{"article_shop_id":5162435,"sku":"1946560.0","variant_id":0,"variant_price":28.49,"out_stock":false,"isArticleBasedDiscount":false,"isPersonalizedArticleBasedDiscount":false,"bestPriceArticle":false,"isSocialProofEnabled":false,"isAutoshipmentEligible":false},"variants":[{"article_shop_id":5162435,"sku":"1946560.0","variant_id":0,"variant_price":28.49,"out_stock":false,"isArticleBasedDiscount":false,"isPersonalizedArticleBasedDiscount":false,"bestPriceArticle":false,"isSocialProofEnabled":false,"isAutoshipmentEligible":false},{"article_shop_id":5162437,"sku":"1946560.2","variant_id":2,"variant_price":28.49,"out_stock":false,"isArticleBasedDiscount":false,"isPersonalizedArticleBasedDiscount":false,"bestPriceArticle":false,"isSocialProofEnabled":false,"isAutoshipmentEligible":false},{"article_shop_id":5162436,"sku":"1946560.1","variant_id":1,"variant_price":28.49,"out_stock":false,"isArticleBasedDiscount":false,"isPersonalizedArticleBasedDiscount":false,"bestPriceArticle":false,"isSocialProofEnabled":false,"isAutoshipmentEligible":false}]}</script><div class="PDP_list__SLMfN" data-sleek-node-id="403873"><ul data-zta="breadcrumbs" class="Breadcrumbs_breadcrumbs__veseK" data-sleek-node-id="c6ca09"><li data-sleek-node-id="d10a2e"><a data-zta="backlink" href="https://www.zooplus.com/search/results?q=Encore%20Cat%20Tin%2024" title="back" class="z-anchor" data-sleek-node-id="69a7ed"><svg fill="currentColor" width="24" height="24" xmlns="http://www.w3.org/2000/svg" viewBox="0 0 24 24" role="img" data-zta="backlink-icon"><path d="M14.234 6.22a.75.75 0 0 1 1.133.976l-.073.084-4.626 4.625 4.626 4.627a.75.75 0 0 1 .073.977l-.073.084a.75.75 0 0 1-.976.072l-.084-.072L9.32 12.68a1.093 1.093 0 0 1-.086-1.45l.085-.096 4.914-4.914Z" fill-rule="evenodd"></path></svg><span data-zta="backlink-text" data-sleek-node-id="711405">back</span></a></li><li data-zta="breadcrumbs-level-1" data-sleek-node-id="10a2ed"><a data-zta="breadcrumbs-link-1" href="/" title="zooplus" class="z-anchor Breadcrumbs_breadcrumb__5ORCv" data-sleek-node-id="9a7ed2">zooplus</a>/</li><li data-zta="breadcrumbs-level-2" data-sleek-node-id="0a2edc"><a data-zta="breadcrumbs-link-2" href="/shop/cats" title="Cat" class="z-anchor Breadcrumbs_breadcrumb__5ORCv" data-sleek-node-id="a7ed2a">Cat</a>/</li><li data-zta="breadcrumbs-level-3" data-sleek-node-id="a2edc5"><a data-zta="breadcrumbs-link-3" href="/shop/cats/canned_cat_food_pouches" title="Wet Cat Food" class="z-anchor Breadcrumbs_breadcrumb__5ORCv" data-sleek-node-id="7ed2ae">Wet Cat Food</a>/</li><li data-zta="breadcrumbs-level-4" data-sleek-node-id="2edc52"><a data-zta="breadcrumbs-link-4" href="/shop/cats/canned_cat_food_pouches/encore" title="Encore" class="z-anchor Breadcrumbs_breadcrumb__5ORCv" data-sleek-node-id="ed2ae4">Encore</a>/</li><li data-zta="breadcrumbs-last-title" data-sleek-node-id="edc52f">Encore Cans in Broth Saver Pack 24 x 70g</li></ul><div class="PDPLayoutAboveTheFold_container__Y5hOS PDPLayoutAboveTheFold_list__2UrXE" data-sleek-node-id="6ca090"><div class="ProductSummary_container__6fmjf" data-zta="ProductSummary" data-sleek-node-id="dc52f8"><div data-zta="ProductTitle" data-sleek-node-id="d2ae46"><h1 data-zta="ProductTitle__Title" class="z-h1 ProductTitle_title__9K82r" data-sleek-node-id="114054">Encore Cans in Broth Saver Pack 24 x 70g<div class="Wishlist_addToWishlistContainer__dE6nx" data-sleek-node-id="57b992"><button type="button" aria-label="Add product to Wish List" data-zta="remove-from-wishlist-1946560" aria-pressed="false" class="HeartButton-module_heartButton__AV5gJ" data-sleek-node-id="754415"><svg width="44" height="44" xmlns="http://www.w3.org/2000/svg" aria-hidden="true"><path d="M22 13.916l1.036-1.035a6.423 6.423 0 019.094 9.071l-9.589 10.003a.75.75 0 01-1.082 0l-9.577-9.988a6.422 6.422 0 013.512-10.884 6.423 6.423 0 015.57 1.798L22 13.916z" style="opacity: 1; fill: rgb(255, 255, 255);"></path><path d="M28.607 11.083a6.423 6.423 0 013.708 10.678l-9.773 10.194a.75.75 0 01-1.082 0l-9.577-9.988a6.422 6.422 0 013.512-10.884 6.423 6.423 0 015.57 1.798l1.036 1.035 1.036-1.035a6.423 6.423 0 015.57-1.798zm-.24 1.48a4.923 4.923 0 00-4.09 1.207l-.18.172-2.096 2.095-2.096-2.095a4.923 4.923 0 00-7.884 1.28 4.93 4.93 0 00.78 5.535l9.2 9.594 9.07-9.46a4.917 4.917 0 001.01-5.458l-.1-.212a4.923 4.923 0 00-3.37-2.611l-.244-.046z" style="opacity: 1; fill: rgb(85, 85, 85);"></path><path d="M22 13.916l1.036-1.035a6.423 6.423 0 019.094 9.071l-9.589 10.003a.75.75 0 01-1.082 0l-9.577-9.988a6.422 6.422 0 013.512-10.884 6.423 6.423 0 015.57 1.798L22 13.916z" style="opacity: 0; fill: rgb(237, 28, 36);"></path></svg></button></div></h1><div data-zta="ProductTitle__Subtitle" data-sleek-node-id="140542">Chicken Selection</div></div><div class="RatingSummary_ratingSection__NHgfo" data-zta="RatingSummary" data-sleek-node-id="2ae463"><span data-zta="RatingSummary__ratingBar" class="RatingSummary_ratingBar__UqJbe" data-sleek-node-id="40542d"><div data-zta="RatingUIC" class="z-rating" data-sleek-node-id="7b9926"><span class="z-rating__star-wrap" data-sleek-node-id="544152"><svg fill="currentColor" width="24" height="24" xmlns="http://www.w3.org/2000/svg" viewBox="0 0 24 24" role="none" class="z-rating__star"><path d="M7.446 7.12 10.603.857a1.569 1.569 0 0 1 2.794 0l.002.004 3.16 6.261 6.018.597a1.555 1.555 0 0 1 .966 2.654l-4.988 4.944 1.85 6.722a1.563 1.563 0 0 1-2.209 1.8L12 20.77l-6.183 3.063a1.563 1.563 0 0 1-2.211-1.804l1.848-6.715L.462 10.37a1.555 1.555 0 0 1 .954-2.653l6.03-.598Z" fill-rule="evenodd"></path></svg><svg fill="currentColor" width="24" height="24" xmlns="http://www.w3.org/2000/svg" viewBox="0 0 24 24" role="none" class="z-rating__star"><path d="M7.446 7.12 10.603.857a1.569 1.569 0 0 1 2.794 0l.002.004 3.16 6.261 6.018.597a1.555 1.555 0 0 1 .966 2.654l-4.988 4.944 1.85 6.722a1.563 1.563 0 0 1-2.209 1.8L12 20.77l-6.183 3.063a1.563 1.563 0 0 1-2.211-1.804l1.848-6.715L.462 10.37a1.555 1.555 0 0 1 .954-2.653l6.03-.598Z" fill-rule="evenodd"></path></svg><svg fill="currentColor" width="24" height="24" xmlns="http://www.w3.org/2000/svg" viewBox="0 0 24 24" role="none" class="z-rating__star"><path d="M7.446 7.12 10.603.857a1.569 1.569 0 0 1 2.794 0l.002.004 3.16 6.261 6.018.597a1.555 1.555 0 0 1 .966 2.654l-4.988 4.944 1.85 6.722a1.563 1.563 0 0 1-2.209 1.8L12 20.77l-6.183 3.063a1.563 1.563 0 0 1-2.211-1.804l1.848-6.715L.462 10.37a1.555 1.555 0 0 1 .954-2.653l6.03-.598Z" fill-rule="evenodd"></path></svg><svg fill="currentColor" width="24" height="24" xmlns="http://www.w3.org/2000/svg" viewBox="0 0 24 24" role="none" class="z-rating__star"><path d="M7.446 7.12 10.603.857a1.569 1.569 0 0 1 2.794 0l.002.004 3.16 6.261 6.018.597a1.555 1.555 0 0 1 .966 2.654l-4.988 4.944 1.85 6.722a1.563 1.563 0 0 1-2.209 1.8L12 20.77l-6.183 3.063a1.563 1.563 0 0 1-2.211-1.804l1.848-6.715L.462 10.37a1.555 1.555 0 0 1 .954-2.653l6.03-.598Z" fill-rule="evenodd"></path></svg><svg fill="currentColor" width="24" height="24" xmlns="http://www.w3.org/2000/svg" viewBox="0 0 24 24" role="none" class="z-rating__star"><path d="M7.446 7.12 10.603.857a1.569 1.569 0 0 1 2.794 0l.002.004 3.16 6.261 6.018.597a1.555 1.555 0 0 1 .966 2.654l-4.988 4.944 1.85 6.722a1.563 1.563 0 0 1-2.209 1.8L12 20.77l-6.183 3.063a1.563 1.563 0 0 1-2.211-1.804l1.848-6.715L.462 10.37a1.555 1.555 0 0 1 .954-2.653l6.03-.598Z" fill-rule="evenodd"></path></svg></span></div><span class="RatingSummary_reviewNumber__UXIqn" data-zta="RatingSummary__totalReviews" data-sleek-node-id="b99262">(<!-- -->0<!-- -->)</span></span><span class="RatingSummary_separator__2iMK6" data-sleek-node-id="0542d0"></span><a data-zta="RatingSummary__feedbackFormLink" href="/feedback/form/shop/cats/canned_cat_food_pouches/encore/cans/1946560" class="z-anchor RatingSummary_textBold__200NZ" data-sleek-node-id="542d01"><svg fill="currentColor" width="24" height="24" xmlns="http://www.w3.org/2000/svg" viewBox="0 0 24 24" role="img"><path d="M14.689 4.274a3.48 3.48 0 0 1 4.925-.005l.16.172a3.476 3.476 0 0 1-.19 4.761L8.71 20.077a.75.75 0 0 1-.344.196l-5.179 1.329a.75.75 0 0 1-.913-.913l1.328-5.179a.733.733 0 0 1 .196-.347l.02-.017ZM4.727 17.152l-.686 2.681 2.683-.688-1.997-1.993ZM14.892 6.19 5.39 15.693l2.793 2.788 9.5-9.5-2.79-2.79Zm3.533-.98a1.98 1.98 0 0 0-2.456-.067l2.762 2.763a1.978 1.978 0 0 0-.052-2.439l-.114-.127Z" fill-rule="evenodd"></path></svg><span data-sleek-node-id="99262d">Write your review</span></a></div><div data-zta="ProductSummary__Details" class="ProductSummary_desktopOnly__fjFkc" data-sleek-node-id="ae4633"><span data-zta="ProductSummary__Text" data-sleek-node-id="42d014">Mixed packs of delicious wet food for cats, in a variety of gluten-free and protein-rich flavours, made with pure natural ingredients for essential nutrients and beneficial omega-3 fatty acids.</span><a data-zta="furtherInformation" class="z-anchor ProductSummary_showMoreAnchor__gl_8F" data-sleek-node-id="2d0142">...further information</a></div></div><div class="PDPLayoutAboveTheFold_leftColumn__4Vmly PDPLayoutAboveTheFold_list__2UrXE" data-sleek-node-id="c52f8f"><div class="ImageSwiper_imageSwiper__AimIt" data-zta="imageSwiper" data-sleek-node-id="e4633c"><div class="ImageSwiper_imageSwiperThumbnailsContainer__NA8gl" data-sleek-node-id="d01426"><div class="swiper swiper-initialized swiper-horizontal swiper-pointer-events ImageSwiper_imageSwiperThumbnails__py4K0" data-sleek-node-id="9262d9"><div class="swiper-wrapper" style="transition-duration: 0ms; transform: translate3d(0px, 0px, 0px);" data-sleek-node-id="441527"><div class="swiper-slide" data-active="true" data-zta="image-slide" style="width: 71.0909px; margin-right: 8px;" data-sleek-node-id="ba5d59"><div data-sleek-node-id="66cec9"><span style="box-sizing:border-box;display:inline-block;overflow:hidden;width:initial;height:initial;background:none;opacity:1;border:0;margin:0;padding:0;position:relative;max-width:100%" data-sleek-node-id="6e948c"><span style="box-sizing:border-box;display:block;width:initial;height:initial;background:none;opacity:1;border:0;margin:0;padding:0;max-width:100%" data-sleek-node-id="798314"><img style="display:block;max-width:100%;width:initial;height:initial;background:none;opacity:1;border:0;margin:0;padding:0" alt="" aria-hidden="true" src="data:image/svg+xml,%3csvg%20xmlns=%27http://www.w3.org/2000/svg%27%20version=%271.1%27%20width=%2750%27%20height=%2750%27/%3e" data-sleek-node-id="f19f1f"></span><img alt="Encore Cans in Broth Saver Pack 24 x 70g" title="Encore Cans in Broth Saver Pack 24 x 70g" src="https://media.zooplus.com/bilder/4/50/413498_pla_encore_dose_bruhe_huhn_hs_01_4.jpg" decoding="async" data-nimg="intrinsic" style="position:absolute;top:0;left:0;bottom:0;right:0;box-sizing:border-box;padding:0;border:none;margin:auto;display:block;width:0;height:0;min-width:100%;max-width:100%;min-height:100%;max-height:100%;object-fit:contain" data-sleek-node-id="98314a"></span></div></div><div class="swiper-slide swiper-slide-prev" data-active="false" data-zta="image-slide" style="width: 71.0909px; margin-right: 8px;" data-sleek-node-id="a5d599"><div data-sleek-node-id="6cec9a"><span style="box-sizing:border-box;display:inline-block;overflow:hidden;width:initial;height:initial;background:none;opacity:1;border:0;margin:0;padding:0;position:relative;max-width:100%" data-sleek-node-id="e948c1"><span style="box-sizing:border-box;display:block;width:initial;height:initial;background:none;opacity:1;border:0;margin:0;padding:0;max-width:100%" data-sleek-node-id="8314aa"><img style="display:block;max-width:100%;width:initial;height:initial;background:none;opacity:1;border:0;margin:0;padding:0" alt="" aria-hidden="true" src="data:image/svg+xml,%3csvg%20xmlns=%27http://www.w3.org/2000/svg%27%20version=%271.1%27%20width=%2750%27%20height=%2750%27/%3e" data-sleek-node-id="19f1fa"></span><img alt="Encore Cans in Broth Saver Pack 24 x 70g" title="Encore Cans in Broth Saver Pack 24 x 70g" src="https://media.zooplus.com/bilder/4/50/413498_encore_dose_bruhe_huhn_hs_01_3_4.jpg" decoding="async" data-nimg="intrinsic" style="position:absolute;top:0;left:0;bottom:0;right:0;box-sizing:border-box;padding:0;border:none;margin:auto;display:block;width:0;height:0;min-width:100%;max-width:100%;min-height:100%;max-height:100%;object-fit:contain" data-sleek-node-id="314aaf"></span></div></div><div class="swiper-slide swiper-slide-active" data-active="false" data-zta="image-slide" style="width: 71.0909px; margin-right: 8px;" data-sleek-node-id="5d599c"><div class="ImageWithLoader_imageWithLoader__ZpyYA" data-sleek-node-id="cec9a0"><span style="box-sizing:border-box;display:inline-block;overflow:hidden;width:initial;height:initial;background:none;opacity:1;border:0;margin:0;padding:0;position:relative;max-width:100%" data-sleek-node-id="948c1d"><span style="box-sizing:border-box;display:block;width:initial;height:initial;background:none;opacity:1;border:0;margin:0;padding:0;max-width:100%" data-sleek-node-id="14aaf1"><img style="display:block;max-width:100%;width:initial;height:initial;background:none;opacity:1;border:0;margin:0;padding:0" alt="" aria-hidden="true" src="data:image/svg+xml,%3csvg%20xmlns=%27http://www.w3.org/2000/svg%27%20version=%271.1%27%20width=%2750%27%20height=%2750%27/%3e" data-sleek-node-id="9f1fac"></span><img title="Encore Cans in Broth Saver Pack 24 x 70g" alt="Encore Cans in Broth Saver Pack 24 x 70g" src="https://media.zooplus.com/bilder/3/50/413498_pla_encore_dose_bruhe_huhn_hs_01_3.jpg" decoding="async" data-nimg="intrinsic" style="position:absolute;top:0;left:0;bottom:0;right:0;box-sizing:border-box;padding:0;border:none;margin:auto;display:block;width:0;height:0;min-width:100%;max-width:100%;min-height:100%;max-height:100%;object-fit:contain" data-sleek-node-id="4aaf16"></span></div></div><div class="swiper-slide swiper-slide-next" data-active="false" data-zta="image-slide" style="width: 71.0909px; margin-right: 8px;" data-sleek-node-id="d599c8"><div class="ImageWithLoader_imageWithLoader__ZpyYA" data-sleek-node-id="ec9a05"><span style="box-sizing:border-box;display:inline-block;overflow:hidden;width:initial;height:initial;background:none;opacity:1;border:0;margin:0;padding:0;position:relative;max-width:100%" data-sleek-node-id="48c1de"><span style="box-sizing:border-box;display:block;width:initial;height:initial;background:none;opacity:1;border:0;margin:0;padding:0;max-width:100%" data-sleek-node-id="aaf161"><img style="display:block;max-width:100%;width:initial;height:initial;background:none;opacity:1;border:0;margin:0;padding:0" alt="" aria-hidden="true" src="data:image/svg+xml,%3csvg%20xmlns=%27http://www.w3.org/2000/svg%27%20version=%271.1%27%20width=%2750%27%20height=%2750%27/%3e" data-sleek-node-id="f1facb"></span><img title="Encore Cans in Broth Saver Pack 24 x 70g" alt="Encore Cans in Broth Saver Pack 24 x 70g" src="https://media.zooplus.com/bilder/2/50/413498_encore_dose_bruhe_huhn_hs_02_2.jpg" decoding="async" data-nimg="intrinsic" style="position:absolute;top:0;left:0;bottom:0;right:0;box-sizing:border-box;padding:0;border:none;margin:auto;display:block;width:0;height:0;min-width:100%;max-width:100%;min-height:100%;max-height:100%;object-fit:contain" data-sleek-node-id="af161e"></span></div></div><div class="swiper-slide" data-active="false" data-zta="image-slide" style="width: 71.0909px; margin-right: 8px;" data-sleek-node-id="599c8c"><div class="ImageWithLoader_imageWithLoader__ZpyYA" data-sleek-node-id="c9a051"><span style="box-sizing:border-box;display:inline-block;overflow:hidden;width:initial;height:initial;background:none;opacity:1;border:0;margin:0;padding:0;position:relative;max-width:100%" data-sleek-node-id="8c1de3"><span style="box-sizing:border-box;display:block;width:initial;height:initial;background:none;opacity:1;border:0;margin:0;padding:0;max-width:100%" data-sleek-node-id="f161e0"><img style="display:block;max-width:100%;width:initial;height:initial;background:none;opacity:1;border:0;margin:0;padding:0" alt="" aria-hidden="true" src="data:image/svg+xml,%3csvg%20xmlns=%27http://www.w3.org/2000/svg%27%20version=%271.1%27%20width=%2750%27%20height=%2750%27/%3e" data-sleek-node-id="1facba"></span><img title="Encore Cans in Broth Saver Pack 24 x 70g" alt="Encore Cans in Broth Saver Pack 24 x 70g" src="https://media.zooplus.com/bilder/4/50/413498_encore_dose_bruhe_huhn_hs_03_4.jpg" decoding="async" data-nimg="intrinsic" style="position:absolute;top:0;left:0;bottom:0;right:0;box-sizing:border-box;padding:0;border:none;margin:auto;display:block;width:0;height:0;min-width:100%;max-width:100%;min-height:100%;max-height:100%;object-fit:contain" data-sleek-node-id="161e09"></span></div></div><div class="swiper-slide" data-active="false" data-zta="image-slide" style="width: 71.0909px; margin-right: 8px;" data-sleek-node-id="99c8ce"><div class="ImageWithLoader_imageWithLoader__ZpyYA" data-sleek-node-id="9a051e"><span style="box-sizing:border-box;display:inline-block;overflow:hidden;width:initial;height:initial;background:none;opacity:1;border:0;margin:0;padding:0;position:relative;max-width:100%" data-sleek-node-id="c1de34"><span style="box-sizing:border-box;display:block;width:initial;height:initial;background:none;opacity:1;border:0;margin:0;padding:0;max-width:100%" data-sleek-node-id="61e092"><img style="display:block;max-width:100%;width:initial;height:initial;background:none;opacity:1;border:0;margin:0;padding:0" alt="" aria-hidden="true" src="data:image/svg+xml,%3csvg%20xmlns=%27http://www.w3.org/2000/svg%27%20version=%271.1%27%20width=%2750%27%20height=%2750%27/%3e" data-sleek-node-id="facba8"></span><img title="Encore Cans in Broth Saver Pack 24 x 70g" alt="Encore Cans in Broth Saver Pack 24 x 70g" src="https://media.zooplus.com/bilder/9/50/413499_pla_encore_dose_bruhe_fisch_hs_01_9.jpg" decoding="async" data-nimg="intrinsic" style="position:absolute;top:0;left:0;bottom:0;right:0;box-sizing:border-box;padding:0;border:none;margin:auto;display:block;width:0;height:0;min-width:100%;max-width:100%;min-height:100%;max-height:100%;object-fit:contain" data-sleek-node-id="1e092c"></span></div></div><div class="swiper-slide" data-active="false" data-zta="image-slide" style="width: 71.0909px; margin-right: 8px;"><div class="ImageWithLoader_imageWithLoader__ZpyYA loading"><span style="box-sizing:border-box;display:inline-block;overflow:hidden;width:initial;height:initial;background:none;opacity:1;border:0;margin:0;padding:0;position:relative;max-width:100%"><span style="box-sizing:border-box;display:block;width:initial;height:initial;background:none;opacity:1;border:0;margin:0;padding:0;max-width:100%"><img style="display:block;max-width:100%;width:initial;height:initial;background:none;opacity:1;border:0;margin:0;padding:0" alt="" aria-hidden="true" src="data:image/svg+xml,%3csvg%20xmlns=%27http://www.w3.org/2000/svg%27%20version=%271.1%27%20width=%2750%27%20height=%2750%27/%3e"></span><img title="Encore Cans in Broth Saver Pack 24 x 70g" alt="Encore Cans in Broth Saver Pack 24 x 70g" src="data:image/gif;base64,R0lGODlhAQABAIAAAAAAAP///yH5BAEAAAAALAAAAAABAAEAAAIBRAA7" decoding="async" data-nimg="intrinsic" style="position:absolute;top:0;left:0;bottom:0;right:0;box-sizing:border-box;padding:0;border:none;margin:auto;display:block;width:0;height:0;min-width:100%;max-width:100%;min-height:100%;max-height:100%;object-fit:contain"><noscript><img title="Encore Cans in Broth Saver Pack 24 x 70g" alt="Encore Cans in Broth Saver Pack 24 x 70g" src="https://media.zooplus.com/bilder/2/50/413499_encore_dose_bruhe_fisch_hs_02_2.jpg" decoding="async" data-nimg="intrinsic" style="position:absolute;top:0;left:0;bottom:0;right:0;box-sizing:border-box;padding:0;border:none;margin:auto;display:block;width:0;height:0;min-width:100%;max-width:100%;min-height:100%;max-height:100%;object-fit:contain" loading="lazy"/></noscript></span></div></div><div class="swiper-slide" data-active="false" data-zta="image-slide" style="width: 71.0909px; margin-right: 8px;"><div class="ImageWithLoader_imageWithLoader__ZpyYA loading"><span style="box-sizing:border-box;display:inline-block;overflow:hidden;width:initial;height:initial;background:none;opacity:1;border:0;margin:0;padding:0;position:relative;max-width:100%"><span style="box-sizing:border-box;display:block;width:initial;height:initial;background:none;opacity:1;border:0;margin:0;padding:0;max-width:100%"><img style="display:block;max-width:100%;width:initial;height:initial;background:none;opacity:1;border:0;margin:0;padding:0" alt="" aria-hidden="true" src="data:image/svg+xml,%3csvg%20xmlns=%27http://www.w3.org/2000/svg%27%20version=%271.1%27%20width=%2750%27%20height=%2750%27/%3e"></span><img title="Encore Cans in Broth Saver Pack 24 x 70g" alt="Encore Cans in Broth Saver Pack 24 x 70g" src="data:image/gif;base64,R0lGODlhAQABAIAAAAAAAP///yH5BAEAAAAALAAAAAABAAEAAAIBRAA7" decoding="async" data-nimg="intrinsic" style="position:absolute;top:0;left:0;bottom:0;right:0;box-sizing:border-box;padding:0;border:none;margin:auto;display:block;width:0;height:0;min-width:100%;max-width:100%;min-height:100%;max-height:100%;object-fit:contain"><noscript><img title="Encore Cans in Broth Saver Pack 24 x 70g" alt="Encore Cans in Broth Saver Pack 24 x 70g" src="https://media.zooplus.com/bilder/7/50/413499_encore_dose_bruhe_fisch_hs_03_7.jpg" decoding="async" data-nimg="intrinsic" style="position:absolute;top:0;left:0;bottom:0;right:0;box-sizing:border-box;padding:0;border:none;margin:auto;display:block;width:0;height:0;min-width:100%;max-width:100%;min-height:100%;max-height:100%;object-fit:contain" loading="lazy"/></noscript></span></div></div><div class="swiper-slide" data-active="false" data-zta="image-slide" style="width: 71.0909px; margin-right: 8px;"><div class="ImageWithLoader_imageWithLoader__ZpyYA loading"><span style="box-sizing:border-box;display:inline-block;overflow:hidden;width:initial;height:initial;background:none;opacity:1;border:0;margin:0;padding:0;position:relative;max-width:100%"><span style="box-sizing:border-box;display:block;width:initial;height:initial;background:none;opacity:1;border:0;margin:0;padding:0;max-width:100%"><img style="display:block;max-width:100%;width:initial;height:initial;background:none;opacity:1;border:0;margin:0;padding:0" alt="" aria-hidden="true" src="data:image/svg+xml,%3csvg%20xmlns=%27http://www.w3.org/2000/svg%27%20version=%271.1%27%20width=%2750%27%20height=%2750%27/%3e"></span><img title="Encore Cans in Broth Saver Pack 24 x 70g" alt="Encore Cans in Broth Saver Pack 24 x 70g" src="data:image/gif;base64,R0lGODlhAQABAIAAAAAAAP///yH5BAEAAAAALAAAAAABAAEAAAIBRAA7" decoding="async" data-nimg="intrinsic" style="position:absolute;top:0;left:0;bottom:0;right:0;box-sizing:border-box;padding:0;border:none;margin:auto;display:block;width:0;height:0;min-width:100%;max-width:100%;min-height:100%;max-height:100%;object-fit:contain"><noscript><img title="Encore Cans in Broth Saver Pack 24 x 70g" alt="Encore Cans in Broth Saver Pack 24 x 70g" src="https://media.zooplus.com/bilder/9/50/413500_pla_encore_dose_bruhe_feinste_hs_01_9.jpg" decoding="async" data-nimg="intrinsic" style="position:absolute;top:0;left:0;bottom:0;right:0;box-sizing:border-box;padding:0;border:none;margin:auto;display:block;width:0;height:0;min-width:100%;max-width:100%;min-height:100%;max-height:100%;object-fit:contain" loading="lazy"/></noscript></span></div></div><div class="swiper-slide" data-active="false" data-zta="image-slide" style="width: 71.0909px; margin-right: 8px;"><div class="ImageWithLoader_imageWithLoader__ZpyYA loading"><span style="box-sizing:border-box;display:inline-block;overflow:hidden;width:initial;height:initial;background:none;opacity:1;border:0;margin:0;padding:0;position:relative;max-width:100%"><span style="box-sizing:border-box;display:block;width:initial;height:initial;background:none;opacity:1;border:0;margin:0;padding:0;max-width:100%"><img style="display:block;max-width:100%;width:initial;height:initial;background:none;opacity:1;border:0;margin:0;padding:0" alt="" aria-hidden="true" src="data:image/svg+xml,%3csvg%20xmlns=%27http://www.w3.org/2000/svg%27%20version=%271.1%27%20width=%2750%27%20height=%2750%27/%3e"></span><img title="Encore Cans in Broth Saver Pack 24 x 70g" alt="Encore Cans in Broth Saver Pack 24 x 70g" src="data:image/gif;base64,R0lGODlhAQABAIAAAAAAAP///yH5BAEAAAAALAAAAAABAAEAAAIBRAA7" decoding="async" data-nimg="intrinsic" style="position:absolute;top:0;left:0;bottom:0;right:0;box-sizing:border-box;padding:0;border:none;margin:auto;display:block;width:0;height:0;min-width:100%;max-width:100%;min-height:100%;max-height:100%;object-fit:contain"><noscript><img title="Encore Cans in Broth Saver Pack 24 x 70g" alt="Encore Cans in Broth Saver Pack 24 x 70g" src="https://media.zooplus.com/bilder/5/50/413500_encore_dose_bruhe_feinste_hs_02_5.jpg" decoding="async" data-nimg="intrinsic" style="position:absolute;top:0;left:0;bottom:0;right:0;box-sizing:border-box;padding:0;border:none;margin:auto;display:block;width:0;height:0;min-width:100%;max-width:100%;min-height:100%;max-height:100%;object-fit:contain" loading="lazy"/></noscript></span></div></div><div class="swiper-slide" data-active="false" data-zta="image-slide" style="width: 71.0909px; margin-right: 8px;"><div class="ImageWithLoader_imageWithLoader__ZpyYA loading"><span style="box-sizing:border-box;display:inline-block;overflow:hidden;width:initial;height:initial;background:none;opacity:1;border:0;margin:0;padding:0;position:relative;max-width:100%"><span style="box-sizing:border-box;display:block;width:initial;height:initial;background:none;opacity:1;border:0;margin:0;padding:0;max-width:100%"><img style="display:block;max-width:100%;width:initial;height:initial;background:none;opacity:1;border:0;margin:0;padding:0" alt="" aria-hidden="true" src="data:image/svg+xml,%3csvg%20xmlns=%27http://www.w3.org/2000/svg%27%20version=%271.1%27%20width=%2750%27%20height=%2750%27/%3e"></span><img title="Encore Cans in Broth Saver Pack 24 x 70g" alt="Encore Cans in Broth Saver Pack 24 x 70g" src="data:image/gif;base64,R0lGODlhAQABAIAAAAAAAP///yH5BAEAAAAALAAAAAABAAEAAAIBRAA7" decoding="async" data-nimg="intrinsic" style="position:absolute;top:0;left:0;bottom:0;right:0;box-sizing:border-box;padding:0;border:none;margin:auto;display:block;width:0;height:0;min-width:100%;max-width:100%;min-height:100%;max-height:100%;object-fit:contain"><noscript><img title="Encore Cans in Broth Saver Pack 24 x 70g" alt="Encore Cans in Broth Saver Pack 24 x 70g" src="https://media.zooplus.com/bilder/9/50/413500_encore_dose_bruhe_feinste_hs_03_9.jpg" decoding="async" data-nimg="intrinsic" style="position:absolute;top:0;left:0;bottom:0;right:0;box-sizing:border-box;padding:0;border:none;margin:auto;display:block;width:0;height:0;min-width:100%;max-width:100%;min-height:100%;max-height:100%;object-fit:contain" loading="lazy"/></noscript></span></div></div><div class="swiper-slide" data-active="false" data-zta="image-slide" style="width: 71.0909px; margin-right: 8px;"><div class="ImageWithLoader_imageWithLoader__ZpyYA loading"><span style="box-sizing:border-box;display:inline-block;overflow:hidden;width:initial;height:initial;background:none;opacity:1;border:0;margin:0;padding:0;position:relative;max-width:100%"><span style="box-sizing:border-box;display:block;width:initial;height:initial;background:none;opacity:1;border:0;margin:0;padding:0;max-width:100%"><img style="display:block;max-width:100%;width:initial;height:initial;background:none;opacity:1;border:0;margin:0;padding:0" alt="" aria-hidden="true" src="data:image/svg+xml,%3csvg%20xmlns=%27http://www.w3.org/2000/svg%27%20version=%271.1%27%20width=%2750%27%20height=%2750%27/%3e"></span><img title="Encore Cans in Broth Saver Pack 24 x 70g" alt="Encore Cans in Broth Saver Pack 24 x 70g" src="data:image/gif;base64,R0lGODlhAQABAIAAAAAAAP///yH5BAEAAAAALAAAAAABAAEAAAIBRAA7" decoding="async" data-nimg="intrinsic" style="position:absolute;top:0;left:0;bottom:0;right:0;box-sizing:border-box;padding:0;border:none;margin:auto;display:block;width:0;height:0;min-width:100%;max-width:100%;min-height:100%;max-height:100%;object-fit:contain"><noscript><img title="Encore Cans in Broth Saver Pack 24 x 70g" alt="Encore Cans in Broth Saver Pack 24 x 70g" src="https://media.zooplus.com/bilder/1/50/413500_encore_dose_bruhe_feinste_hs_04_1.jpg" decoding="async" data-nimg="intrinsic" style="position:absolute;top:0;left:0;bottom:0;right:0;box-sizing:border-box;padding:0;border:none;margin:auto;display:block;width:0;height:0;min-width:100%;max-width:100%;min-height:100%;max-height:100%;object-fit:contain" loading="lazy"/></noscript></span></div></div></div></div><span data-zta="imageSwiper-left-arrow" class="ImageSwiper_imageSwiperPreviousThumbnailsButton__5_TBM swiper-button-prev disabled" data-sleek-node-id="262d94"><svg fill="currentColor" width="24" height="24" xmlns="http://www.w3.org/2000/svg" viewBox="0 0 24 24" role="img"><path d="M14.234 6.22a.75.75 0 0 1 1.133.976l-.073.084-4.626 4.625 4.626 4.627a.75.75 0 0 1 .073.977l-.073.084a.75.75 0 0 1-.976.072l-.084-.072L9.32 12.68a1.093 1.093 0 0 1-.086-1.45l.085-.096 4.914-4.914Z" fill-rule="evenodd"></path></svg></span><span data-zta="imageSwiper-right-arrow" class="ImageSwiper_imageSwiperNextThumbnailsButton__34OKc swiper-button-next" data-sleek-node-id="62d949"><svg fill="currentColor" width="24" height="24" xmlns="http://www.w3.org/2000/svg" viewBox="0 0 24 24" role="img"><path d="M10.28 6.22a.75.75 0 0 0-1.133.976l.073.084 4.626 4.625-4.626 4.627a.75.75 0 0 0-.073.977l.073.084a.75.75 0 0 0 .976.072l.084-.072 4.913-4.913a1.093 1.093 0 0 0 .086-1.45l-.085-.096L10.28 6.22Z" fill-rule="evenodd"></path></svg></span></div><div class="ImageSwiper_imageSwiperPrincipalContainer__SDHdb" data-sleek-node-id="01426e"><div class="swiper swiper-initialized swiper-horizontal swiper-pointer-events ImageSwiper_imageSwiperPrincipal__6_5wV" data-zta="image-swiper-principal-container" data-sleek-node-id="2d9490"><div class="swiper-wrapper" style="transform: translate3d(0px, 0px, 0px);" data-sleek-node-id="41527e"><div class="swiper-slide swiper-slide-active" data-zta="image-slide" style="width: 487px;" data-sleek-node-id="9c8ce2"><div data-sleek-node-id="a051ed"><span style="box-sizing:border-box;display:inline-block;overflow:hidden;width:initial;height:initial;background:none;opacity:1;border:0;margin:0;padding:0;position:relative;max-width:100%" data-sleek-node-id="1de34d"><span style="box-sizing:border-box;display:block;width:initial;height:initial;background:none;opacity:1;border:0;margin:0;padding:0;max-width:100%" data-sleek-node-id="e092c9"><img style="display:block;max-width:100%;width:initial;height:initial;background:none;opacity:1;border:0;margin:0;padding:0" alt="" aria-hidden="true" src="data:image/svg+xml,%3csvg%20xmlns=%27http://www.w3.org/2000/svg%27%20version=%271.1%27%20width=%27400%27%20height=%27400%27/%3e" data-sleek-node-id="acba8c"></span><img alt="Encore Cans in Broth Saver Pack 24 x 70g" title="Encore Cans in Broth Saver Pack 24 x 70g" src="https://media.zooplus.com/bilder/4/400/413498_pla_encore_dose_bruhe_huhn_hs_01_4.jpg" decoding="async" data-nimg="intrinsic" style="position:absolute;top:0;left:0;bottom:0;right:0;box-sizing:border-box;padding:0;border:none;margin:auto;display:block;width:0;height:0;min-width:100%;max-width:100%;min-height:100%;max-height:100%;object-fit:contain" data-sleek-node-id="092c92"></span></div></div><div class="swiper-slide swiper-slide-next" data-zta="image-slide" style="width: 487px;"><div><span style="box-sizing:border-box;display:inline-block;overflow:hidden;width:initial;height:initial;background:none;opacity:1;border:0;margin:0;padding:0;position:relative;max-width:100%"><span style="box-sizing:border-box;display:block;width:initial;height:initial;background:none;opacity:1;border:0;margin:0;padding:0;max-width:100%"><img style="display:block;max-width:100%;width:initial;height:initial;background:none;opacity:1;border:0;margin:0;padding:0" alt="" aria-hidden="true" src="data:image/svg+xml,%3csvg%20xmlns=%27http://www.w3.org/2000/svg%27%20version=%271.1%27%20width=%27400%27%20height=%27400%27/%3e"></span><img alt="Encore Cans in Broth Saver Pack 24 x 70g" title="Encore Cans in Broth Saver Pack 24 x 70g" src="https://media.zooplus.com/bilder/4/400/413498_encore_dose_bruhe_huhn_hs_01_3_4.jpg" decoding="async" data-nimg="intrinsic" style="position:absolute;top:0;left:0;bottom:0;right:0;box-sizing:border-box;padding:0;border:none;margin:auto;display:block;width:0;height:0;min-width:100%;max-width:100%;min-height:100%;max-height:100%;object-fit:contain"></span></div></div><div class="swiper-slide" data-zta="image-slide" style="width: 487px;"><div class="ImageWithLoader_imageWithLoader__ZpyYA loading"><span style="box-sizing:border-box;display:inline-block;overflow:hidden;width:initial;height:initial;background:none;opacity:1;border:0;margin:0;padding:0;position:relative;max-width:100%"><span style="box-sizing:border-box;display:block;width:initial;height:initial;background:none;opacity:1;border:0;margin:0;padding:0;max-width:100%"><img style="display:block;max-width:100%;width:initial;height:initial;background:none;opacity:1;border:0;margin:0;padding:0" alt="" aria-hidden="true" src="data:image/svg+xml,%3csvg%20xmlns=%27http://www.w3.org/2000/svg%27%20version=%271.1%27%20width=%27400%27%20height=%27400%27/%3e"></span><img title="Encore Cans in Broth Saver Pack 24 x 70g" alt="Encore Cans in Broth Saver Pack 24 x 70g" src="data:image/gif;base64,R0lGODlhAQABAIAAAAAAAP///yH5BAEAAAAALAAAAAABAAEAAAIBRAA7" decoding="async" data-nimg="intrinsic" style="position:absolute;top:0;left:0;bottom:0;right:0;box-sizing:border-box;padding:0;border:none;margin:auto;display:block;width:0;height:0;min-width:100%;max-width:100%;min-height:100%;max-height:100%;object-fit:contain"><noscript><img title="Encore Cans in Broth Saver Pack 24 x 70g" alt="Encore Cans in Broth Saver Pack 24 x 70g" src="https://media.zooplus.com/bilder/3/400/413498_pla_encore_dose_bruhe_huhn_hs_01_3.jpg" decoding="async" data-nimg="intrinsic" style="position:absolute;top:0;left:0;bottom:0;right:0;box-sizing:border-box;padding:0;border:none;margin:auto;display:block;width:0;height:0;min-width:100%;max-width:100%;min-height:100%;max-height:100%;object-fit:contain" loading="lazy"/></noscript></span></div></div><div class="swiper-slide" data-zta="image-slide" style="width: 487px;"><div class="ImageWithLoader_imageWithLoader__ZpyYA loading"><span style="box-sizing:border-box;display:inline-block;overflow:hidden;width:initial;height:initial;background:none;opacity:1;border:0;margin:0;padding:0;position:relative;max-width:100%"><span style="box-sizing:border-box;display:block;width:initial;height:initial;background:none;opacity:1;border:0;margin:0;padding:0;max-width:100%"><img style="display:block;max-width:100%;width:initial;height:initial;background:none;opacity:1;border:0;margin:0;padding:0" alt="" aria-hidden="true" src="data:image/svg+xml,%3csvg%20xmlns=%27http://www.w3.org/2000/svg%27%20version=%271.1%27%20width=%27400%27%20height=%27400%27/%3e"></span><img title="Encore Cans in Broth Saver Pack 24 x 70g" alt="Encore Cans in Broth Saver Pack 24 x 70g" src="data:image/gif;base64,R0lGODlhAQABAIAAAAAAAP///yH5BAEAAAAALAAAAAABAAEAAAIBRAA7" decoding="async" data-nimg="intrinsic" style="position:absolute;top:0;left:0;bottom:0;right:0;box-sizing:border-box;padding:0;border:none;margin:auto;display:block;width:0;height:0;min-width:100%;max-width:100%;min-height:100%;max-height:100%;object-fit:contain"><noscript><img title="Encore Cans in Broth Saver Pack 24 x 70g" alt="Encore Cans in Broth Saver Pack 24 x 70g" src="https://media.zooplus.com/bilder/2/400/413498_encore_dose_bruhe_huhn_hs_02_2.jpg" decoding="async" data-nimg="intrinsic" style="position:absolute;top:0;left:0;bottom:0;right:0;box-sizing:border-box;padding:0;border:none;margin:auto;display:block;width:0;height:0;min-width:100%;max-width:100%;min-height:100%;max-height:100%;object-fit:contain" loading="lazy"/></noscript></span></div></div><div class="swiper-slide" data-zta="image-slide" style="width: 487px;"><div class="ImageWithLoader_imageWithLoader__ZpyYA loading"><span style="box-sizing:border-box;display:inline-block;overflow:hidden;width:initial;height:initial;background:none;opacity:1;border:0;margin:0;padding:0;position:relative;max-width:100%"><span style="box-sizing:border-box;display:block;width:initial;height:initial;background:none;opacity:1;border:0;margin:0;padding:0;max-width:100%"><img style="display:block;max-width:100%;width:initial;height:initial;background:none;opacity:1;border:0;margin:0;padding:0" alt="" aria-hidden="true" src="data:image/svg+xml,%3csvg%20xmlns=%27http://www.w3.org/2000/svg%27%20version=%271.1%27%20width=%27400%27%20height=%27400%27/%3e"></span><img title="Encore Cans in Broth Saver Pack 24 x 70g" alt="Encore Cans in Broth Saver Pack 24 x 70g" src="data:image/gif;base64,R0lGODlhAQABAIAAAAAAAP///yH5BAEAAAAALAAAAAABAAEAAAIBRAA7" decoding="async" data-nimg="intrinsic" style="position:absolute;top:0;left:0;bottom:0;right:0;box-sizing:border-box;padding:0;border:none;margin:auto;display:block;width:0;height:0;min-width:100%;max-width:100%;min-height:100%;max-height:100%;object-fit:contain"><noscript><img title="Encore Cans in Broth Saver Pack 24 x 70g" alt="Encore Cans in Broth Saver Pack 24 x 70g" src="https://media.zooplus.com/bilder/4/400/413498_encore_dose_bruhe_huhn_hs_03_4.jpg" decoding="async" data-nimg="intrinsic" style="position:absolute;top:0;left:0;bottom:0;right:0;box-sizing:border-box;padding:0;border:none;margin:auto;display:block;width:0;height:0;min-width:100%;max-width:100%;min-height:100%;max-height:100%;object-fit:contain" loading="lazy"/></noscript></span></div></div><div class="swiper-slide" data-zta="image-slide" style="width: 487px;"><div class="ImageWithLoader_imageWithLoader__ZpyYA loading"><span style="box-sizing:border-box;display:inline-block;overflow:hidden;width:initial;height:initial;background:none;opacity:1;border:0;margin:0;padding:0;position:relative;max-width:100%"><span style="box-sizing:border-box;display:block;width:initial;height:initial;background:none;opacity:1;border:0;margin:0;padding:0;max-width:100%"><img style="display:block;max-width:100%;width:initial;height:initial;background:none;opacity:1;border:0;margin:0;padding:0" alt="" aria-hidden="true" src="data:image/svg+xml,%3csvg%20xmlns=%27http://www.w3.org/2000/svg%27%20version=%271.1%27%20width=%27400%27%20height=%27400%27/%3e"></span><img title="Encore Cans in Broth Saver Pack 24 x 70g" alt="Encore Cans in Broth Saver Pack 24 x 70g" src="data:image/gif;base64,R0lGODlhAQABAIAAAAAAAP///yH5BAEAAAAALAAAAAABAAEAAAIBRAA7" decoding="async" data-nimg="intrinsic" style="position:absolute;top:0;left:0;bottom:0;right:0;box-sizing:border-box;padding:0;border:none;margin:auto;display:block;width:0;height:0;min-width:100%;max-width:100%;min-height:100%;max-height:100%;object-fit:contain"><noscript><img title="Encore Cans in Broth Saver Pack 24 x 70g" alt="Encore Cans in Broth Saver Pack 24 x 70g" src="https://media.zooplus.com/bilder/9/400/413499_pla_encore_dose_bruhe_fisch_hs_01_9.jpg" decoding="async" data-nimg="intrinsic" style="position:absolute;top:0;left:0;bottom:0;right:0;box-sizing:border-box;padding:0;border:none;margin:auto;display:block;width:0;height:0;min-width:100%;max-width:100%;min-height:100%;max-height:100%;object-fit:contain" loading="lazy"/></noscript></span></div></div><div class="swiper-slide" data-zta="image-slide" style="width: 487px;"><div class="ImageWithLoader_imageWithLoader__ZpyYA loading"><span style="box-sizing:border-box;display:inline-block;overflow:hidden;width:initial;height:initial;background:none;opacity:1;border:0;margin:0;padding:0;position:relative;max-width:100%"><span style="box-sizing:border-box;display:block;width:initial;height:initial;background:none;opacity:1;border:0;margin:0;padding:0;max-width:100%"><img style="display:block;max-width:100%;width:initial;height:initial;background:none;opacity:1;border:0;margin:0;padding:0" alt="" aria-hidden="true" src="data:image/svg+xml,%3csvg%20xmlns=%27http://www.w3.org/2000/svg%27%20version=%271.1%27%20width=%27400%27%20height=%27400%27/%3e"></span><img title="Encore Cans in Broth Saver Pack 24 x 70g" alt="Encore Cans in Broth Saver Pack 24 x 70g" src="data:image/gif;base64,R0lGODlhAQABAIAAAAAAAP///yH5BAEAAAAALAAAAAABAAEAAAIBRAA7" decoding="async" data-nimg="intrinsic" style="position:absolute;top:0;left:0;bottom:0;right:0;box-sizing:border-box;padding:0;border:none;margin:auto;display:block;width:0;height:0;min-width:100%;max-width:100%;min-height:100%;max-height:100%;object-fit:contain"><noscript><img title="Encore Cans in Broth Saver Pack 24 x 70g" alt="Encore Cans in Broth Saver Pack 24 x 70g" src="https://media.zooplus.com/bilder/2/400/413499_encore_dose_bruhe_fisch_hs_02_2.jpg" decoding="async" data-nimg="intrinsic" style="position:absolute;top:0;left:0;bottom:0;right:0;box-sizing:border-box;padding:0;border:none;margin:auto;display:block;width:0;height:0;min-width:100%;max-width:100%;min-height:100%;max-height:100%;object-fit:contain" loading="lazy"/></noscript></span></div></div><div class="swiper-slide" data-zta="image-slide" style="width: 487px;"><div class="ImageWithLoader_imageWithLoader__ZpyYA loading"><span style="box-sizing:border-box;display:inline-block;overflow:hidden;width:initial;height:initial;background:none;opacity:1;border:0;margin:0;padding:0;position:relative;max-width:100%"><span style="box-sizing:border-box;display:block;width:initial;height:initial;background:none;opacity:1;border:0;margin:0;padding:0;max-width:100%"><img style="display:block;max-width:100%;width:initial;height:initial;background:none;opacity:1;border:0;margin:0;padding:0" alt="" aria-hidden="true" src="data:image/svg+xml,%3csvg%20xmlns=%27http://www.w3.org/2000/svg%27%20version=%271.1%27%20width=%27400%27%20height=%27400%27/%3e"></span><img title="Encore Cans in Broth Saver Pack 24 x 70g" alt="Encore Cans in Broth Saver Pack 24 x 70g" src="data:image/gif;base64,R0lGODlhAQABAIAAAAAAAP///yH5BAEAAAAALAAAAAABAAEAAAIBRAA7" decoding="async" data-nimg="intrinsic" style="position:absolute;top:0;left:0;bottom:0;right:0;box-sizing:border-box;padding:0;border:none;margin:auto;display:block;width:0;height:0;min-width:100%;max-width:100%;min-height:100%;max-height:100%;object-fit:contain"><noscript><img title="Encore Cans in Broth Saver Pack 24 x 70g" alt="Encore Cans in Broth Saver Pack 24 x 70g" src="https://media.zooplus.com/bilder/7/400/413499_encore_dose_bruhe_fisch_hs_03_7.jpg" decoding="async" data-nimg="intrinsic" style="position:absolute;top:0;left:0;bottom:0;right:0;box-sizing:border-box;padding:0;border:none;margin:auto;display:block;width:0;height:0;min-width:100%;max-width:100%;min-height:100%;max-height:100%;object-fit:contain" loading="lazy"/></noscript></span></div></div><div class="swiper-slide" data-zta="image-slide" style="width: 487px;"><div class="ImageWithLoader_imageWithLoader__ZpyYA loading"><span style="box-sizing:border-box;display:inline-block;overflow:hidden;width:initial;height:initial;background:none;opacity:1;border:0;margin:0;padding:0;position:relative;max-width:100%"><span style="box-sizing:border-box;display:block;width:initial;height:initial;background:none;opacity:1;border:0;margin:0;padding:0;max-width:100%"><img style="display:block;max-width:100%;width:initial;height:initial;background:none;opacity:1;border:0;margin:0;padding:0" alt="" aria-hidden="true" src="data:image/svg+xml,%3csvg%20xmlns=%27http://www.w3.org/2000/svg%27%20version=%271.1%27%20width=%27400%27%20height=%27400%27/%3e"></span><img title="Encore Cans in Broth Saver Pack 24 x 70g" alt="Encore Cans in Broth Saver Pack 24 x 70g" src="data:image/gif;base64,R0lGODlhAQABAIAAAAAAAP///yH5BAEAAAAALAAAAAABAAEAAAIBRAA7" decoding="async" data-nimg="intrinsic" style="position:absolute;top:0;left:0;bottom:0;right:0;box-sizing:border-box;padding:0;border:none;margin:auto;display:block;width:0;height:0;min-width:100%;max-width:100%;min-height:100%;max-height:100%;object-fit:contain"><noscript><img title="Encore Cans in Broth Saver Pack 24 x 70g" alt="Encore Cans in Broth Saver Pack 24 x 70g" src="https://media.zooplus.com/bilder/9/400/413500_pla_encore_dose_bruhe_feinste_hs_01_9.jpg" decoding="async" data-nimg="intrinsic" style="position:absolute;top:0;left:0;bottom:0;right:0;box-sizing:border-box;padding:0;border:none;margin:auto;display:block;width:0;height:0;min-width:100%;max-width:100%;min-height:100%;max-height:100%;object-fit:contain" loading="lazy"/></noscript></span></div></div><div class="swiper-slide" data-zta="image-slide" style="width: 487px;"><div class="ImageWithLoader_imageWithLoader__ZpyYA loading"><span style="box-sizing:border-box;display:inline-block;overflow:hidden;width:initial;height:initial;background:none;opacity:1;border:0;margin:0;padding:0;position:relative;max-width:100%"><span style="box-sizing:border-box;display:block;width:initial;height:initial;background:none;opacity:1;border:0;margin:0;padding:0;max-width:100%"><img style="display:block;max-width:100%;width:initial;height:initial;background:none;opacity:1;border:0;margin:0;padding:0" alt="" aria-hidden="true" src="data:image/svg+xml,%3csvg%20xmlns=%27http://www.w3.org/2000/svg%27%20version=%271.1%27%20width=%27400%27%20height=%27400%27/%3e"></span><img title="Encore Cans in Broth Saver Pack 24 x 70g" alt="Encore Cans in Broth Saver Pack 24 x 70g" src="data:image/gif;base64,R0lGODlhAQABAIAAAAAAAP///yH5BAEAAAAALAAAAAABAAEAAAIBRAA7" decoding="async" data-nimg="intrinsic" style="position:absolute;top:0;left:0;bottom:0;right:0;box-sizing:border-box;padding:0;border:none;margin:auto;display:block;width:0;height:0;min-width:100%;max-width:100%;min-height:100%;max-height:100%;object-fit:contain"><noscript><img title="Encore Cans in Broth Saver Pack 24 x 70g" alt="Encore Cans in Broth Saver Pack 24 x 70g" src="https://media.zooplus.com/bilder/5/400/413500_encore_dose_bruhe_feinste_hs_02_5.jpg" decoding="async" data-nimg="intrinsic" style="position:absolute;top:0;left:0;bottom:0;right:0;box-sizing:border-box;padding:0;border:none;margin:auto;display:block;width:0;height:0;min-width:100%;max-width:100%;min-height:100%;max-height:100%;object-fit:contain" loading="lazy"/></noscript></span></div></div><div class="swiper-slide" data-zta="image-slide" style="width: 487px;"><div class="ImageWithLoader_imageWithLoader__ZpyYA loading"><span style="box-sizing:border-box;display:inline-block;overflow:hidden;width:initial;height:initial;background:none;opacity:1;border:0;margin:0;padding:0;position:relative;max-width:100%"><span style="box-sizing:border-box;display:block;width:initial;height:initial;background:none;opacity:1;border:0;margin:0;padding:0;max-width:100%"><img style="display:block;max-width:100%;width:initial;height:initial;background:none;opacity:1;border:0;margin:0;padding:0" alt="" aria-hidden="true" src="data:image/svg+xml,%3csvg%20xmlns=%27http://www.w3.org/2000/svg%27%20version=%271.1%27%20width=%27400%27%20height=%27400%27/%3e"></span><img title="Encore Cans in Broth Saver Pack 24 x 70g" alt="Encore Cans in Broth Saver Pack 24 x 70g" src="data:image/gif;base64,R0lGODlhAQABAIAAAAAAAP///yH5BAEAAAAALAAAAAABAAEAAAIBRAA7" decoding="async" data-nimg="intrinsic" style="position:absolute;top:0;left:0;bottom:0;right:0;box-sizing:border-box;padding:0;border:none;margin:auto;display:block;width:0;height:0;min-width:100%;max-width:100%;min-height:100%;max-height:100%;object-fit:contain"><noscript><img title="Encore Cans in Broth Saver Pack 24 x 70g" alt="Encore Cans in Broth Saver Pack 24 x 70g" src="https://media.zooplus.com/bilder/9/400/413500_encore_dose_bruhe_feinste_hs_03_9.jpg" decoding="async" data-nimg="intrinsic" style="position:absolute;top:0;left:0;bottom:0;right:0;box-sizing:border-box;padding:0;border:none;margin:auto;display:block;width:0;height:0;min-width:100%;max-width:100%;min-height:100%;max-height:100%;object-fit:contain" loading="lazy"/></noscript></span></div></div><div class="swiper-slide" data-zta="image-slide" style="width: 487px;"><div class="ImageWithLoader_imageWithLoader__ZpyYA loading"><span style="box-sizing:border-box;display:inline-block;overflow:hidden;width:initial;height:initial;background:none;opacity:1;border:0;margin:0;padding:0;position:relative;max-width:100%"><span style="box-sizing:border-box;display:block;width:initial;height:initial;background:none;opacity:1;border:0;margin:0;padding:0;max-width:100%"><img style="display:block;max-width:100%;width:initial;height:initial;background:none;opacity:1;border:0;margin:0;padding:0" alt="" aria-hidden="true" src="data:image/svg+xml,%3csvg%20xmlns=%27http://www.w3.org/2000/svg%27%20version=%271.1%27%20width=%27400%27%20height=%27400%27/%3e"></span><img title="Encore Cans in Broth Saver Pack 24 x 70g" alt="Encore Cans in Broth Saver Pack 24 x 70g" src="data:image/gif;base64,R0lGODlhAQABAIAAAAAAAP///yH5BAEAAAAALAAAAAABAAEAAAIBRAA7" decoding="async" data-nimg="intrinsic" style="position:absolute;top:0;left:0;bottom:0;right:0;box-sizing:border-box;padding:0;border:none;margin:auto;display:block;width:0;height:0;min-width:100%;max-width:100%;min-height:100%;max-height:100%;object-fit:contain"><noscript><img title="Encore Cans in Broth Saver Pack 24 x 70g" alt="Encore Cans in Broth Saver Pack 24 x 70g" src="https://media.zooplus.com/bilder/1/400/413500_encore_dose_bruhe_feinste_hs_04_1.jpg" decoding="async" data-nimg="intrinsic" style="position:absolute;top:0;left:0;bottom:0;right:0;box-sizing:border-box;padding:0;border:none;margin:auto;display:block;width:0;height:0;min-width:100%;max-width:100%;min-height:100%;max-height:100%;object-fit:contain" loading="lazy"/></noscript></span></div></div></div></div><span data-zta="imageSliderPreviousButton" class="ImageSwiper_imageSwiperPrevNextPrincipalButton__OeodH swiper-button-prev disabled" data-sleek-node-id="d94900"><svg fill="currentColor" width="24" height="24" xmlns="http://www.w3.org/2000/svg" viewBox="0 0 24 24" role="img" class="ImageSwiper_imageSwiperContrastedArrowCircle__7XxQ1"><path d="M20.485 3.515c4.687 4.686 4.687 12.284 0 16.97-4.686 4.687-12.284 4.687-16.97 0-4.687-4.686-4.687-12.284 0-16.97 4.686-4.687 12.284-4.687 16.97 0Zm-15.91 1.06c-4.1 4.1-4.1 10.75 0 14.85s10.75 4.1 14.85 0 4.1-10.75 0-14.85-10.75-4.1-14.85 0Zm7.206 3.142a.75.75 0 0 1 0 1.06l-2.47 2.469 7.19.001a.75.75 0 1 1 0 1.5l-7.19-.001 2.47 2.47a.75.75 0 0 1-1.06 1.061l-3.75-3.75-.064-.072a.752.752 0 0 1-.005-.006l.069.078a.754.754 0 0 1-.22-.53v-.03l.004-.043-.004.073a.754.754 0 0 1 .22-.53l3.75-3.75a.75.75 0 0 1 1.06 0Z" fill-rule="evenodd"></path></svg></span><span data-zta="imageSliderNextButton" class="ImageSwiper_imageSwiperPrevNextPrincipalButton__OeodH swiper-button-next" data-sleek-node-id="949008"><svg fill="currentColor" width="24" height="24" xmlns="http://www.w3.org/2000/svg" viewBox="0 0 24 24" role="img" class="ImageSwiper_imageSwiperContrastedArrowCircle__7XxQ1"><path d="M3.515 3.515c4.686-4.687 12.284-4.687 16.97 0 4.687 4.686 4.687 12.284 0 16.97-4.686 4.687-12.284 4.687-16.97 0-4.687-4.686-4.687-12.284 0-16.97Zm15.91 1.06c-4.1-4.1-10.75-4.1-14.85 0s-4.1 10.75 0 14.85 10.75 4.1 14.85 0 4.1-10.75 0-14.85Zm-7.206 3.142a.75.75 0 0 1 1.06 0l3.75 3.75a.754.754 0 0 1 .22.53l-.004-.073c.002.014.003.029.003.044l.001.029a.763.763 0 0 1-.129.42.748.748 0 0 1-.09.11l.068-.078a.75.75 0 0 1-.005.006l-.064.072-3.75 3.75a.75.75 0 0 1-1.06-1.06l2.469-2.471-7.189.001a.75.75 0 0 1-.743-.648l-.007-.102a.75.75 0 0 1 .75-.75l7.189-.001-2.47-2.469a.75.75 0 0 1-.072-.976Z" fill-rule="evenodd"></path></svg></span><span class="ImageSwiper_imageSwiperZoomButton__aYj63" data-sleek-node-id="49008e"><svg fill="currentColor" width="24" height="24" xmlns="http://www.w3.org/2000/svg" viewBox="0 0 24 24" role="img"><path d="M9.814-.001c5.418.001 9.81 4.394 9.811 9.812 0 2.44-.89 4.672-2.364 6.39l6.52 6.519a.75.75 0 0 1-1.061 1.06l-6.52-6.519a9.774 9.774 0 0 1-6.388 2.364c-5.42 0-9.813-4.393-9.813-9.813 0-5.42 4.393-9.813 9.813-9.813h.002Zm0 1.5a8.313 8.313 0 1 0 5.876 14.19l.011-.01A8.313 8.313 0 0 0 9.814 1.5ZM9.75 4.5a.75.75 0 0 1 .75.75L10.499 9h3.751a.75.75 0 1 1 0 1.5h-3.751l.001 3.75a.75.75 0 1 1-1.5 0l-.001-3.75H5.25a.75.75 0 1 1 0-1.5h3.749L9 5.25a.75.75 0 0 1 .75-.75Z" fill-rule="evenodd"></path></svg></span></div></div></div><div class="PDPLayoutAboveTheFold_list__2UrXE" data-sleek-node-id="52f8fa"><div data-zta="productCard" class="PDPLayoutAboveTheFold_productCard__Uzkpw" data-sleek-node-id="4633cc"><div data-zta="article-selection" class="ArticleSelectionBox_articleSelectionBox__5IFbS" data-sleek-node-id="1426e9"><div data-zta="title-area" class="ArticleSelectionBox_titleArea__PFfKg" data-sleek-node-id="9008ef"><div data-zta="article-label" class="ArticleSelectionBox_title__0DfWH" data-sleek-node-id="1527ef">Choose item (3 options)</div></div><div data-zta="article-selection-box-menu" class="z-dropdown-menu z-dropdown-menu--bp-md" data-sleek-node-id="008ef8"><div data-zta="dropdownMenuInnerWrap" data-sleek-node-id="527ef9"><div data-zta="FormFieldProxySelectUIC" class="z-form-control-wrap" data-sleek-node-id="c8ce23"><div data-zta="dropdownMenuProxySelect" class="z-text-input z-select z-form-field-proxy__container" data-sleek-node-id="051ed2"><button id="article-selection-box-menu__trigger" aria-controls="article-selection-box-menu" aria-expanded="false" class="z-dropdown-menu__trigger" data-zta="dropdownMenuTriggerButton" type="button" data-sleek-node-id="de34df"><div class="ArticleSelectionBoxTrigger_variantWrapper__AX87W" data-sleek-node-id="92c920"><span data-zta="variant-description" class="ArticleSelectionBoxTrigger_variantDescription__nSIP4" data-sleek-node-id="cba8c1">Chicken Selection</span><span data-zta="variant-id" class="ArticleSelectionBoxTrigger_variantId__ZvLTE" data-sleek-node-id="ba8c19">1946560.0</span></div></button></div><svg fill="currentColor" width="24" height="24" xmlns="http://www.w3.org/2000/svg" viewBox="0 0 24 24" role="none" class="z-select__arrow"><path d="M6.57 9.93a.75.75 0 0 1 .977-1.134l.084.073 4.625 4.626 4.627-4.626a.75.75 0 0 1 .976-.073l.085.073a.75.75 0 0 1 .072.976l-.072.085-4.913 4.913a1.093 1.093 0 0 1-1.451.085l-.095-.084L6.57 9.93Z" fill-rule="evenodd"></path></svg></div><div data-zta="dropdownMenuBackdrop" class="z-dropdown-menu__backdrop" hidden="" id="article-selection-box-menu" style="z-index:9999"><div data-zta="dropdownMenuMenu" class="z-dropdown-menu__body"><div><div class="ArticleSelectionBox_dropdown__JHWi3"><div class="ArticleSelectionBox_dropdownHeader__dqG00" data-zta="article-selection-title-area"><div class="ArticleSelectionBox_title__0DfWH">Choose item (3 options)</div><svg fill="currentColor" width="24" height="24" xmlns="http://www.w3.org/2000/svg" viewBox="0 0 24 24" role="img" class="ArticleSelectionBox_crossIcon__J3lFZ"><path d="M7.28 6.22 12 10.939l4.72-4.72a.75.75 0 0 1 1.06 1.061L13.061 12l4.72 4.72a.75.75 0 0 1-1.061 1.06L12 13.061l-4.72 4.72a.75.75 0 0 1-1.06-1.061L10.939 12l-4.72-4.72A.75.75 0 0 1 7.28 6.22Z" fill-rule="evenodd"></path></svg></div><div class="ArticleSelectionBox_dropdownBody__BzIi5"><div class="VariantList_variantList__knrzh" data-zta="product-variant-list"><div class="Variant_variant__PJZu4" data-zta="product-variant" data-variant-id="5162435"><div class="Variant_variantCell__tWdOb Variant_activeVariant__dt6B_" data-zta="product-variant-description"><div data-zta="product-variant-description"><span data-zta="variantDescription" class="VariantDescription_description__GVB8Q">Chicken Selection</span><span class="VariantDescription_infoTagList__Wf2qR"></span></div></div><div class="Variant_variantCell__tWdOb Variant_activeVariant__dt6B_ Variant_variantCellPrice__3iUJ2" data-zta="product-variant-price"><div class="z-price Variant_variantPrice__dyV_a Price_price__y9Aev" data-zta="ProductReducedPriceUIC"><div class="z-price__note-wrap"><span class="z-price__note" data-zta="productReducedPricePrefix">individually priced  €29.98</span></div><div class="z-price__price-wrap"><span class="z-price__prepend" data-zta="productReducedPriceAmountIntro">Now</span> <span class="z-price__amount" data-zta="productReducedPriceAmount">€28.49</span></div><span class="z-price__note z-price__note--suffix" data-zta="productReducedPriceSuffix">€16.96 / kg</span></div></div></div><div class="Variant_variant__PJZu4" data-zta="product-variant" data-variant-id="5162437"><div class="Variant_variantCell__tWdOb" data-zta="product-variant-description"><div data-zta="product-variant-description"><span data-zta="variantDescription" class="VariantDescription_description__GVB8Q">Fish Selection</span><span class="VariantDescription_infoTagList__Wf2qR"></span></div></div><div class="Variant_variantCell__tWdOb Variant_variantCellPrice__3iUJ2" data-zta="product-variant-price"><div class="z-price Variant_variantPrice__dyV_a Price_price__y9Aev" data-zta="ProductReducedPriceUIC"><div class="z-price__note-wrap"><span class="z-price__note" data-zta="productReducedPricePrefix">individually priced  €29.98</span></div><div class="z-price__price-wrap"><span class="z-price__prepend" data-zta="productReducedPriceAmountIntro">Now</span> <span class="z-price__amount" data-zta="productReducedPriceAmount">€28.49</span></div><span class="z-price__note z-price__note--suffix" data-zta="productReducedPriceSuffix">€16.96 / kg</span></div></div></div><div class="Variant_variant__PJZu4" data-zta="product-variant" data-variant-id="5162436"><div class="Variant_variantCell__tWdOb" data-zta="product-variant-description"><div data-zta="product-variant-description"><span data-zta="variantDescription" class="VariantDescription_description__GVB8Q">Finest Selection</span><span class="VariantDescription_infoTagList__Wf2qR"></span></div></div><div class="Variant_variantCell__tWdOb Variant_variantCellPrice__3iUJ2" data-zta="product-variant-price"><div class="z-price Variant_variantPrice__dyV_a Price_price__y9Aev" data-zta="ProductReducedPriceUIC"><div class="z-price__note-wrap"><span class="z-price__note" data-zta="productReducedPricePrefix">individually priced  €29.98</span></div><div class="z-price__price-wrap"><span class="z-price__prepend" data-zta="productReducedPriceAmountIntro">Now</span> <span class="z-price__amount" data-zta="productReducedPriceAmount">€28.49</span></div><span class="z-price__note z-price__note--suffix" data-zta="productReducedPriceSuffix">€16.96 / kg</span></div></div></div></div></div></div></div></div></div></div></div></div><div data-zta="SelectedArticleBox" data-sleek-node-id="426e94"><div class="SelectedArticleBox_selectedArticleBox__EB5ii" data-sleek-node-id="08ef8e"><div class="SelectedArticleBox_selectedArticle__3PhZc" data-sleek-node-id="27ef90"><span class="SelectedArticleBox_topSection__5ESmp" data-zta="SelectedArticleBox__TopSection" data-sleek-node-id="8ce237"><div class="z-price SelectedArticleBox_priceArea__aGlCU Price_price__y9Aev" data-zta="ProductReducedPriceUIC" data-sleek-node-id="51ed20"><div class="z-price__note-wrap" data-sleek-node-id="e34df7"><span class="z-price__note" data-zta="productReducedPricePrefix" data-sleek-node-id="2c9206">individually priced  €29.98</span></div><div class="z-price__price-wrap" data-sleek-node-id="34df71"><span class="z-price__prepend" data-zta="productReducedPriceAmountIntro" data-sleek-node-id="c92069">Now</span> <span class="z-price__amount" data-zta="productReducedPriceAmount" data-sleek-node-id="92069e">€28.49</span></div><span class="z-price__note z-price__note--suffix" data-zta="productReducedPriceSuffix" data-sleek-node-id="4df719">€16.96 / kg</span></div></span><span class="SelectedArticleBox_bottomSection__7IfAK"></span></div><div class="SelectedArticleBox_actionButtonWrapper__e4cBg" data-sleek-node-id="7ef90c"><div data-zta="SelectedArticleBox__QuantityStepper" class="z-qty-stepper" data-sleek-node-id="ce2376"><button data-zta="quantityStepperDecrementButton" aria-label="Decrease quantity in basket" disabled="" type="button" class="z-qty-stepper__btn z-icon-button z-icon-button--size-large z-icon-button--variant-ghost" data-sleek-node-id="1ed203"><i class="z-qty-stepper__icon" data-sleek-node-id="df7195"><svg fill="currentColor" width="24" height="24" xmlns="http://www.w3.org/2000/svg" viewBox="0 0 24 24" role="none"><path d="M3.563 12.5c-.311 0-.563-.336-.563-.75s.252-.75.563-.75h16.875c.31 0 .562.336.562.75s-.252.75-.563.75H3.563Z" fill-rule="evenodd"></path></svg></i></button><input class="z-qty-stepper__input" data-zta="quantityStepperInput" type="text" aria-label="Number of items" maxlength="2" autocomplete="off" value="0" data-sleek-node-id="ed2039"><button data-zta="quantityStepperIncrementButton" aria-label="Increase quantity in basket" type="button" class="z-qty-stepper__btn z-icon-button z-icon-button--size-large z-icon-button--variant-primary" data-sleek-node-id="d2039e"><i class="z-qty-stepper__icon" data-sleek-node-id="f71956"><svg fill="currentColor" width="24" height="24" xmlns="http://www.w3.org/2000/svg" viewBox="0 0 24 24" role="none"><path d="M11.75 3c.414 0 .75.252.75.563V11h7.938c.31 0 .562.336.562.75s-.252.75-.563.75H12.5v7.938c0 .31-.336.562-.75.562s-.75-.252-.75-.563V12.5H3.562c-.31 0-.562-.336-.562-.75s.252-.75.563-.75H11V3.562c0-.31.336-.562.75-.562Z" fill-rule="evenodd"></path></svg></i></button></div><button data-zta="SelectedArticleBox__AddToCartButton" aria-label="Add to basket" data-article-id="5162435" data-shop-identifier="1946560" data-variant-id="0" data-quantity="0" type="button" class="z-btn z-btn--cart SelectedArticleBox_actionButton__OZOmR" data-sleek-node-id="e23769"><i class="z-btn__icon" data-sleek-node-id="2039e2"><svg width="24" height="24" viewBox="0 0 24 24" fill="currentColor" xmlns="http://www.w3.org/2000/svg" role="img"><path fill-rule="evenodd" clip-rule="evenodd" d="M16.0457 19.9265C16.6305 19.9265 17.1046 20.4005 17.1046 20.9853 17.1046 21.5701 16.6305 22.0442 16.0457 22.0442 15.4609 22.0442 14.9869 21.5701 14.9869 20.9853 14.9869 20.4005 15.4609 19.9265 16.0457 19.9265ZM9.86845 19.9265C10.4532 19.9265 10.9273 20.4005 10.9273 20.9853 10.9273 21.5701 10.4532 22.0442 9.86845 22.0442 9.28366 22.0442 8.80959 21.5701 8.80959 20.9853 8.80959 20.4005 9.28366 19.9265 9.86845 19.9265Z"></path><path d="M7.46117 17.9199L5.2893 5.15391C5.24945 4.9207 5.04708 4.74995 4.81047 4.75H4C3.58579 4.75 3.25 4.41421 3.25 4C3.25 3.58579 3.58579 3.25 4 3.25H4.81047C5.77839 3.24987 6.6054 3.94794 6.76802 4.90212L7.11653 6.95064H20.6786C21.0997 6.95054 21.4977 7.14449 21.7569 7.47643C22.0163 7.80845 22.1081 8.24147 22.0059 8.65018L20.8117 13.4273C20.4531 14.8609 19.165 15.8666 17.6873 15.8667H8.63342L8.94002 17.6689C8.97964 17.9024 9.18198 18.0732 9.41877 18.0732H17.5902C18.0044 18.0732 18.3402 18.4089 18.3402 18.8232C18.3402 19.2374 18.0044 19.5732 17.5902 19.5732H9.41877C8.45038 19.5732 7.62321 18.8747 7.46117 17.9199Z"></path></svg></i><span data-sleek-node-id="039e2a">Add to basket</span></button></div></div></div></div><div data-zta="additionalCostsInfo" class="AdditionalCosts_container__m1aiy" data-sleek-node-id="633cca"><div data-zta="productDeliveryInfo" class="DeliveryInfo_container__pHqy5" data-sleek-node-id="26e944"><svg fill="currentColor" width="24" height="24" xmlns="http://www.w3.org/2000/svg" viewBox="0 0 24 24" role="img" class="DeliveryInfo_icon__fxUJK"><path d="M15.658 4.5a3.75 3.75 0 0 1 3.638 2.84l.847 3.39c.669.325 1.731.833 1.727.831.623.304.976.499 1.26.714.652.491.87 1.043.87 1.975v1.5A2.25 2.25 0 0 1 21.75 18h-.878A2.25 2.25 0 0 1 16.628 18H7.372A2.25 2.25 0 0 1 3.128 18H2.25A2.25 2.25 0 0 1 0 15.75v-9A2.25 2.25 0 0 1 2.25 4.5h13.408Zm2.562 12.22a.75.75 0 1 0 1.06 1.06.75.75 0 0 0-1.06-1.06Zm-13.5 0a.75.75 0 1 0 1.06 1.06.75.75 0 0 0-1.06-1.06ZM12.75 6H2.25a.75.75 0 0 0-.75.75v9c0 .414.336.75.75.75h.878a2.25 2.25 0 0 1 4.244-.001h5.378V6Zm6.574 6-5.074-.001v4.5h2.378a2.25 2.25 0 0 1 4.244.001h.878a.75.75 0 0 0 .75-.75v-1.5c0-.5-.04-.603-.272-.777-.185-.14-.475-.3-1.015-.563.013.006-1.237-.592-1.89-.91ZM10 7.5c.69 0 1.25.56 1.25 1.25v2c0 .69-.56 1.25-1.25 1.25H4.25C3.56 12 3 11.44 3 10.75v-2c0-.69.56-1.25 1.25-1.25H10ZM15.658 6H14.25v4.499h4.289l-.699-2.795A2.25 2.25 0 0 0 15.658 6ZM9.75 9H4.5v1.5h5.25V9Z" fill-rule="evenodd"></path></svg><span data-zta="deliveryDetails" data-sleek-node-id="8ef8e8">Delivery in 3-6 working days</span><a data-zta="deliveryMoreInfo" class="z-anchor DeliveryInfo_anchor__KSDzy" data-sleek-node-id="ef8e83">more</a></div><div data-focus-guard="true" tabindex="-1" style="width:1px;height:0px;padding:0;overflow:hidden;position:fixed;top:1px;left:1px"></div><div data-focus-lock-disabled="disabled" class="z-modal-focus-lock" data-sleek-node-id="6e944d"><div data-zta="ModalUIC" class="z-modal" role="dialog" aria-modal="true" aria-labelledby="expected-delivery-date-dialog"><div data-zta="modalMain" class="z-modal__box z-modal__box--size-lg"><div data-zta="modalHeader" class="z-modal__header"><div data-zta="modalTitle" id="expected-delivery-date-dialog" class="z-modal__title">Delivery time information</div><button data-zta="modalCloseButton" aria-label="Close" data-autofocus="true" type="button" class="z-modal__close z-icon-button z-icon-button--size-large z-icon-button--variant-ghost"><svg fill="currentColor" width="24" height="24" xmlns="http://www.w3.org/2000/svg" viewBox="0 0 24 24" role="none"><path d="M1.28.22 12 10.939 22.72.219a.75.75 0 0 1 1.06 1.061L13.061 12l10.72 10.72a.75.75 0 0 1-1.061 1.06L12 13.061 1.28 23.781A.75.75 0 0 1 .22 22.72L10.939 12 .219 1.28A.75.75 0 0 1 1.28.22Z" fill-rule="evenodd"></path></svg></button></div><div data-zta="modalBody" class="z-modal__content"><div class="anchors_anchorsHTML__CP8io">Deliveries take place within 1-2 working days.<br><br>This may vary slightly depending on the payment method, availability, your location and public holidays. Orders fulfilled from our EU fulfillment centers are likely to take an additional 2-3 days. In ‘my zooplus’, you can track the status of your order at any time from receipt of order to delivery.</div></div><div data-zta="modalFooter" class="z-modal__footer"><button data-zta="modalSecondaryButton" type="button" class="z-btn z-btn--secondary z-modal__button">Close</button></div></div></div></div><div data-focus-guard="true" tabindex="-1" style="width:1px;height:0px;padding:0;overflow:hidden;position:fixed;top:1px;left:1px"></div><div class="ReturnPolicyLink_container__gQjsw" data-sleek-node-id="e944dc"><svg fill="currentColor" width="24" height="24" xmlns="http://www.w3.org/2000/svg" viewBox="0 0 24 24" role="img" class="ReturnPolicyLink_icon__SO3AC"><path d="M14.78 15.845a.75.75 0 0 1 .073.976l-.073.084a.75.75 0 0 1-.976.073l-.084-.073-2.25-2.25-.064-.072a.753.753 0 0 1-.007-.01l.07.082a.753.753 0 0 1-.146-.854.706.706 0 0 1 .147-.206l2.25-2.25a.75.75 0 0 1 1.133.976l-.073.084-.969.969.439.001a6.375 6.375 0 0 1 6.375 6.375.75.75 0 1 1-1.5 0 4.875 4.875 0 0 0-4.658-4.87l-.217-.005-.439-.001.97.97ZM13.09 3.25a1.875 1.875 0 0 1 1.464.71l.091.125 2.068 3.101c.3.306.496.714.531 1.167l.006.147v1.125a.75.75 0 0 1-1.493.102l-.007-.102V8.5a.374.374 0 0 0-.107-.262.022.022 0 0 1-.009-.006l.009.006a.374.374 0 0 0-.192-.105l-.076-.008H4.125a.374.374 0 0 0-.268.114l.01-.01a.374.374 0 0 0-.11.195L3.75 8.5v7.875c0 .181.129.332.3.367l.075.008h4.5a.75.75 0 0 1 .102 1.493l-.102.007h-4.5a1.875 1.875 0 0 1-1.87-1.728l-.005-.147V8.5c0-.51.204-.974.535-1.312l2.067-3.103a1.875 1.875 0 0 1 1.405-.829l.156-.006h6.676ZM9 4.75H6.413c-.1 0-.196.04-.265.11l-.047.057-1.139 1.708H9V4.75Zm4.088 0H10.5v1.875h4.036l-1.139-1.708a.375.375 0 0 0-.237-.16l-.072-.007Z" fill-rule="evenodd"></path></svg><span data-sleek-node-id="f8e839">Return Policy</span><a data-zta="returnPolicy" class="z-anchor ReturnPolicyLink_anchor__iX_ri" data-sleek-node-id="8e839d">more</a></div><div class="PriceInfo_container__MccdB" data-zta="productPriceInfo" data-sleek-node-id="944dc4">All prices include statutory VAT. <!-- -->Additional <a data-zta="shippingCosts" href="/info/about/shippingcosts" target="_blank" class="z-anchor PriceInfo_anchor__D9qzp" data-sleek-node-id="e839df">shipping costs</a> may apply.</div></div></div></div><div class="PDPLayoutBottom_container__oxES_ PDPLayoutBottom_list__lpO_U" data-sleek-node-id="ca0909"><div class="PDPLayoutBottom_leftColumn__qVPI6 PDPLayoutBottom_list__lpO_U" data-sleek-node-id="2f8fad"><div data-zta="first-vertical" class="slider-vertical PDPLayoutBottom_desktopOnly__iGnta" data-sleek-node-id="33cca3"><div class="
        RecommendationSlider_sliderContainer__HMQ6h" data-name="container_1" data-zta="recoSlider" data-sleek-node-id="44dc49"><span class="RecommendationSlider_sliderTitle__Xkt_Y z-h3" data-sleek-node-id="839dfb">Products you might find interesting</span><div class="RecommendationSlider_slider__Yd_cC" data-sleek-node-id="39dfb2"><div class="swiper swiper-initialized swiper-vertical swiper-pointer-events RecommendationSlider_swiper__bb_0E" data-sleek-node-id="ef90c4"><div class="swiper-wrapper" style="transform: translate3d(0px, 0px, 0px);" data-sleek-node-id="237690"><div class="swiper-slide swiper-slide-active" data-zta="product-slide" style="height: 417px;" data-sleek-node-id="39e2ab"><a data-zta="1946507" href="/shop/cats/canned_cat_food_pouches/encore/cans/1946507?zootopia_rec=true&amp;activeVariant=1946507.0&amp;cn=initial&amp;si=2&amp;pn=web_pdp&amp;pr=container_1&amp;strategy=28554372&amp;rk=1-12&amp;slot=1&amp;pi=1946507&amp;rri=fb1b23ed-1330-47e0-91d8-cfb8b7e1a14e" class="z-anchor RecommendationProductCard_slideCard__Vevzs" data-sleek-node-id="719562"><div class="RecommendationProductCard_imageContainer__L_pPY" data-sleek-node-id="2069e8"><div class="ImageWithLoader_imageWithLoader__ZpyYA" data-sleek-node-id="a8c194"><span style="box-sizing: border-box; display: inline-block; overflow: hidden; width: initial; height: initial; background: none; opacity: 1; border: 0px; margin: 0px; padding: 0px; position: relative; max-width: 100%;" data-sleek-node-id="05a13c"><span style="box-sizing: border-box; display: block; width: initial; height: initial; background: none; opacity: 1; border: 0px; margin: 0px; padding: 0px; max-width: 100%;" data-sleek-node-id="7f56a5"><img alt="" aria-hidden="true" src="data:image/svg+xml,%3csvg%20xmlns=%27http://www.w3.org/2000/svg%27%20version=%271.1%27%20width=%27109%27%20height=%27109%27/%3e" style="display: block; max-width: 100%; width: initial; height: initial; background: none; opacity: 1; border: 0px; margin: 0px; padding: 0px;" data-sleek-node-id="713e1e"></span><img title="Encore Cat Tin in Broth 12 x 70g" alt="Encore Cat Tin in Broth 12 x 70g" src="https://media.zooplus.com/bilder/0/300/413499_pla_encore_dose_bruhe_fisch_hs_01_0.jpg" decoding="async" data-nimg="intrinsic" style="position: absolute; inset: 0px; box-sizing: border-box; padding: 0px; border: none; margin: auto; display: block; width: 0px; height: 0px; min-width: 100%; max-width: 100%; min-height: 100%; max-height: 100%; object-fit: contain;" data-sleek-node-id="f56a58"></span></div></div><div class="RecommendationProductCard_ratingBarContainer__uVlxb" data-sleek-node-id="069e89"><div data-zta="RatingUIC" class="z-rating" data-sleek-node-id="8c1948"><span class="z-rating__star-wrap" data-sleek-node-id="5a13c5"><svg fill="currentColor" width="24" height="24" xmlns="http://www.w3.org/2000/svg" viewBox="0 0 24 24" role="none" class="z-rating__star"><path d="M7.446 7.12 10.603.857a1.569 1.569 0 0 1 2.794 0l.002.004 3.16 6.261 6.018.597a1.555 1.555 0 0 1 .966 2.654l-4.988 4.944 1.85 6.722a1.563 1.563 0 0 1-2.209 1.8L12 20.77l-6.183 3.063a1.563 1.563 0 0 1-2.211-1.804l1.848-6.715L.462 10.37a1.555 1.555 0 0 1 .954-2.653l6.03-.598Z" fill-rule="evenodd"></path></svg><svg fill="currentColor" width="24" height="24" xmlns="http://www.w3.org/2000/svg" viewBox="0 0 24 24" role="none" class="z-rating__star"><path d="M7.446 7.12 10.603.857a1.569 1.569 0 0 1 2.794 0l.002.004 3.16 6.261 6.018.597a1.555 1.555 0 0 1 .966 2.654l-4.988 4.944 1.85 6.722a1.563 1.563 0 0 1-2.209 1.8L12 20.77l-6.183 3.063a1.563 1.563 0 0 1-2.211-1.804l1.848-6.715L.462 10.37a1.555 1.555 0 0 1 .954-2.653l6.03-.598Z" fill-rule="evenodd"></path></svg><svg fill="currentColor" width="24" height="24" xmlns="http://www.w3.org/2000/svg" viewBox="0 0 24 24" role="none" class="z-rating__star"><path d="M7.446 7.12 10.603.857a1.569 1.569 0 0 1 2.794 0l.002.004 3.16 6.261 6.018.597a1.555 1.555 0 0 1 .966 2.654l-4.988 4.944 1.85 6.722a1.563 1.563 0 0 1-2.209 1.8L12 20.77l-6.183 3.063a1.563 1.563 0 0 1-2.211-1.804l1.848-6.715L.462 10.37a1.555 1.555 0 0 1 .954-2.653l6.03-.598Z" fill-rule="evenodd"></path></svg><svg fill="currentColor" width="24" height="24" xmlns="http://www.w3.org/2000/svg" viewBox="0 0 24 24" role="none" class="z-rating__star"><path d="M7.446 7.12 10.603.857a1.569 1.569 0 0 1 2.794 0l.002.004 3.16 6.261 6.018.597a1.555 1.555 0 0 1 .966 2.654l-4.988 4.944 1.85 6.722a1.563 1.563 0 0 1-2.209 1.8L12 20.77l-6.183 3.063a1.563 1.563 0 0 1-2.211-1.804l1.848-6.715L.462 10.37a1.555 1.555 0 0 1 .954-2.653l6.03-.598Z" fill-rule="evenodd"></path></svg><svg fill="currentColor" width="24" height="24" xmlns="http://www.w3.org/2000/svg" viewBox="0 0 24 24" role="none" class="z-rating__star"><path d="M7.446 7.12 10.603.857a1.569 1.569 0 0 1 2.794 0l.002.004 3.16 6.261 6.018.597a1.555 1.555 0 0 1 .966 2.654l-4.988 4.944 1.85 6.722a1.563 1.563 0 0 1-2.209 1.8L12 20.77l-6.183 3.063a1.563 1.563 0 0 1-2.211-1.804l1.848-6.715L.462 10.37a1.555 1.555 0 0 1 .954-2.653l6.03-.598Z" fill-rule="evenodd"></path></svg></span></div></div><div class="RecommendationProductCard_cardNameContainer__VS15l" data-sleek-node-id="69e89a"><p data-zta="P1UIC" title="Encore Cat Tin in Broth 12 x 70g" class="z-p1 RecommendationProductCard_cardName__XiZRn" data-sleek-node-id="c1948c">Encore Cat Tin in Broth 12 x 70g</p></div><div class="z-price RecommendationProductCard_price__aB5HQ Price_price__y9Aev" data-zta="ProductStandardPriceUIC" data-sleek-node-id="9e89a9"><div class="z-price__price-wrap" data-sleek-node-id="1948c0"><span class="z-price__amount z-price__amount--standard" data-zta="productStandardPriceAmount" data-sleek-node-id="a13c52">€14.99</span></div><span class="z-price__note z-price__note--suffix" data-zta="productStandardPriceSuffix" data-sleek-node-id="948c02">€17.85 / kg</span></div></a></div><div class="swiper-slide swiper-slide-next" data-zta="product-slide" style="height: 417px;" data-sleek-node-id="9e2abe"><a data-zta="697515" href="/shop/cats/canned_cat_food_pouches/encore/cans/697515?zootopia_rec=true&amp;activeVariant=697515.5&amp;cn=initial&amp;si=2&amp;pn=web_pdp&amp;pr=container_1&amp;strategy=28554372&amp;rk=1-12&amp;slot=2&amp;pi=697515&amp;rri=fb1b23ed-1330-47e0-91d8-cfb8b7e1a14e" class="z-anchor RecommendationProductCard_slideCard__Vevzs" data-sleek-node-id="19562a"><div class="RecommendationProductCard_imageContainer__L_pPY" data-sleek-node-id="e89a95"><div class="ImageWithLoader_imageWithLoader__ZpyYA" data-sleek-node-id="48c02a"><span style="box-sizing: border-box; display: inline-block; overflow: hidden; width: initial; height: initial; background: none; opacity: 1; border: 0px; margin: 0px; padding: 0px; position: relative; max-width: 100%;" data-sleek-node-id="13c523"><span style="box-sizing: border-box; display: block; width: initial; height: initial; background: none; opacity: 1; border: 0px; margin: 0px; padding: 0px; max-width: 100%;" data-sleek-node-id="56a58f"><img alt="" aria-hidden="true" src="data:image/svg+xml,%3csvg%20xmlns=%27http://www.w3.org/2000/svg%27%20version=%271.1%27%20width=%27109%27%20height=%27109%27/%3e" style="display: block; max-width: 100%; width: initial; height: initial; background: none; opacity: 1; border: 0px; margin: 0px; padding: 0px;" data-sleek-node-id="13e1eb"></span><img title="Encore Cat Tin 16 x 70g" alt="Encore Cat Tin 16 x 70g" src="https://media.zooplus.com/bilder/8/300/413224_pla_encore_dose_thunfischfilet_lachs_70g_hs_01_8.jpg" decoding="async" data-nimg="intrinsic" style="position: absolute; inset: 0px; box-sizing: border-box; padding: 0px; border: none; margin: auto; display: block; width: 0px; height: 0px; min-width: 100%; max-width: 100%; min-height: 100%; max-height: 100%; object-fit: contain;" data-sleek-node-id="6a58f0"></span></div></div><div class="RecommendationProductCard_ratingBarContainer__uVlxb" data-sleek-node-id="89a95d"><div data-zta="RatingUIC" class="z-rating" data-sleek-node-id="8c02a4"><span class="z-rating__star-wrap" data-sleek-node-id="3c5235"><svg fill="currentColor" width="24" height="24" xmlns="http://www.w3.org/2000/svg" viewBox="0 0 24 24" role="none" class="z-rating__star"><path d="M7.446 7.12 10.603.857a1.569 1.569 0 0 1 2.794 0l.002.004 3.16 6.261 6.018.597a1.555 1.555 0 0 1 .966 2.654l-4.988 4.944 1.85 6.722a1.563 1.563 0 0 1-2.209 1.8L12 20.77l-6.183 3.063a1.563 1.563 0 0 1-2.211-1.804l1.848-6.715L.462 10.37a1.555 1.555 0 0 1 .954-2.653l6.03-.598Z" fill-rule="evenodd"></path></svg><svg fill="currentColor" width="24" height="24" xmlns="http://www.w3.org/2000/svg" viewBox="0 0 24 24" role="none" class="z-rating__star"><path d="M7.446 7.12 10.603.857a1.569 1.569 0 0 1 2.794 0l.002.004 3.16 6.261 6.018.597a1.555 1.555 0 0 1 .966 2.654l-4.988 4.944 1.85 6.722a1.563 1.563 0 0 1-2.209 1.8L12 20.77l-6.183 3.063a1.563 1.563 0 0 1-2.211-1.804l1.848-6.715L.462 10.37a1.555 1.555 0 0 1 .954-2.653l6.03-.598Z" fill-rule="evenodd"></path></svg><svg fill="currentColor" width="24" height="24" xmlns="http://www.w3.org/2000/svg" viewBox="0 0 24 24" role="none" class="z-rating__star"><path d="M7.446 7.12 10.603.857a1.569 1.569 0 0 1 2.794 0l.002.004 3.16 6.261 6.018.597a1.555 1.555 0 0 1 .966 2.654l-4.988 4.944 1.85 6.722a1.563 1.563 0 0 1-2.209 1.8L12 20.77l-6.183 3.063a1.563 1.563 0 0 1-2.211-1.804l1.848-6.715L.462 10.37a1.555 1.555 0 0 1 .954-2.653l6.03-.598Z" fill-rule="evenodd"></path></svg><svg fill="currentColor" width="24" height="24" xmlns="http://www.w3.org/2000/svg" viewBox="0 0 24 24" role="none" class="z-rating__star"><path d="M7.446 7.12 10.603.857a1.569 1.569 0 0 1 2.794 0l.002.004 3.16 6.261 6.018.597a1.555 1.555 0 0 1 .966 2.654l-4.988 4.944 1.85 6.722a1.563 1.563 0 0 1-2.209 1.8L12 20.77l-6.183 3.063a1.563 1.563 0 0 1-2.211-1.804l1.848-6.715L.462 10.37a1.555 1.555 0 0 1 .954-2.653l6.03-.598Z" fill-rule="evenodd"></path></svg><svg fill="currentColor" width="24" height="24" xmlns="http://www.w3.org/2000/svg" viewBox="0 0 24 24" role="none" class="z-rating__star"><path d="M7.446 7.12 10.603.857a1.569 1.569 0 0 1 2.794 0l.002.004 3.16 6.261 6.018.597a1.555 1.555 0 0 1 .966 2.654l-4.988 4.944 1.85 6.722a1.563 1.563 0 0 1-2.209 1.8L12 20.77l-6.183 3.063a1.563 1.563 0 0 1-2.211-1.804l1.848-6.715L.462 10.37a1.555 1.555 0 0 1 .954-2.653l6.03-.598Z" fill-rule="evenodd"></path></svg></span></div></div><div class="RecommendationProductCard_cardNameContainer__VS15l" data-sleek-node-id="9a95da"><p data-zta="P1UIC" title="Encore Cat Tin 16 x 70g" class="z-p1 RecommendationProductCard_cardName__XiZRn" data-sleek-node-id="c02a48">Encore Cat Tin 16 x 70g</p></div><div class="z-price RecommendationProductCard_price__aB5HQ Price_price__y9Aev" data-zta="ProductStandardPriceUIC" data-sleek-node-id="a95da4"><div class="z-price__price-wrap" data-sleek-node-id="02a48b"><span class="z-price__amount z-price__amount--standard" data-zta="productStandardPriceAmount" data-sleek-node-id="c52357">€19.49</span></div><span class="z-price__note z-price__note--suffix" data-zta="productStandardPriceSuffix" data-sleek-node-id="2a48b2">€17.40 / kg</span></div></a></div><div class="swiper-slide" data-zta="product-slide" style="height: 417px;"><a data-zta="127063" href="/shop/cats/canned_cat_food_pouches/applaws/applaws_cans/127063?zootopia_rec=true&amp;activeVariant=127063.27&amp;cn=initial&amp;si=2&amp;pn=web_pdp&amp;pr=container_1&amp;strategy=28554372&amp;rk=1-12&amp;slot=3&amp;pi=127063&amp;rri=fb1b23ed-1330-47e0-91d8-cfb8b7e1a14e" class="z-anchor RecommendationProductCard_slideCard__Vevzs"><div class="RecommendationProductCard_imageContainer__L_pPY"><div class="ImageWithLoader_imageWithLoader__ZpyYA loading"><span style="box-sizing: border-box; display: inline-block; overflow: hidden; width: initial; height: initial; background: none; opacity: 1; border: 0px; margin: 0px; padding: 0px; position: relative; max-width: 100%;"><span style="box-sizing: border-box; display: block; width: initial; height: initial; background: none; opacity: 1; border: 0px; margin: 0px; padding: 0px; max-width: 100%;"><img alt="" aria-hidden="true" src="data:image/svg+xml,%3csvg%20xmlns=%27http://www.w3.org/2000/svg%27%20version=%271.1%27%20width=%27109%27%20height=%27109%27/%3e" style="display: block; max-width: 100%; width: initial; height: initial; background: none; opacity: 1; border: 0px; margin: 0px; padding: 0px;"></span><img title="Applaws Cat Food 70g - Chicken in Broth" alt="Applaws Cat Food 70g - Chicken in Broth" src="data:image/gif;base64,R0lGODlhAQABAIAAAAAAAP///yH5BAEAAAAALAAAAAABAAEAAAIBRAA7" decoding="async" data-nimg="intrinsic" style="position: absolute; inset: 0px; box-sizing: border-box; padding: 0px; border: none; margin: auto; display: block; width: 0px; height: 0px; min-width: 100%; max-width: 100%; min-height: 100%; max-height: 100%; object-fit: contain;"><noscript></noscript></span></div></div><div class="RecommendationProductCard_ratingBarContainer__uVlxb"><div data-zta="RatingUIC" class="z-rating"><span class="z-rating__star-wrap"><span class="pp-visually-hidden">: 5/5</span><svg fill="currentColor" width="24" height="24" xmlns="http://www.w3.org/2000/svg" viewBox="0 0 24 24" role="none" class="z-rating__star z-rating__star--full"><path d="M7.446 7.12 10.603.857a1.569 1.569 0 0 1 2.794 0l.002.004 3.16 6.261 6.018.597a1.555 1.555 0 0 1 .966 2.654l-4.988 4.944 1.85 6.722a1.563 1.563 0 0 1-2.209 1.8L12 20.77l-6.183 3.063a1.563 1.563 0 0 1-2.211-1.804l1.848-6.715L.462 10.37a1.555 1.555 0 0 1 .954-2.653l6.03-.598Z" fill-rule="evenodd"></path></svg><svg fill="currentColor" width="24" height="24" xmlns="http://www.w3.org/2000/svg" viewBox="0 0 24 24" role="none" class="z-rating__star z-rating__star--full"><path d="M7.446 7.12 10.603.857a1.569 1.569 0 0 1 2.794 0l.002.004 3.16 6.261 6.018.597a1.555 1.555 0 0 1 .966 2.654l-4.988 4.944 1.85 6.722a1.563 1.563 0 0 1-2.209 1.8L12 20.77l-6.183 3.063a1.563 1.563 0 0 1-2.211-1.804l1.848-6.715L.462 10.37a1.555 1.555 0 0 1 .954-2.653l6.03-.598Z" fill-rule="evenodd"></path></svg><svg fill="currentColor" width="24" height="24" xmlns="http://www.w3.org/2000/svg" viewBox="0 0 24 24" role="none" class="z-rating__star z-rating__star--full"><path d="M7.446 7.12 10.603.857a1.569 1.569 0 0 1 2.794 0l.002.004 3.16 6.261 6.018.597a1.555 1.555 0 0 1 .966 2.654l-4.988 4.944 1.85 6.722a1.563 1.563 0 0 1-2.209 1.8L12 20.77l-6.183 3.063a1.563 1.563 0 0 1-2.211-1.804l1.848-6.715L.462 10.37a1.555 1.555 0 0 1 .954-2.653l6.03-.598Z" fill-rule="evenodd"></path></svg><svg fill="currentColor" width="24" height="24" xmlns="http://www.w3.org/2000/svg" viewBox="0 0 24 24" role="none" class="z-rating__star z-rating__star--full"><path d="M7.446 7.12 10.603.857a1.569 1.569 0 0 1 2.794 0l.002.004 3.16 6.261 6.018.597a1.555 1.555 0 0 1 .966 2.654l-4.988 4.944 1.85 6.722a1.563 1.563 0 0 1-2.209 1.8L12 20.77l-6.183 3.063a1.563 1.563 0 0 1-2.211-1.804l1.848-6.715L.462 10.37a1.555 1.555 0 0 1 .954-2.653l6.03-.598Z" fill-rule="evenodd"></path></svg><svg fill="currentColor" width="24" height="24" xmlns="http://www.w3.org/2000/svg" viewBox="0 0 24 24" role="none" class="z-rating__star z-rating__star--full"><path d="M7.446 7.12 10.603.857a1.569 1.569 0 0 1 2.794 0l.002.004 3.16 6.261 6.018.597a1.555 1.555 0 0 1 .966 2.654l-4.988 4.944 1.85 6.722a1.563 1.563 0 0 1-2.209 1.8L12 20.77l-6.183 3.063a1.563 1.563 0 0 1-2.211-1.804l1.848-6.715L.462 10.37a1.555 1.555 0 0 1 .954-2.653l6.03-.598Z" fill-rule="evenodd"></path></svg></span></div></div><div class="RecommendationProductCard_cardNameContainer__VS15l"><p data-zta="P1UIC" title="Applaws Cat Food 70g - Chicken in Broth" class="z-p1 RecommendationProductCard_cardName__XiZRn">Applaws Cat Food 70g - Chicken in Broth</p></div><div class="z-price RecommendationProductCard_price__aB5HQ Price_price__y9Aev" data-zta="ProductStandardPriceUIC"><div class="z-price__price-wrap"><span class="z-price__amount z-price__amount--standard" data-zta="productStandardPriceAmount">€13.49</span></div><span class="z-price__note z-price__note--suffix" data-zta="productStandardPriceSuffix">€16.06 / kg</span></div></a></div><div class="swiper-slide" data-zta="product-slide" style="height: 417px;"><a data-zta="697438" href="/shop/cats/canned_cat_food_pouches/encore/cans/697438?zootopia_rec=true&amp;activeVariant=697438.4&amp;cn=initial&amp;si=2&amp;pn=web_pdp&amp;pr=container_1&amp;strategy=28554372&amp;rk=1-12&amp;slot=4&amp;pi=697438&amp;rri=fb1b23ed-1330-47e0-91d8-cfb8b7e1a14e" class="z-anchor RecommendationProductCard_slideCard__Vevzs"><div class="RecommendationProductCard_imageContainer__L_pPY"><div class="ImageWithLoader_imageWithLoader__ZpyYA loading"><span style="box-sizing: border-box; display: inline-block; overflow: hidden; width: initial; height: initial; background: none; opacity: 1; border: 0px; margin: 0px; padding: 0px; position: relative; max-width: 100%;"><span style="box-sizing: border-box; display: block; width: initial; height: initial; background: none; opacity: 1; border: 0px; margin: 0px; padding: 0px; max-width: 100%;"><img alt="" aria-hidden="true" src="data:image/svg+xml,%3csvg%20xmlns=%27http://www.w3.org/2000/svg%27%20version=%271.1%27%20width=%27109%27%20height=%27109%27/%3e" style="display: block; max-width: 100%; width: initial; height: initial; background: none; opacity: 1; border: 0px; margin: 0px; padding: 0px;"></span><img title="Encore Cat Tin Saver Pack 48 x 70g" alt="Encore Cat Tin Saver Pack 48 x 70g" src="data:image/gif;base64,R0lGODlhAQABAIAAAAAAAP///yH5BAEAAAAALAAAAAABAAEAAAIBRAA7" decoding="async" data-nimg="intrinsic" style="position: absolute; inset: 0px; box-sizing: border-box; padding: 0px; border: none; margin: auto; display: block; width: 0px; height: 0px; min-width: 100%; max-width: 100%; min-height: 100%; max-height: 100%; object-fit: contain;"><noscript></noscript></span></div></div><div class="RecommendationProductCard_ratingBarContainer__uVlxb"><div data-zta="RatingUIC" class="z-rating"><span class="z-rating__star-wrap"><span class="pp-visually-hidden">: 3/5</span><svg fill="currentColor" width="24" height="24" xmlns="http://www.w3.org/2000/svg" viewBox="0 0 24 24" role="none" class="z-rating__star z-rating__star--full"><path d="M7.446 7.12 10.603.857a1.569 1.569 0 0 1 2.794 0l.002.004 3.16 6.261 6.018.597a1.555 1.555 0 0 1 .966 2.654l-4.988 4.944 1.85 6.722a1.563 1.563 0 0 1-2.209 1.8L12 20.77l-6.183 3.063a1.563 1.563 0 0 1-2.211-1.804l1.848-6.715L.462 10.37a1.555 1.555 0 0 1 .954-2.653l6.03-.598Z" fill-rule="evenodd"></path></svg><svg fill="currentColor" width="24" height="24" xmlns="http://www.w3.org/2000/svg" viewBox="0 0 24 24" role="none" class="z-rating__star z-rating__star--full"><path d="M7.446 7.12 10.603.857a1.569 1.569 0 0 1 2.794 0l.002.004 3.16 6.261 6.018.597a1.555 1.555 0 0 1 .966 2.654l-4.988 4.944 1.85 6.722a1.563 1.563 0 0 1-2.209 1.8L12 20.77l-6.183 3.063a1.563 1.563 0 0 1-2.211-1.804l1.848-6.715L.462 10.37a1.555 1.555 0 0 1 .954-2.653l6.03-.598Z" fill-rule="evenodd"></path></svg><svg fill="currentColor" width="24" height="24" xmlns="http://www.w3.org/2000/svg" viewBox="0 0 24 24" role="none" class="z-rating__star z-rating__star--full"><path d="M7.446 7.12 10.603.857a1.569 1.569 0 0 1 2.794 0l.002.004 3.16 6.261 6.018.597a1.555 1.555 0 0 1 .966 2.654l-4.988 4.944 1.85 6.722a1.563 1.563 0 0 1-2.209 1.8L12 20.77l-6.183 3.063a1.563 1.563 0 0 1-2.211-1.804l1.848-6.715L.462 10.37a1.555 1.555 0 0 1 .954-2.653l6.03-.598Z" fill-rule="evenodd"></path></svg><svg fill="currentColor" width="24" height="24" xmlns="http://www.w3.org/2000/svg" viewBox="0 0 24 24" role="none" class="z-rating__star"><path d="M7.446 7.12 10.603.857a1.569 1.569 0 0 1 2.794 0l.002.004 3.16 6.261 6.018.597a1.555 1.555 0 0 1 .966 2.654l-4.988 4.944 1.85 6.722a1.563 1.563 0 0 1-2.209 1.8L12 20.77l-6.183 3.063a1.563 1.563 0 0 1-2.211-1.804l1.848-6.715L.462 10.37a1.555 1.555 0 0 1 .954-2.653l6.03-.598Z" fill-rule="evenodd"></path></svg><svg fill="currentColor" width="24" height="24" xmlns="http://www.w3.org/2000/svg" viewBox="0 0 24 24" role="none" class="z-rating__star"><path d="M7.446 7.12 10.603.857a1.569 1.569 0 0 1 2.794 0l.002.004 3.16 6.261 6.018.597a1.555 1.555 0 0 1 .966 2.654l-4.988 4.944 1.85 6.722a1.563 1.563 0 0 1-2.209 1.8L12 20.77l-6.183 3.063a1.563 1.563 0 0 1-2.211-1.804l1.848-6.715L.462 10.37a1.555 1.555 0 0 1 .954-2.653l6.03-.598Z" fill-rule="evenodd"></path></svg></span></div></div><div class="RecommendationProductCard_cardNameContainer__VS15l"><p data-zta="P1UIC" title="Encore Cat Tin Saver Pack 48 x 70g" class="z-p1 RecommendationProductCard_cardName__XiZRn">Encore Cat Tin Saver Pack 48 x 70g</p></div><div class="z-price RecommendationProductCard_price__aB5HQ Price_price__y9Aev" data-zta="ProductReducedPriceUIC"><div class="z-price__note-wrap"><span class="z-price__note" data-zta="productReducedPricePrefix">individually priced  €58.47</span></div><div class="z-price__price-wrap"><span class="z-price__prepend" data-zta="productReducedPriceAmountIntro">Now </span> <span class="z-price__amount" data-zta="productReducedPriceAmount">€56.99</span></div><span class="z-price__note z-price__note--suffix" data-zta="productReducedPriceSuffix">€16.96 / kg</span></div></a></div><div class="swiper-slide" data-zta="product-slide" style="height: 417px;"><a data-zta="1946457" href="/shop/cats/dry_cat_food/encore/1946457?zootopia_rec=true&amp;activeVariant=1946457.0&amp;cn=initial&amp;si=2&amp;pn=web_pdp&amp;pr=container_1&amp;strategy=28554372&amp;rk=1-12&amp;slot=5&amp;pi=1946457&amp;rri=fb1b23ed-1330-47e0-91d8-cfb8b7e1a14e" class="z-anchor RecommendationProductCard_slideCard__Vevzs"><div class="RecommendationProductCard_imageContainer__L_pPY"><div class="ImageWithLoader_imageWithLoader__ZpyYA loading"><span style="box-sizing: border-box; display: inline-block; overflow: hidden; width: initial; height: initial; background: none; opacity: 1; border: 0px; margin: 0px; padding: 0px; position: relative; max-width: 100%;"><span style="box-sizing: border-box; display: block; width: initial; height: initial; background: none; opacity: 1; border: 0px; margin: 0px; padding: 0px; max-width: 100%;"><img alt="" aria-hidden="true" src="data:image/svg+xml,%3csvg%20xmlns=%27http://www.w3.org/2000/svg%27%20version=%271.1%27%20width=%27109%27%20height=%27109%27/%3e" style="display: block; max-width: 100%; width: initial; height: initial; background: none; opacity: 1; border: 0px; margin: 0px; padding: 0px;"></span><img title="Encore Cat Chicken with Salmon" alt="Encore Cat Chicken with Salmon" src="data:image/gif;base64,R0lGODlhAQABAIAAAAAAAP///yH5BAEAAAAALAAAAAABAAEAAAIBRAA7" decoding="async" data-nimg="intrinsic" style="position: absolute; inset: 0px; box-sizing: border-box; padding: 0px; border: none; margin: auto; display: block; width: 0px; height: 0px; min-width: 100%; max-width: 100%; min-height: 100%; max-height: 100%; object-fit: contain;"><noscript></noscript></span></div></div><div class="RecommendationProductCard_ratingBarContainer__uVlxb"><div data-zta="RatingUIC" class="z-rating"><span class="z-rating__star-wrap"><svg fill="currentColor" width="24" height="24" xmlns="http://www.w3.org/2000/svg" viewBox="0 0 24 24" role="none" class="z-rating__star"><path d="M7.446 7.12 10.603.857a1.569 1.569 0 0 1 2.794 0l.002.004 3.16 6.261 6.018.597a1.555 1.555 0 0 1 .966 2.654l-4.988 4.944 1.85 6.722a1.563 1.563 0 0 1-2.209 1.8L12 20.77l-6.183 3.063a1.563 1.563 0 0 1-2.211-1.804l1.848-6.715L.462 10.37a1.555 1.555 0 0 1 .954-2.653l6.03-.598Z" fill-rule="evenodd"></path></svg><svg fill="currentColor" width="24" height="24" xmlns="http://www.w3.org/2000/svg" viewBox="0 0 24 24" role="none" class="z-rating__star"><path d="M7.446 7.12 10.603.857a1.569 1.569 0 0 1 2.794 0l.002.004 3.16 6.261 6.018.597a1.555 1.555 0 0 1 .966 2.654l-4.988 4.944 1.85 6.722a1.563 1.563 0 0 1-2.209 1.8L12 20.77l-6.183 3.063a1.563 1.563 0 0 1-2.211-1.804l1.848-6.715L.462 10.37a1.555 1.555 0 0 1 .954-2.653l6.03-.598Z" fill-rule="evenodd"></path></svg><svg fill="currentColor" width="24" height="24" xmlns="http://www.w3.org/2000/svg" viewBox="0 0 24 24" role="none" class="z-rating__star"><path d="M7.446 7.12 10.603.857a1.569 1.569 0 0 1 2.794 0l.002.004 3.16 6.261 6.018.597a1.555 1.555 0 0 1 .966 2.654l-4.988 4.944 1.85 6.722a1.563 1.563 0 0 1-2.209 1.8L12 20.77l-6.183 3.063a1.563 1.563 0 0 1-2.211-1.804l1.848-6.715L.462 10.37a1.555 1.555 0 0 1 .954-2.653l6.03-.598Z" fill-rule="evenodd"></path></svg><svg fill="currentColor" width="24" height="24" xmlns="http://www.w3.org/2000/svg" viewBox="0 0 24 24" role="none" class="z-rating__star"><path d="M7.446 7.12 10.603.857a1.569 1.569 0 0 1 2.794 0l.002.004 3.16 6.261 6.018.597a1.555 1.555 0 0 1 .966 2.654l-4.988 4.944 1.85 6.722a1.563 1.563 0 0 1-2.209 1.8L12 20.77l-6.183 3.063a1.563 1.563 0 0 1-2.211-1.804l1.848-6.715L.462 10.37a1.555 1.555 0 0 1 .954-2.653l6.03-.598Z" fill-rule="evenodd"></path></svg><svg fill="currentColor" width="24" height="24" xmlns="http://www.w3.org/2000/svg" viewBox="0 0 24 24" role="none" class="z-rating__star"><path d="M7.446 7.12 10.603.857a1.569 1.569 0 0 1 2.794 0l.002.004 3.16 6.261 6.018.597a1.555 1.555 0 0 1 .966 2.654l-4.988 4.944 1.85 6.722a1.563 1.563 0 0 1-2.209 1.8L12 20.77l-6.183 3.063a1.563 1.563 0 0 1-2.211-1.804l1.848-6.715L.462 10.37a1.555 1.555 0 0 1 .954-2.653l6.03-.598Z" fill-rule="evenodd"></path></svg></span></div></div><div class="RecommendationProductCard_cardNameContainer__VS15l"><p data-zta="P1UIC" title="Encore Cat Chicken with Salmon" class="z-p1 RecommendationProductCard_cardName__XiZRn">Encore Cat Chicken with Salmon</p></div><div class="z-price RecommendationProductCard_price__aB5HQ Price_price__y9Aev" data-zta="ProductReducedPriceUIC"><div class="z-price__note-wrap"><span class="z-price__note" data-zta="productReducedPricePrefix">individually priced  €21.98</span></div><div class="z-price__price-wrap"><span class="z-price__prepend" data-zta="productReducedPriceAmountIntro">Now </span> <span class="z-price__amount" data-zta="productReducedPriceAmount">€20.49</span></div><span class="z-price__note z-price__note--suffix" data-zta="productReducedPriceSuffix">€12.81 / kg</span></div><span data-zta="InfoTagUIC" class="RecommendationProductCard_infoTag__0OCMl z-info-tag z-info-tag--primary">Save 10%</span></a></div><div class="swiper-slide" data-zta="product-slide" style="height: 417px;"><a data-zta="491154" href="/shop/cats/canned_cat_food_pouches/cosma_nature/cosma_nature_kitten/491154?zootopia_rec=true&amp;activeVariant=491154.1&amp;cn=initial&amp;si=2&amp;pn=web_pdp&amp;pr=container_1&amp;strategy=28554372&amp;rk=1-12&amp;slot=6&amp;pi=491154&amp;rri=fb1b23ed-1330-47e0-91d8-cfb8b7e1a14e" class="z-anchor RecommendationProductCard_slideCard__Vevzs"><div class="RecommendationProductCard_imageContainer__L_pPY"><div class="ImageWithLoader_imageWithLoader__ZpyYA loading"><span style="box-sizing: border-box; display: inline-block; overflow: hidden; width: initial; height: initial; background: none; opacity: 1; border: 0px; margin: 0px; padding: 0px; position: relative; max-width: 100%;"><span style="box-sizing: border-box; display: block; width: initial; height: initial; background: none; opacity: 1; border: 0px; margin: 0px; padding: 0px; max-width: 100%;"><img alt="" aria-hidden="true" src="data:image/svg+xml,%3csvg%20xmlns=%27http://www.w3.org/2000/svg%27%20version=%271.1%27%20width=%27109%27%20height=%27109%27/%3e" style="display: block; max-width: 100%; width: initial; height: initial; background: none; opacity: 1; border: 0px; margin: 0px; padding: 0px;"></span><img title="Cosma Nature Kitten 6 x 70g" alt="Cosma Nature Kitten 6 x 70g" src="data:image/gif;base64,R0lGODlhAQABAIAAAAAAAP///yH5BAEAAAAALAAAAAABAAEAAAIBRAA7" decoding="async" data-nimg="intrinsic" style="position: absolute; inset: 0px; box-sizing: border-box; padding: 0px; border: none; margin: auto; display: block; width: 0px; height: 0px; min-width: 100%; max-width: 100%; min-height: 100%; max-height: 100%; object-fit: contain;"><noscript></noscript></span></div></div><div class="RecommendationProductCard_ratingBarContainer__uVlxb"><div data-zta="RatingUIC" class="z-rating"><span class="z-rating__star-wrap"><span class="pp-visually-hidden">: 5/5</span><svg fill="currentColor" width="24" height="24" xmlns="http://www.w3.org/2000/svg" viewBox="0 0 24 24" role="none" class="z-rating__star z-rating__star--full"><path d="M7.446 7.12 10.603.857a1.569 1.569 0 0 1 2.794 0l.002.004 3.16 6.261 6.018.597a1.555 1.555 0 0 1 .966 2.654l-4.988 4.944 1.85 6.722a1.563 1.563 0 0 1-2.209 1.8L12 20.77l-6.183 3.063a1.563 1.563 0 0 1-2.211-1.804l1.848-6.715L.462 10.37a1.555 1.555 0 0 1 .954-2.653l6.03-.598Z" fill-rule="evenodd"></path></svg><svg fill="currentColor" width="24" height="24" xmlns="http://www.w3.org/2000/svg" viewBox="0 0 24 24" role="none" class="z-rating__star z-rating__star--full"><path d="M7.446 7.12 10.603.857a1.569 1.569 0 0 1 2.794 0l.002.004 3.16 6.261 6.018.597a1.555 1.555 0 0 1 .966 2.654l-4.988 4.944 1.85 6.722a1.563 1.563 0 0 1-2.209 1.8L12 20.77l-6.183 3.063a1.563 1.563 0 0 1-2.211-1.804l1.848-6.715L.462 10.37a1.555 1.555 0 0 1 .954-2.653l6.03-.598Z" fill-rule="evenodd"></path></svg><svg fill="currentColor" width="24" height="24" xmlns="http://www.w3.org/2000/svg" viewBox="0 0 24 24" role="none" class="z-rating__star z-rating__star--full"><path d="M7.446 7.12 10.603.857a1.569 1.569 0 0 1 2.794 0l.002.004 3.16 6.261 6.018.597a1.555 1.555 0 0 1 .966 2.654l-4.988 4.944 1.85 6.722a1.563 1.563 0 0 1-2.209 1.8L12 20.77l-6.183 3.063a1.563 1.563 0 0 1-2.211-1.804l1.848-6.715L.462 10.37a1.555 1.555 0 0 1 .954-2.653l6.03-.598Z" fill-rule="evenodd"></path></svg><svg fill="currentColor" width="24" height="24" xmlns="http://www.w3.org/2000/svg" viewBox="0 0 24 24" role="none" class="z-rating__star z-rating__star--full"><path d="M7.446 7.12 10.603.857a1.569 1.569 0 0 1 2.794 0l.002.004 3.16 6.261 6.018.597a1.555 1.555 0 0 1 .966 2.654l-4.988 4.944 1.85 6.722a1.563 1.563 0 0 1-2.209 1.8L12 20.77l-6.183 3.063a1.563 1.563 0 0 1-2.211-1.804l1.848-6.715L.462 10.37a1.555 1.555 0 0 1 .954-2.653l6.03-.598Z" fill-rule="evenodd"></path></svg><svg fill="currentColor" width="24" height="24" xmlns="http://www.w3.org/2000/svg" viewBox="0 0 24 24" role="none" class="z-rating__star z-rating__star--full"><path d="M7.446 7.12 10.603.857a1.569 1.569 0 0 1 2.794 0l.002.004 3.16 6.261 6.018.597a1.555 1.555 0 0 1 .966 2.654l-4.988 4.944 1.85 6.722a1.563 1.563 0 0 1-2.209 1.8L12 20.77l-6.183 3.063a1.563 1.563 0 0 1-2.211-1.804l1.848-6.715L.462 10.37a1.555 1.555 0 0 1 .954-2.653l6.03-.598Z" fill-rule="evenodd"></path></svg></span></div></div><div class="RecommendationProductCard_cardNameContainer__VS15l"><p data-zta="P1UIC" title="Cosma Nature Kitten 6 x 70g" class="z-p1 RecommendationProductCard_cardName__XiZRn">Cosma Nature Kitten 6 x 70g</p></div><div class="z-price RecommendationProductCard_price__aB5HQ Price_price__y9Aev" data-zta="ProductStandardPriceUIC"><div class="z-price__price-wrap"><span class="z-price__amount z-price__amount--standard" data-zta="productStandardPriceAmount">€8.49</span></div><span class="z-price__note z-price__note--suffix" data-zta="productStandardPriceSuffix">€20.21 / kg</span></div><span data-zta="InfoTagUIC" class="RecommendationProductCard_infoTag__0OCMl z-info-tag z-info-tag--primary">Save 20%</span></a></div><div class="swiper-slide" data-zta="product-slide" style="height: 417px;"><a data-zta="1965018" href="/shop/cats/canned_cat_food_pouches/purizon_wet_cat_food/purizon_wet_food_cat_adult/1965018?zootopia_rec=true&amp;activeVariant=1965018.2&amp;cn=initial&amp;si=2&amp;pn=web_pdp&amp;pr=container_1&amp;strategy=28554372&amp;rk=1-12&amp;slot=7&amp;pi=1965018&amp;rri=fb1b23ed-1330-47e0-91d8-cfb8b7e1a14e" class="z-anchor RecommendationProductCard_slideCard__Vevzs"><div class="RecommendationProductCard_imageContainer__L_pPY"><div class="ImageWithLoader_imageWithLoader__ZpyYA loading"><span style="box-sizing: border-box; display: inline-block; overflow: hidden; width: initial; height: initial; background: none; opacity: 1; border: 0px; margin: 0px; padding: 0px; position: relative; max-width: 100%;"><span style="box-sizing: border-box; display: block; width: initial; height: initial; background: none; opacity: 1; border: 0px; margin: 0px; padding: 0px; max-width: 100%;"><img alt="" aria-hidden="true" src="data:image/svg+xml,%3csvg%20xmlns=%27http://www.w3.org/2000/svg%27%20version=%271.1%27%20width=%27109%27%20height=%27109%27/%3e" style="display: block; max-width: 100%; width: initial; height: initial; background: none; opacity: 1; border: 0px; margin: 0px; padding: 0px;"></span><img title="Purizon Superfoods 6 x 70g" alt="Purizon Superfoods 6 x 70g" src="data:image/gif;base64,R0lGODlhAQABAIAAAAAAAP///yH5BAEAAAAALAAAAAABAAEAAAIBRAA7" decoding="async" data-nimg="intrinsic" style="position: absolute; inset: 0px; box-sizing: border-box; padding: 0px; border: none; margin: auto; display: block; width: 0px; height: 0px; min-width: 100%; max-width: 100%; min-height: 100%; max-height: 100%; object-fit: contain;"><noscript></noscript></span></div></div><div class="RecommendationProductCard_ratingBarContainer__uVlxb"><div data-zta="RatingUIC" class="z-rating"><span class="z-rating__star-wrap"><svg fill="currentColor" width="24" height="24" xmlns="http://www.w3.org/2000/svg" viewBox="0 0 24 24" role="none" class="z-rating__star"><path d="M7.446 7.12 10.603.857a1.569 1.569 0 0 1 2.794 0l.002.004 3.16 6.261 6.018.597a1.555 1.555 0 0 1 .966 2.654l-4.988 4.944 1.85 6.722a1.563 1.563 0 0 1-2.209 1.8L12 20.77l-6.183 3.063a1.563 1.563 0 0 1-2.211-1.804l1.848-6.715L.462 10.37a1.555 1.555 0 0 1 .954-2.653l6.03-.598Z" fill-rule="evenodd"></path></svg><svg fill="currentColor" width="24" height="24" xmlns="http://www.w3.org/2000/svg" viewBox="0 0 24 24" role="none" class="z-rating__star"><path d="M7.446 7.12 10.603.857a1.569 1.569 0 0 1 2.794 0l.002.004 3.16 6.261 6.018.597a1.555 1.555 0 0 1 .966 2.654l-4.988 4.944 1.85 6.722a1.563 1.563 0 0 1-2.209 1.8L12 20.77l-6.183 3.063a1.563 1.563 0 0 1-2.211-1.804l1.848-6.715L.462 10.37a1.555 1.555 0 0 1 .954-2.653l6.03-.598Z" fill-rule="evenodd"></path></svg><svg fill="currentColor" width="24" height="24" xmlns="http://www.w3.org/2000/svg" viewBox="0 0 24 24" role="none" class="z-rating__star"><path d="M7.446 7.12 10.603.857a1.569 1.569 0 0 1 2.794 0l.002.004 3.16 6.261 6.018.597a1.555 1.555 0 0 1 .966 2.654l-4.988 4.944 1.85 6.722a1.563 1.563 0 0 1-2.209 1.8L12 20.77l-6.183 3.063a1.563 1.563 0 0 1-2.211-1.804l1.848-6.715L.462 10.37a1.555 1.555 0 0 1 .954-2.653l6.03-.598Z" fill-rule="evenodd"></path></svg><svg fill="currentColor" width="24" height="24" xmlns="http://www.w3.org/2000/svg" viewBox="0 0 24 24" role="none" class="z-rating__star"><path d="M7.446 7.12 10.603.857a1.569 1.569 0 0 1 2.794 0l.002.004 3.16 6.261 6.018.597a1.555 1.555 0 0 1 .966 2.654l-4.988 4.944 1.85 6.722a1.563 1.563 0 0 1-2.209 1.8L12 20.77l-6.183 3.063a1.563 1.563 0 0 1-2.211-1.804l1.848-6.715L.462 10.37a1.555 1.555 0 0 1 .954-2.653l6.03-.598Z" fill-rule="evenodd"></path></svg><svg fill="currentColor" width="24" height="24" xmlns="http://www.w3.org/2000/svg" viewBox="0 0 24 24" role="none" class="z-rating__star"><path d="M7.446 7.12 10.603.857a1.569 1.569 0 0 1 2.794 0l.002.004 3.16 6.261 6.018.597a1.555 1.555 0 0 1 .966 2.654l-4.988 4.944 1.85 6.722a1.563 1.563 0 0 1-2.209 1.8L12 20.77l-6.183 3.063a1.563 1.563 0 0 1-2.211-1.804l1.848-6.715L.462 10.37a1.555 1.555 0 0 1 .954-2.653l6.03-.598Z" fill-rule="evenodd"></path></svg></span></div></div><div class="RecommendationProductCard_cardNameContainer__VS15l"><p data-zta="P1UIC" title="Purizon Superfoods 6 x 70g" class="z-p1 RecommendationProductCard_cardName__XiZRn">Purizon Superfoods 6 x 70g</p></div><div class="z-price RecommendationProductCard_price__aB5HQ Price_price__y9Aev" data-zta="ProductStandardPriceUIC"><div class="z-price__price-wrap"><span class="z-price__amount z-price__amount--standard" data-zta="productStandardPriceAmount">€8.99</span></div><span class="z-price__note z-price__note--suffix" data-zta="productStandardPriceSuffix">€21.40 / kg</span></div></a></div><div class="swiper-slide" data-zta="product-slide" style="height: 417px;"><a data-zta="1879357" href="/shop/cats/canned_cat_food_pouches/purizon_wet_cat_food/organic/1879357?zootopia_rec=true&amp;activeVariant=1879357.1&amp;cn=initial&amp;si=2&amp;pn=web_pdp&amp;pr=container_1&amp;strategy=28554372&amp;rk=1-12&amp;slot=8&amp;pi=1879357&amp;rri=fb1b23ed-1330-47e0-91d8-cfb8b7e1a14e" class="z-anchor RecommendationProductCard_slideCard__Vevzs"><div class="RecommendationProductCard_imageContainer__L_pPY"><div class="ImageWithLoader_imageWithLoader__ZpyYA loading"><span style="box-sizing: border-box; display: inline-block; overflow: hidden; width: initial; height: initial; background: none; opacity: 1; border: 0px; margin: 0px; padding: 0px; position: relative; max-width: 100%;"><span style="box-sizing: border-box; display: block; width: initial; height: initial; background: none; opacity: 1; border: 0px; margin: 0px; padding: 0px; max-width: 100%;"><img alt="" aria-hidden="true" src="data:image/svg+xml,%3csvg%20xmlns=%27http://www.w3.org/2000/svg%27%20version=%271.1%27%20width=%27109%27%20height=%27109%27/%3e" style="display: block; max-width: 100%; width: initial; height: initial; background: none; opacity: 1; border: 0px; margin: 0px; padding: 0px;"></span><img title="Purizon Organic Saver Pack 24 x 200 g" alt="Purizon Organic Saver Pack 24 x 200 g" src="data:image/gif;base64,R0lGODlhAQABAIAAAAAAAP///yH5BAEAAAAALAAAAAABAAEAAAIBRAA7" decoding="async" data-nimg="intrinsic" style="position: absolute; inset: 0px; box-sizing: border-box; padding: 0px; border: none; margin: auto; display: block; width: 0px; height: 0px; min-width: 100%; max-width: 100%; min-height: 100%; max-height: 100%; object-fit: contain;"><noscript></noscript></span></div></div><div class="RecommendationProductCard_ratingBarContainer__uVlxb"><div data-zta="RatingUIC" class="z-rating"><span class="z-rating__star-wrap"><svg fill="currentColor" width="24" height="24" xmlns="http://www.w3.org/2000/svg" viewBox="0 0 24 24" role="none" class="z-rating__star"><path d="M7.446 7.12 10.603.857a1.569 1.569 0 0 1 2.794 0l.002.004 3.16 6.261 6.018.597a1.555 1.555 0 0 1 .966 2.654l-4.988 4.944 1.85 6.722a1.563 1.563 0 0 1-2.209 1.8L12 20.77l-6.183 3.063a1.563 1.563 0 0 1-2.211-1.804l1.848-6.715L.462 10.37a1.555 1.555 0 0 1 .954-2.653l6.03-.598Z" fill-rule="evenodd"></path></svg><svg fill="currentColor" width="24" height="24" xmlns="http://www.w3.org/2000/svg" viewBox="0 0 24 24" role="none" class="z-rating__star"><path d="M7.446 7.12 10.603.857a1.569 1.569 0 0 1 2.794 0l.002.004 3.16 6.261 6.018.597a1.555 1.555 0 0 1 .966 2.654l-4.988 4.944 1.85 6.722a1.563 1.563 0 0 1-2.209 1.8L12 20.77l-6.183 3.063a1.563 1.563 0 0 1-2.211-1.804l1.848-6.715L.462 10.37a1.555 1.555 0 0 1 .954-2.653l6.03-.598Z" fill-rule="evenodd"></path></svg><svg fill="currentColor" width="24" height="24" xmlns="http://www.w3.org/2000/svg" viewBox="0 0 24 24" role="none" class="z-rating__star"><path d="M7.446 7.12 10.603.857a1.569 1.569 0 0 1 2.794 0l.002.004 3.16 6.261 6.018.597a1.555 1.555 0 0 1 .966 2.654l-4.988 4.944 1.85 6.722a1.563 1.563 0 0 1-2.209 1.8L12 20.77l-6.183 3.063a1.563 1.563 0 0 1-2.211-1.804l1.848-6.715L.462 10.37a1.555 1.555 0 0 1 .954-2.653l6.03-.598Z" fill-rule="evenodd"></path></svg><svg fill="currentColor" width="24" height="24" xmlns="http://www.w3.org/2000/svg" viewBox="0 0 24 24" role="none" class="z-rating__star"><path d="M7.446 7.12 10.603.857a1.569 1.569 0 0 1 2.794 0l.002.004 3.16 6.261 6.018.597a1.555 1.555 0 0 1 .966 2.654l-4.988 4.944 1.85 6.722a1.563 1.563 0 0 1-2.209 1.8L12 20.77l-6.183 3.063a1.563 1.563 0 0 1-2.211-1.804l1.848-6.715L.462 10.37a1.555 1.555 0 0 1 .954-2.653l6.03-.598Z" fill-rule="evenodd"></path></svg><svg fill="currentColor" width="24" height="24" xmlns="http://www.w3.org/2000/svg" viewBox="0 0 24 24" role="none" class="z-rating__star"><path d="M7.446 7.12 10.603.857a1.569 1.569 0 0 1 2.794 0l.002.004 3.16 6.261 6.018.597a1.555 1.555 0 0 1 .966 2.654l-4.988 4.944 1.85 6.722a1.563 1.563 0 0 1-2.209 1.8L12 20.77l-6.183 3.063a1.563 1.563 0 0 1-2.211-1.804l1.848-6.715L.462 10.37a1.555 1.555 0 0 1 .954-2.653l6.03-.598Z" fill-rule="evenodd"></path></svg></span></div></div><div class="RecommendationProductCard_cardNameContainer__VS15l"><p data-zta="P1UIC" title="Purizon Organic Saver Pack 24 x 200 g" class="z-p1 RecommendationProductCard_cardName__XiZRn">Purizon Organic Saver Pack 24 x 200 g</p></div><div class="z-price RecommendationProductCard_price__aB5HQ Price_price__y9Aev" data-zta="ProductReducedPriceUIC"><div class="z-price__note-wrap"><span class="z-price__note" data-zta="productReducedPricePrefix">individually priced  €67.96</span></div><div class="z-price__price-wrap"><span class="z-price__prepend" data-zta="productReducedPriceAmountIntro">Now </span> <span class="z-price__amount" data-zta="productReducedPriceAmount">€64.99</span></div><span class="z-price__note z-price__note--suffix" data-zta="productReducedPriceSuffix">€13.54 / kg</span></div></a></div><div class="swiper-slide" data-zta="product-slide" style="height: 417px;"><a data-zta="1483613" href="/shop/cats/canned_cat_food_pouches/greenwoods/greenwoods_delight_cat_wet/1483613?zootopia_rec=true&amp;activeVariant=1483613.1&amp;cn=initial&amp;si=2&amp;pn=web_pdp&amp;pr=container_1&amp;strategy=28554372&amp;rk=1-12&amp;slot=9&amp;pi=1483613&amp;rri=fb1b23ed-1330-47e0-91d8-cfb8b7e1a14e" class="z-anchor RecommendationProductCard_slideCard__Vevzs"><div class="RecommendationProductCard_imageContainer__L_pPY"><div class="ImageWithLoader_imageWithLoader__ZpyYA loading"><span style="box-sizing: border-box; display: inline-block; overflow: hidden; width: initial; height: initial; background: none; opacity: 1; border: 0px; margin: 0px; padding: 0px; position: relative; max-width: 100%;"><span style="box-sizing: border-box; display: block; width: initial; height: initial; background: none; opacity: 1; border: 0px; margin: 0px; padding: 0px; max-width: 100%;"><img alt="" aria-hidden="true" src="data:image/svg+xml,%3csvg%20xmlns=%27http://www.w3.org/2000/svg%27%20version=%271.1%27%20width=%27109%27%20height=%27109%27/%3e" style="display: block; max-width: 100%; width: initial; height: initial; background: none; opacity: 1; border: 0px; margin: 0px; padding: 0px;"></span><img title="Greenwoods Delight Tuna Fillet" alt="Greenwoods Delight Tuna Fillet" src="data:image/gif;base64,R0lGODlhAQABAIAAAAAAAP///yH5BAEAAAAALAAAAAABAAEAAAIBRAA7" decoding="async" data-nimg="intrinsic" style="position: absolute; inset: 0px; box-sizing: border-box; padding: 0px; border: none; margin: auto; display: block; width: 0px; height: 0px; min-width: 100%; max-width: 100%; min-height: 100%; max-height: 100%; object-fit: contain;"><noscript></noscript></span></div></div><div class="RecommendationProductCard_ratingBarContainer__uVlxb"><div data-zta="RatingUIC" class="z-rating"><span class="z-rating__star-wrap"><span class="pp-visually-hidden">: 5/5</span><svg fill="currentColor" width="24" height="24" xmlns="http://www.w3.org/2000/svg" viewBox="0 0 24 24" role="none" class="z-rating__star z-rating__star--full"><path d="M7.446 7.12 10.603.857a1.569 1.569 0 0 1 2.794 0l.002.004 3.16 6.261 6.018.597a1.555 1.555 0 0 1 .966 2.654l-4.988 4.944 1.85 6.722a1.563 1.563 0 0 1-2.209 1.8L12 20.77l-6.183 3.063a1.563 1.563 0 0 1-2.211-1.804l1.848-6.715L.462 10.37a1.555 1.555 0 0 1 .954-2.653l6.03-.598Z" fill-rule="evenodd"></path></svg><svg fill="currentColor" width="24" height="24" xmlns="http://www.w3.org/2000/svg" viewBox="0 0 24 24" role="none" class="z-rating__star z-rating__star--full"><path d="M7.446 7.12 10.603.857a1.569 1.569 0 0 1 2.794 0l.002.004 3.16 6.261 6.018.597a1.555 1.555 0 0 1 .966 2.654l-4.988 4.944 1.85 6.722a1.563 1.563 0 0 1-2.209 1.8L12 20.77l-6.183 3.063a1.563 1.563 0 0 1-2.211-1.804l1.848-6.715L.462 10.37a1.555 1.555 0 0 1 .954-2.653l6.03-.598Z" fill-rule="evenodd"></path></svg><svg fill="currentColor" width="24" height="24" xmlns="http://www.w3.org/2000/svg" viewBox="0 0 24 24" role="none" class="z-rating__star z-rating__star--full"><path d="M7.446 7.12 10.603.857a1.569 1.569 0 0 1 2.794 0l.002.004 3.16 6.261 6.018.597a1.555 1.555 0 0 1 .966 2.654l-4.988 4.944 1.85 6.722a1.563 1.563 0 0 1-2.209 1.8L12 20.77l-6.183 3.063a1.563 1.563 0 0 1-2.211-1.804l1.848-6.715L.462 10.37a1.555 1.555 0 0 1 .954-2.653l6.03-.598Z" fill-rule="evenodd"></path></svg><svg fill="currentColor" width="24" height="24" xmlns="http://www.w3.org/2000/svg" viewBox="0 0 24 24" role="none" class="z-rating__star z-rating__star--full"><path d="M7.446 7.12 10.603.857a1.569 1.569 0 0 1 2.794 0l.002.004 3.16 6.261 6.018.597a1.555 1.555 0 0 1 .966 2.654l-4.988 4.944 1.85 6.722a1.563 1.563 0 0 1-2.209 1.8L12 20.77l-6.183 3.063a1.563 1.563 0 0 1-2.211-1.804l1.848-6.715L.462 10.37a1.555 1.555 0 0 1 .954-2.653l6.03-.598Z" fill-rule="evenodd"></path></svg><svg fill="currentColor" width="24" height="24" xmlns="http://www.w3.org/2000/svg" viewBox="0 0 24 24" role="none" class="z-rating__star z-rating__star--full"><path d="M7.446 7.12 10.603.857a1.569 1.569 0 0 1 2.794 0l.002.004 3.16 6.261 6.018.597a1.555 1.555 0 0 1 .966 2.654l-4.988 4.944 1.85 6.722a1.563 1.563 0 0 1-2.209 1.8L12 20.77l-6.183 3.063a1.563 1.563 0 0 1-2.211-1.804l1.848-6.715L.462 10.37a1.555 1.555 0 0 1 .954-2.653l6.03-.598Z" fill-rule="evenodd"></path></svg></span></div></div><div class="RecommendationProductCard_cardNameContainer__VS15l"><p data-zta="P1UIC" title="Greenwoods Delight Tuna Fillet" class="z-p1 RecommendationProductCard_cardName__XiZRn">Greenwoods Delight Tuna Fillet</p></div><div class="z-price RecommendationProductCard_price__aB5HQ Price_price__y9Aev" data-zta="ProductReducedPriceUIC"><div class="z-price__note-wrap"><span class="z-price__note" data-zta="productReducedPricePrefix">individually priced  €29.96</span></div><div class="z-price__price-wrap"><span class="z-price__prepend" data-zta="productReducedPriceAmountIntro">Now </span> <span class="z-price__amount" data-zta="productReducedPriceAmount">€28.99</span></div><span class="z-price__note z-price__note--suffix" data-zta="productReducedPriceSuffix">€17.26 / kg</span></div><span data-zta="InfoTagUIC" class="RecommendationProductCard_infoTag__0OCMl z-info-tag z-info-tag--primary">Save 20%</span></a></div><div class="swiper-slide" data-zta="product-slide" style="height: 417px;"><a data-zta="1652917" href="/shop/cats/dry_cat_food/concept_for_life_dry/concept_for_life_specialised/1652917?zootopia_rec=true&amp;activeVariant=1652917.2&amp;cn=initial&amp;si=2&amp;pn=web_pdp&amp;pr=container_1&amp;strategy=28554372&amp;rk=1-12&amp;slot=10&amp;pi=1652917&amp;rri=fb1b23ed-1330-47e0-91d8-cfb8b7e1a14e" class="z-anchor RecommendationProductCard_slideCard__Vevzs"><div class="RecommendationProductCard_imageContainer__L_pPY"><div class="ImageWithLoader_imageWithLoader__ZpyYA loading"><span style="box-sizing: border-box; display: inline-block; overflow: hidden; width: initial; height: initial; background: none; opacity: 1; border: 0px; margin: 0px; padding: 0px; position: relative; max-width: 100%;"><span style="box-sizing: border-box; display: block; width: initial; height: initial; background: none; opacity: 1; border: 0px; margin: 0px; padding: 0px; max-width: 100%;"><img alt="" aria-hidden="true" src="data:image/svg+xml,%3csvg%20xmlns=%27http://www.w3.org/2000/svg%27%20version=%271.1%27%20width=%27109%27%20height=%27109%27/%3e" style="display: block; max-width: 100%; width: initial; height: initial; background: none; opacity: 1; border: 0px; margin: 0px; padding: 0px;"></span><img title="Concept for Life Calm" alt="Concept for Life Calm" src="data:image/gif;base64,R0lGODlhAQABAIAAAAAAAP///yH5BAEAAAAALAAAAAABAAEAAAIBRAA7" decoding="async" data-nimg="intrinsic" style="position: absolute; inset: 0px; box-sizing: border-box; padding: 0px; border: none; margin: auto; display: block; width: 0px; height: 0px; min-width: 100%; max-width: 100%; min-height: 100%; max-height: 100%; object-fit: contain;"><noscript></noscript></span></div></div><div class="RecommendationProductCard_ratingBarContainer__uVlxb"><div data-zta="RatingUIC" class="z-rating"><span class="z-rating__star-wrap"><span class="pp-visually-hidden">: 5/5</span><svg fill="currentColor" width="24" height="24" xmlns="http://www.w3.org/2000/svg" viewBox="0 0 24 24" role="none" class="z-rating__star z-rating__star--full"><path d="M7.446 7.12 10.603.857a1.569 1.569 0 0 1 2.794 0l.002.004 3.16 6.261 6.018.597a1.555 1.555 0 0 1 .966 2.654l-4.988 4.944 1.85 6.722a1.563 1.563 0 0 1-2.209 1.8L12 20.77l-6.183 3.063a1.563 1.563 0 0 1-2.211-1.804l1.848-6.715L.462 10.37a1.555 1.555 0 0 1 .954-2.653l6.03-.598Z" fill-rule="evenodd"></path></svg><svg fill="currentColor" width="24" height="24" xmlns="http://www.w3.org/2000/svg" viewBox="0 0 24 24" role="none" class="z-rating__star z-rating__star--full"><path d="M7.446 7.12 10.603.857a1.569 1.569 0 0 1 2.794 0l.002.004 3.16 6.261 6.018.597a1.555 1.555 0 0 1 .966 2.654l-4.988 4.944 1.85 6.722a1.563 1.563 0 0 1-2.209 1.8L12 20.77l-6.183 3.063a1.563 1.563 0 0 1-2.211-1.804l1.848-6.715L.462 10.37a1.555 1.555 0 0 1 .954-2.653l6.03-.598Z" fill-rule="evenodd"></path></svg><svg fill="currentColor" width="24" height="24" xmlns="http://www.w3.org/2000/svg" viewBox="0 0 24 24" role="none" class="z-rating__star z-rating__star--full"><path d="M7.446 7.12 10.603.857a1.569 1.569 0 0 1 2.794 0l.002.004 3.16 6.261 6.018.597a1.555 1.555 0 0 1 .966 2.654l-4.988 4.944 1.85 6.722a1.563 1.563 0 0 1-2.209 1.8L12 20.77l-6.183 3.063a1.563 1.563 0 0 1-2.211-1.804l1.848-6.715L.462 10.37a1.555 1.555 0 0 1 .954-2.653l6.03-.598Z" fill-rule="evenodd"></path></svg><svg fill="currentColor" width="24" height="24" xmlns="http://www.w3.org/2000/svg" viewBox="0 0 24 24" role="none" class="z-rating__star z-rating__star--full"><path d="M7.446 7.12 10.603.857a1.569 1.569 0 0 1 2.794 0l.002.004 3.16 6.261 6.018.597a1.555 1.555 0 0 1 .966 2.654l-4.988 4.944 1.85 6.722a1.563 1.563 0 0 1-2.209 1.8L12 20.77l-6.183 3.063a1.563 1.563 0 0 1-2.211-1.804l1.848-6.715L.462 10.37a1.555 1.555 0 0 1 .954-2.653l6.03-.598Z" fill-rule="evenodd"></path></svg><svg fill="currentColor" width="24" height="24" xmlns="http://www.w3.org/2000/svg" viewBox="0 0 24 24" role="none" class="z-rating__star z-rating__star--full"><path d="M7.446 7.12 10.603.857a1.569 1.569 0 0 1 2.794 0l.002.004 3.16 6.261 6.018.597a1.555 1.555 0 0 1 .966 2.654l-4.988 4.944 1.85 6.722a1.563 1.563 0 0 1-2.209 1.8L12 20.77l-6.183 3.063a1.563 1.563 0 0 1-2.211-1.804l1.848-6.715L.462 10.37a1.555 1.555 0 0 1 .954-2.653l6.03-.598Z" fill-rule="evenodd"></path></svg></span></div></div><div class="RecommendationProductCard_cardNameContainer__VS15l"><p data-zta="P1UIC" title="Concept for Life Calm" class="z-p1 RecommendationProductCard_cardName__XiZRn">Concept for Life Calm</p></div><div class="z-price RecommendationProductCard_price__aB5HQ Price_price__y9Aev" data-zta="ProductStandardPriceUIC"><div class="z-price__price-wrap"><span class="z-price__amount z-price__amount--standard" data-zta="productStandardPriceAmount">€24.99</span></div><span class="z-price__note z-price__note--suffix" data-zta="productStandardPriceSuffix">€8.33 / kg</span></div></a></div><div class="swiper-slide" data-zta="product-slide" style="height: 417px;"><a data-zta="173444" href="/shop/cats/canned_cat_food_pouches/cosma/cans/173444?zootopia_rec=true&amp;activeVariant=173444.14&amp;cn=initial&amp;si=2&amp;pn=web_pdp&amp;pr=container_1&amp;strategy=28554372&amp;rk=1-12&amp;slot=11&amp;pi=173444&amp;rri=fb1b23ed-1330-47e0-91d8-cfb8b7e1a14e" class="z-anchor RecommendationProductCard_slideCard__Vevzs"><div class="RecommendationProductCard_imageContainer__L_pPY"><div class="ImageWithLoader_imageWithLoader__ZpyYA loading"><span style="box-sizing: border-box; display: inline-block; overflow: hidden; width: initial; height: initial; background: none; opacity: 1; border: 0px; margin: 0px; padding: 0px; position: relative; max-width: 100%;"><span style="box-sizing: border-box; display: block; width: initial; height: initial; background: none; opacity: 1; border: 0px; margin: 0px; padding: 0px; max-width: 100%;"><img alt="" aria-hidden="true" src="data:image/svg+xml,%3csvg%20xmlns=%27http://www.w3.org/2000/svg%27%20version=%271.1%27%20width=%27109%27%20height=%27109%27/%3e" style="display: block; max-width: 100%; width: initial; height: initial; background: none; opacity: 1; border: 0px; margin: 0px; padding: 0px;"></span><img title="Cosma Original in Jelly Saver Pack 24 x 170g" alt="Cosma Original in Jelly Saver Pack 24 x 170g" src="data:image/gif;base64,R0lGODlhAQABAIAAAAAAAP///yH5BAEAAAAALAAAAAABAAEAAAIBRAA7" decoding="async" data-nimg="intrinsic" style="position: absolute; inset: 0px; box-sizing: border-box; padding: 0px; border: none; margin: auto; display: block; width: 0px; height: 0px; min-width: 100%; max-width: 100%; min-height: 100%; max-height: 100%; object-fit: contain;"><noscript></noscript></span></div></div><div class="RecommendationProductCard_ratingBarContainer__uVlxb"><div data-zta="RatingUIC" class="z-rating"><span class="z-rating__star-wrap"><span class="pp-visually-hidden">: 5/5</span><svg fill="currentColor" width="24" height="24" xmlns="http://www.w3.org/2000/svg" viewBox="0 0 24 24" role="none" class="z-rating__star z-rating__star--full"><path d="M7.446 7.12 10.603.857a1.569 1.569 0 0 1 2.794 0l.002.004 3.16 6.261 6.018.597a1.555 1.555 0 0 1 .966 2.654l-4.988 4.944 1.85 6.722a1.563 1.563 0 0 1-2.209 1.8L12 20.77l-6.183 3.063a1.563 1.563 0 0 1-2.211-1.804l1.848-6.715L.462 10.37a1.555 1.555 0 0 1 .954-2.653l6.03-.598Z" fill-rule="evenodd"></path></svg><svg fill="currentColor" width="24" height="24" xmlns="http://www.w3.org/2000/svg" viewBox="0 0 24 24" role="none" class="z-rating__star z-rating__star--full"><path d="M7.446 7.12 10.603.857a1.569 1.569 0 0 1 2.794 0l.002.004 3.16 6.261 6.018.597a1.555 1.555 0 0 1 .966 2.654l-4.988 4.944 1.85 6.722a1.563 1.563 0 0 1-2.209 1.8L12 20.77l-6.183 3.063a1.563 1.563 0 0 1-2.211-1.804l1.848-6.715L.462 10.37a1.555 1.555 0 0 1 .954-2.653l6.03-.598Z" fill-rule="evenodd"></path></svg><svg fill="currentColor" width="24" height="24" xmlns="http://www.w3.org/2000/svg" viewBox="0 0 24 24" role="none" class="z-rating__star z-rating__star--full"><path d="M7.446 7.12 10.603.857a1.569 1.569 0 0 1 2.794 0l.002.004 3.16 6.261 6.018.597a1.555 1.555 0 0 1 .966 2.654l-4.988 4.944 1.85 6.722a1.563 1.563 0 0 1-2.209 1.8L12 20.77l-6.183 3.063a1.563 1.563 0 0 1-2.211-1.804l1.848-6.715L.462 10.37a1.555 1.555 0 0 1 .954-2.653l6.03-.598Z" fill-rule="evenodd"></path></svg><svg fill="currentColor" width="24" height="24" xmlns="http://www.w3.org/2000/svg" viewBox="0 0 24 24" role="none" class="z-rating__star z-rating__star--full"><path d="M7.446 7.12 10.603.857a1.569 1.569 0 0 1 2.794 0l.002.004 3.16 6.261 6.018.597a1.555 1.555 0 0 1 .966 2.654l-4.988 4.944 1.85 6.722a1.563 1.563 0 0 1-2.209 1.8L12 20.77l-6.183 3.063a1.563 1.563 0 0 1-2.211-1.804l1.848-6.715L.462 10.37a1.555 1.555 0 0 1 .954-2.653l6.03-.598Z" fill-rule="evenodd"></path></svg><svg fill="currentColor" width="24" height="24" xmlns="http://www.w3.org/2000/svg" viewBox="0 0 24 24" role="none" class="z-rating__star z-rating__star--full"><path d="M7.446 7.12 10.603.857a1.569 1.569 0 0 1 2.794 0l.002.004 3.16 6.261 6.018.597a1.555 1.555 0 0 1 .966 2.654l-4.988 4.944 1.85 6.722a1.563 1.563 0 0 1-2.209 1.8L12 20.77l-6.183 3.063a1.563 1.563 0 0 1-2.211-1.804l1.848-6.715L.462 10.37a1.555 1.555 0 0 1 .954-2.653l6.03-.598Z" fill-rule="evenodd"></path></svg></span></div></div><div class="RecommendationProductCard_cardNameContainer__VS15l"><p data-zta="P1UIC" title="Cosma Original in Jelly Saver Pack 24 x 170g" class="z-p1 RecommendationProductCard_cardName__XiZRn">Cosma Original in Jelly Saver Pack 24 x 170g</p></div><div class="z-price RecommendationProductCard_price__aB5HQ Price_price__y9Aev" data-zta="ProductReducedPriceUIC"><div class="z-price__note-wrap"><span class="z-price__note" data-zta="productReducedPricePrefix">individually priced  €45.96</span></div><div class="z-price__price-wrap"><span class="z-price__prepend" data-zta="productReducedPriceAmountIntro">Now </span> <span class="z-price__amount" data-zta="productReducedPriceAmount">€42.99</span></div><span class="z-price__note z-price__note--suffix" data-zta="productReducedPriceSuffix">€10.54 / kg</span></div></a></div><div class="swiper-slide" data-zta="product-slide" style="height: 417px;"><a data-zta="365745" href="/shop/cats/cat_toys/balls/365745?zootopia_rec=true&amp;activeVariant=365745.0&amp;cn=initial&amp;si=2&amp;pn=web_pdp&amp;pr=container_1&amp;strategy=28554372&amp;rk=1-12&amp;slot=12&amp;pi=365745&amp;rri=fb1b23ed-1330-47e0-91d8-cfb8b7e1a14e" class="z-anchor RecommendationProductCard_slideCard__Vevzs"><div class="RecommendationProductCard_imageContainer__L_pPY"><div class="ImageWithLoader_imageWithLoader__ZpyYA loading"><span style="box-sizing: border-box; display: inline-block; overflow: hidden; width: initial; height: initial; background: none; opacity: 1; border: 0px; margin: 0px; padding: 0px; position: relative; max-width: 100%;"><span style="box-sizing: border-box; display: block; width: initial; height: initial; background: none; opacity: 1; border: 0px; margin: 0px; padding: 0px; max-width: 100%;"><img alt="" aria-hidden="true" src="data:image/svg+xml,%3csvg%20xmlns=%27http://www.w3.org/2000/svg%27%20version=%271.1%27%20width=%27109%27%20height=%27109%27/%3e" style="display: block; max-width: 100%; width: initial; height: initial; background: none; opacity: 1; border: 0px; margin: 0px; padding: 0px;"></span><img title="Cat Toy Set with Balls and Mice" alt="Cat Toy Set with Balls and Mice" src="data:image/gif;base64,R0lGODlhAQABAIAAAAAAAP///yH5BAEAAAAALAAAAAABAAEAAAIBRAA7" decoding="async" data-nimg="intrinsic" style="position: absolute; inset: 0px; box-sizing: border-box; padding: 0px; border: none; margin: auto; display: block; width: 0px; height: 0px; min-width: 100%; max-width: 100%; min-height: 100%; max-height: 100%; object-fit: contain;"><noscript></noscript></span></div><div data-zta="zooplus-choice-badge-recommendation" class="ZooplusChoiceBadge_zooplusChoiceBadge__3xgn1 RecommendationProductCard_bottomBadge__E3lPA">zooplus choice</div></div><div class="RecommendationProductCard_ratingBarContainer__uVlxb"><div data-zta="RatingUIC" class="z-rating"><span class="z-rating__star-wrap"><span class="pp-visually-hidden">: 5/5</span><svg fill="currentColor" width="24" height="24" xmlns="http://www.w3.org/2000/svg" viewBox="0 0 24 24" role="none" class="z-rating__star z-rating__star--full"><path d="M7.446 7.12 10.603.857a1.569 1.569 0 0 1 2.794 0l.002.004 3.16 6.261 6.018.597a1.555 1.555 0 0 1 .966 2.654l-4.988 4.944 1.85 6.722a1.563 1.563 0 0 1-2.209 1.8L12 20.77l-6.183 3.063a1.563 1.563 0 0 1-2.211-1.804l1.848-6.715L.462 10.37a1.555 1.555 0 0 1 .954-2.653l6.03-.598Z" fill-rule="evenodd"></path></svg><svg fill="currentColor" width="24" height="24" xmlns="http://www.w3.org/2000/svg" viewBox="0 0 24 24" role="none" class="z-rating__star z-rating__star--full"><path d="M7.446 7.12 10.603.857a1.569 1.569 0 0 1 2.794 0l.002.004 3.16 6.261 6.018.597a1.555 1.555 0 0 1 .966 2.654l-4.988 4.944 1.85 6.722a1.563 1.563 0 0 1-2.209 1.8L12 20.77l-6.183 3.063a1.563 1.563 0 0 1-2.211-1.804l1.848-6.715L.462 10.37a1.555 1.555 0 0 1 .954-2.653l6.03-.598Z" fill-rule="evenodd"></path></svg><svg fill="currentColor" width="24" height="24" xmlns="http://www.w3.org/2000/svg" viewBox="0 0 24 24" role="none" class="z-rating__star z-rating__star--full"><path d="M7.446 7.12 10.603.857a1.569 1.569 0 0 1 2.794 0l.002.004 3.16 6.261 6.018.597a1.555 1.555 0 0 1 .966 2.654l-4.988 4.944 1.85 6.722a1.563 1.563 0 0 1-2.209 1.8L12 20.77l-6.183 3.063a1.563 1.563 0 0 1-2.211-1.804l1.848-6.715L.462 10.37a1.555 1.555 0 0 1 .954-2.653l6.03-.598Z" fill-rule="evenodd"></path></svg><svg fill="currentColor" width="24" height="24" xmlns="http://www.w3.org/2000/svg" viewBox="0 0 24 24" role="none" class="z-rating__star z-rating__star--full"><path d="M7.446 7.12 10.603.857a1.569 1.569 0 0 1 2.794 0l.002.004 3.16 6.261 6.018.597a1.555 1.555 0 0 1 .966 2.654l-4.988 4.944 1.85 6.722a1.563 1.563 0 0 1-2.209 1.8L12 20.77l-6.183 3.063a1.563 1.563 0 0 1-2.211-1.804l1.848-6.715L.462 10.37a1.555 1.555 0 0 1 .954-2.653l6.03-.598Z" fill-rule="evenodd"></path></svg><svg fill="currentColor" width="24" height="24" xmlns="http://www.w3.org/2000/svg" viewBox="0 0 24 24" role="none" class="z-rating__star z-rating__star--full"><path d="M7.446 7.12 10.603.857a1.569 1.569 0 0 1 2.794 0l.002.004 3.16 6.261 6.018.597a1.555 1.555 0 0 1 .966 2.654l-4.988 4.944 1.85 6.722a1.563 1.563 0 0 1-2.209 1.8L12 20.77l-6.183 3.063a1.563 1.563 0 0 1-2.211-1.804l1.848-6.715L.462 10.37a1.555 1.555 0 0 1 .954-2.653l6.03-.598Z" fill-rule="evenodd"></path></svg></span></div></div><div class="RecommendationProductCard_cardNameContainer__VS15l"><p data-zta="P1UIC" title="Cat Toy Set with Balls and Mice" class="z-p1 RecommendationProductCard_cardName__XiZRn">Cat Toy Set with Balls and Mice</p></div><div class="z-price RecommendationProductCard_price__aB5HQ Price_price__y9Aev" data-zta="ProductStandardPriceUIC"><div class="z-price__price-wrap"><span class="z-price__amount z-price__amount--standard" data-zta="productStandardPriceAmount">€3.69</span></div><span class="z-price__note z-price__note--suffix" data-zta="productStandardPriceSuffix">€0.31 / unit</span></div></a></div></div></div><span class="RecommendationSlider_swiperPreviousButton__6zHnV swiper-button-prev prev-first-vertical disabled" data-zta="first-vertical-recommendationSliderPreviousButton" data-sleek-node-id="f90c41"><svg fill="currentColor" width="24" height="24" xmlns="http://www.w3.org/2000/svg" viewBox="0 0 24 24" role="img"><path d="M20.485 3.515c4.687 4.686 4.687 12.284 0 16.97-4.686 4.687-12.284 4.687-16.97 0-4.687-4.686-4.687-12.284 0-16.97 4.686-4.687 12.284-4.687 16.97 0Zm-15.91 1.06c-4.1 4.1-4.1 10.75 0 14.85s10.75 4.1 14.85 0 4.1-10.75 0-14.85-10.75-4.1-14.85 0Zm7.206 3.142a.75.75 0 0 1 0 1.06l-2.47 2.469 7.19.001a.75.75 0 1 1 0 1.5l-7.19-.001 2.47 2.47a.75.75 0 0 1-1.06 1.061l-3.75-3.75-.064-.072a.752.752 0 0 1-.005-.006l.069.078a.754.754 0 0 1-.22-.53v-.03l.004-.043-.004.073a.754.754 0 0 1 .22-.53l3.75-3.75a.75.75 0 0 1 1.06 0Z" fill-rule="evenodd"></path></svg></span><span class="RecommendationSlider_swiperNextButton__GkjcG swiper-button-next next-first-vertical" data-zta="first-vertical-recommendationSliderNextButton" data-sleek-node-id="90c41c"><svg fill="currentColor" width="24" height="24" xmlns="http://www.w3.org/2000/svg" viewBox="0 0 24 24" role="img"><path d="M3.515 3.515c4.686-4.687 12.284-4.687 16.97 0 4.687 4.686 4.687 12.284 0 16.97-4.686 4.687-12.284 4.687-16.97 0-4.687-4.686-4.687-12.284 0-16.97Zm15.91 1.06c-4.1-4.1-10.75-4.1-14.85 0s-4.1 10.75 0 14.85 10.75 4.1 14.85 0 4.1-10.75 0-14.85Zm-7.206 3.142a.75.75 0 0 1 1.06 0l3.75 3.75a.754.754 0 0 1 .22.53l-.004-.073c.002.014.003.029.003.044l.001.029a.763.763 0 0 1-.129.42.748.748 0 0 1-.09.11l.068-.078a.75.75 0 0 1-.005.006l-.064.072-3.75 3.75a.75.75 0 0 1-1.06-1.06l2.469-2.471-7.189.001a.75.75 0 0 1-.743-.648l-.007-.102a.75.75 0 0 1 .75-.75l7.189-.001-2.47-2.469a.75.75 0 0 1-.072-.976Z" fill-rule="evenodd"></path></svg></span></div></div></div></div><div class="PDPLayoutBottom_rightColumn__7neE_ PDPLayoutBottom_list__lpO_U" data-sleek-node-id="f8fadf"><div data-zta="tabs" data-sleek-node-id="3cca3d"><div class="Tabs_tabList__WraUn" data-sleek-node-id="4dc497"><h2 data-zta="description" data-index="0" id="description-header" class="z-h2 Tabs_tabHeader__S7auk Tabs_selectedTabHeader__y_bd_" data-sleek-node-id="9dfb27">Product description<svg fill="currentColor" width="24" height="24" xmlns="http://www.w3.org/2000/svg" viewBox="0 0 24 24" role="img"><path d="M6.57 9.93a.75.75 0 0 1 .977-1.134l.084.073 4.625 4.626 4.627-4.626a.75.75 0 0 1 .976-.073l.085.073a.75.75 0 0 1 .072.976l-.072.085-4.913 4.913a1.093 1.093 0 0 1-1.451.085l-.095-.084L6.57 9.93Z" fill-rule="evenodd"></path></svg></h2><div id="description" class="Tabs_tabContent__J_dYw Tabs_selectedTabContent__Dx3g1" data-sleek-node-id="dfb27d"><div class="Content_content__kg_D5 anchors_anchorsHTML__CP8io" data-sleek-node-id="0c41c6"><p data-zta="productDescription" class="PDPTabs_productDescription__rlScL">Mixed packs of delicious wet food for cats, in a variety of gluten-free and protein-rich flavours, made with pure natural ingredients for essential nutrients and beneficial omega-3 fatty acids.</p>Encore Cans in Broth Saver Pack 24 x 70g is a high-quality wet food for cats, made with&nbsp;<strong data-sleek-node-id="376904">natural ingredients</strong>&nbsp;and a high meat- or fish content. It is <strong data-sleek-node-id="769049">gluten-free</strong>&nbsp;and contains no preservatives, which can make this food appealing to nutritionally-conscious cat owners. The&nbsp;<strong data-sleek-node-id="690492">protein-rich&nbsp;</strong>food can help to support your cat's lean muscle mass, acting as the ideal supplement to dry food.<br>
    Not only is this&nbsp;Encore Cans in Broth Saver Pack 24 x 70g wet food particularly tasty, it is also a source of beneficial omega-3 fatty acids, which can help to promote healthy skin and a glossy coat. The high moisture content of this dish can help to support sufficient fluid intake. As this food is gluten-free, it is easy to digest and the perfect choice for cats with more sensitive stomachs.<br>
    <br>
    <strong data-sleek-node-id="904925">Encore Cans in Broth Saver Pack 24 x 70g at a glance:</strong>
    <ul data-sleek-node-id="049257">
        <li data-sleek-node-id="e2abe9">High-quality wet food for cats</li>
        <li data-sleek-node-id="2abe94"><strong data-sleek-node-id="9562a7">Recipe with 100% natural ingredient:&nbsp;</strong>no preservatives</li>
        <li data-sleek-node-id="abe949"><strong data-sleek-node-id="562a78">High meat- or fish content:&nbsp;</strong>provides plenty of protein</li>
        <li data-sleek-node-id="be949d"><strong data-sleek-node-id="62a78e">Gluten-free:&nbsp;</strong>also suitable for cats with a sensitive stomach</li>
        <li data-sleek-node-id="e949d4"><strong data-sleek-node-id="2a78e4">Omega-3 fatty acids:&nbsp;</strong>can keep skin healthy and coat glossy</li>
        <li data-sleek-node-id="949d4f"><strong data-sleek-node-id="a78e49">High moisture content:&nbsp;</strong>to support sufficient fluid intake in cats that struggle to drink enough water</li>
        <li data-sleek-node-id="49d4fc"><strong data-sleek-node-id="78e493">Designed as a supplementary food:&nbsp;</strong>can be served with dry food</li>
        <li data-sleek-node-id="9d4fc5"><strong data-sleek-node-id="8e493d">Saver Pack:&nbsp;</strong>for stocking up and saving</li>
    </ul>
    <strong data-sleek-node-id="492576">The Chicken Selection contains the following flavour varieties:</strong>

    <ul data-sleek-node-id="925768">
        <li data-sleek-node-id="d4fc5f">5 x 70g&nbsp;Chicken Breast</li>
        <li data-sleek-node-id="4fc5f3">4 x 70g&nbsp;Chicken Breast &amp; Cheese</li>
        <li data-sleek-node-id="fc5f3d">3 x 70g&nbsp;Chicken Breast with Ham</li>
    </ul>
    <strong data-sleek-node-id="257689">The Fish Selection contains the following flavour varieties:</strong>

    <ul data-sleek-node-id="57689e">
        <li data-sleek-node-id="c5f3dd">5 x 70g&nbsp;Tuna with Shrimp</li>
        <li data-sleek-node-id="5f3dd1">4 x 70g&nbsp;Ocean Fish</li>
        <li data-sleek-node-id="f3dd1c">3 x 70g&nbsp;Sardine with Tuna Fillet</li>
    </ul>
    <strong data-sleek-node-id="7689eb">The Finest Selection contains the following flavour varieties:</strong>

    <ul data-sleek-node-id="689ebf">
        <li data-sleek-node-id="3dd1ca">2 x 70g&nbsp;Tuna with Shrimp</li>
        <li data-sleek-node-id="dd1cae">2 x 70g&nbsp;Ocean Fish</li>
        <li data-sleek-node-id="d1caee">2 x 70g&nbsp;Sardine with Tuna Fillet</li>
        <li data-sleek-node-id="1caee9">2 x 70g&nbsp;Chicken Breast</li>
        <li data-sleek-node-id="caee90">2 x 70g Chicken Breast &amp; Cheese</li>
        <li data-sleek-node-id="aee902">2 x 70g&nbsp;Chicken Breast with Ham</li>
    </ul>
</div></div><h2 data-zta="ingredients" data-index="1" id="ingredients-header" class="z-h2 Tabs_tabHeader__S7auk" data-sleek-node-id="fb27db">Ingredients<svg fill="currentColor" width="24" height="24" xmlns="http://www.w3.org/2000/svg" viewBox="0 0 24 24" role="img"><path d="M6.57 9.93a.75.75 0 0 1 .977-1.134l.084.073 4.625 4.626 4.627-4.626a.75.75 0 0 1 .976-.073l.085.073a.75.75 0 0 1 .072.976l-.072.085-4.913 4.913a1.093 1.093 0 0 1-1.451.085l-.095-.084L6.57 9.93Z" fill-rule="evenodd"></path></svg></h2><div id="ingredients" class="Tabs_tabContent__J_dYw"><div class="Content_content__kg_D5 Content_isTruncated__qBZYW"><div class="anchors_anchorsHTML__CP8io"><strong>Ingredients:</strong><br>
    <em><strong>Chicken Selection:</strong><br>
        Chicken Breast:</em><br>
    Chicken breast (75%), chicken broth, rice.<br>
    <em>Chicken Breast &amp; Cheese:</em><br>
    Chicken breast (70%), chicken broth, cheese (5%), rice.<br>
    <em>Chicken Breast with Ham:</em><br>
    Chicken breast (75%), chicken broth, ham (5%), rice.<br>
    <br>
    <em><strong>Fish Selection:</strong><br>
        Ocean Fish:</em><br>
    Mackerel (45%), tuna fillet (30%), fish broth, rice.<br>
    <em>Tuna with Shrimp:</em><br>
    Tuna fillet (55%), fish broth, shrimp (20%), rice.<br>
    <em>Sardine with Tuna Fillet:</em><br>
    Sardine (40%), tuna fillet (35%), fish broth, rice.<br>
    <br>
    <em><strong>Finest Selection:</strong><br>
        Chicken Breast:</em><br>
    Chicken breast (75%), chicken broth, rice.<br>
    <em>Chicken Breast &amp; Cheese:</em><br>
    Chicken breast (70%), chicken broth, cheese (5%), rice.<br>
    <em>Chicken Breast with Ham:</em><br>
    Chicken breast (75%), chicken broth, ham (5%), rice.<br>
    <em>Ocean Fish:</em><br>
    Mackerel (45%), tuna fillet (30%), fish broth, rice.<br>
    <em>Tuna with Shrimp:</em><br>
    Tuna fillet (55%), fish broth, shrimp (20%), rice.<br>
    <em>Sardine with Tuna Fillet:</em><br>
    Sardine (40%), tuna fillet (35%), fish broth, rice.<br>
    <br>
    <strong>Additives per kg:</strong><br>
    According to the manufacturer this product contains no additives.<br>
    <br>
    <strong>Analytical components:</strong><br>
    <em><strong>Chicken Selection:</strong><br>
        Chicken Breast:</em><br>
    Protein (14%), crude fibre (1%), crude fat (0.3%), crude ash (2%), moisture (83%).<br>
    <em>Chicken Breast &amp; Cheese:</em><br>
    Protein (14%), crude fibre (1%), crude fat (0.3%), crude ash (2%), moisture (82%).<br>
    <em>Chicken Breast with Ham:</em><br>
    Protein (14%), crude fibre (1%), crude fat (1%), crude ash (2%), moisture (82%).<br>
    <br>
    <em><strong>Fish Selection:</strong><br>
        Ocean Fish:</em><br>
    Protein (12%), crude fibre (1%), crude fat (1%), crude ash (3%), moisture (83%).<br>
    <em>Tuna with Shrimp:</em><br>
    Protein (14%), crude fibre (0.1%), crude fat (1%), crude ash (1%), moisture (81%).<br>
    <em>Sardine with Tuna Fillet:</em><br>
    Protein (12%), crude fibre (1%), crude fat (2%), crude ash 93%), moisture (82%).<br>
    <br>
    <strong><em>Finest Selection:</em></strong><br>
    <em>Chicken Breast:</em><br>
    Protein (14%), crude fibre (1%), crude fat (0.3%), crude ash (2%), moisture (83%).<br>
    <em>Chicken Breast &amp; Cheese:</em><br>
    Protein (14%), crude fibre (1%), crude fat (0.3%), crude ash (2%), moisture (82%).<br>
    <em>Chicken Breast with Ham:</em><br>
    Protein (14%), crude fibre (1%), crude fat (1%), crude ash (2%), moisture (82%).<br>
    <em>Ocean Fish:</em><br>
    Protein (12%), crude fibre (1%), crude fat (1%), crude ash (3%), moisture (83%).<br>
    <em>Tuna with Shrimp:</em><br>
    Protein (14%), crude fibre (0.1%), crude fat (1%), crude ash (1%), moisture (81%).<br>
    <em>Sardine with Tuna Fillet:</em><br>
    Protein (12%), crude fibre (1%), crude fat (2%), crude ash 93%), moisture (82%).<br>
    &nbsp;</div></div></div><h2 data-zta="feedingrecommendation" data-index="2" id="feedingrecommendation-header" class="z-h2 Tabs_tabHeader__S7auk" data-sleek-node-id="b27dbb">Feeding guide<svg fill="currentColor" width="24" height="24" xmlns="http://www.w3.org/2000/svg" viewBox="0 0 24 24" role="img"><path d="M6.57 9.93a.75.75 0 0 1 .977-1.134l.084.073 4.625 4.626 4.627-4.626a.75.75 0 0 1 .976-.073l.085.073a.75.75 0 0 1 .072.976l-.072.085-4.913 4.913a1.093 1.093 0 0 1-1.451.085l-.095-.084L6.57 9.93Z" fill-rule="evenodd"></path></svg></h2><div id="feedingrecommendation" class="Tabs_tabContent__J_dYw"><div class="Content_content__kg_D5 Content_isTruncated__qBZYW anchors_anchorsHTML__CP8io"><strong>Feeding recommendation:</strong><br>
    Encore Cans in Broth Saver Pack 24 x 70g&nbsp;is a complete food for cats.<br>
    &nbsp;
    <table border="1" cellpadding="1" cellspacing="1" height="107" width="303">
        <thead>
        <tr>
            <th scope="col"><small>Cat's weight</small></th>
            <th scope="col"><span style="font-size: 10.8333px;">Tins per day</span></th>
        </tr>
        </thead>
        <tbody>
        <tr>
            <td>
                <center><small>0 - 3 kg</small></center>
            </td>
            <td>
                <center><small>1</small></center>
            </td>
        </tr>
        <tr>
            <td>
                <center><small>3 - 5 kg</small></center>
            </td>
            <td>
                <center><small>2</small></center>
            </td>
        </tr>
        <tr>
            <td>
                <center><small>&gt;5kg</small></center>
            </td>
            <td>
                <center><small>3</small></center>
            </td>
        </tr>
        </tbody>
    </table>
    <br>
    Ensure fresh, clean drinking water is always available.</div></div></div></div><div data-zta="first-horizontal" class="slider-horizontal PDPLayoutBottom_mobileOnly__7T37E"><div class="
        RecommendationSlider_sliderContainer__HMQ6h" data-name="container_1" data-zta="recoSlider"><span class="RecommendationSlider_sliderTitle__Xkt_Y z-h3">Products you might find interesting</span><div class="RecommendationSlider_slider__Yd_cC"><div class="swiper swiper-initialized swiper-horizontal swiper-pointer-events RecommendationSlider_swiper__bb_0E"><div class="swiper-wrapper" style="transition-duration: 0ms;"><div class="swiper-slide" data-zta="product-slide"><a data-zta="1946507" href="/shop/cats/canned_cat_food_pouches/encore/cans/1946507?zootopia_rec=true&amp;activeVariant=1946507.0&amp;cn=initial&amp;si=2&amp;pn=web_pdp&amp;pr=container_1&amp;strategy=28554372&amp;rk=1-12&amp;slot=1&amp;pi=1946507&amp;rri=fb1b23ed-1330-47e0-91d8-cfb8b7e1a14e" class="z-anchor RecommendationProductCard_slideCard__Vevzs"><div class="RecommendationProductCard_imageContainer__L_pPY"><div class="ImageWithLoader_imageWithLoader__ZpyYA loading"><span style="box-sizing: border-box; display: inline-block; overflow: hidden; width: initial; height: initial; background: none; opacity: 1; border: 0px; margin: 0px; padding: 0px; position: relative; max-width: 100%;"><span style="box-sizing: border-box; display: block; width: initial; height: initial; background: none; opacity: 1; border: 0px; margin: 0px; padding: 0px; max-width: 100%;"><img alt="" aria-hidden="true" src="data:image/svg+xml,%3csvg%20xmlns=%27http://www.w3.org/2000/svg%27%20version=%271.1%27%20width=%27109%27%20height=%27109%27/%3e" style="display: block; max-width: 100%; width: initial; height: initial; background: none; opacity: 1; border: 0px; margin: 0px; padding: 0px;"></span><img title="Encore Cat Tin in Broth 12 x 70g" alt="Encore Cat Tin in Broth 12 x 70g" src="data:image/gif;base64,R0lGODlhAQABAIAAAAAAAP///yH5BAEAAAAALAAAAAABAAEAAAIBRAA7" decoding="async" data-nimg="intrinsic" style="position: absolute; inset: 0px; box-sizing: border-box; padding: 0px; border: none; margin: auto; display: block; width: 0px; height: 0px; min-width: 100%; max-width: 100%; min-height: 100%; max-height: 100%; object-fit: contain;"><noscript></noscript></span></div></div><div class="RecommendationProductCard_ratingBarContainer__uVlxb"><div data-zta="RatingUIC" class="z-rating"><span class="z-rating__star-wrap"><svg fill="currentColor" width="24" height="24" xmlns="http://www.w3.org/2000/svg" viewBox="0 0 24 24" role="none" class="z-rating__star"><path d="M7.446 7.12 10.603.857a1.569 1.569 0 0 1 2.794 0l.002.004 3.16 6.261 6.018.597a1.555 1.555 0 0 1 .966 2.654l-4.988 4.944 1.85 6.722a1.563 1.563 0 0 1-2.209 1.8L12 20.77l-6.183 3.063a1.563 1.563 0 0 1-2.211-1.804l1.848-6.715L.462 10.37a1.555 1.555 0 0 1 .954-2.653l6.03-.598Z" fill-rule="evenodd"></path></svg><svg fill="currentColor" width="24" height="24" xmlns="http://www.w3.org/2000/svg" viewBox="0 0 24 24" role="none" class="z-rating__star"><path d="M7.446 7.12 10.603.857a1.569 1.569 0 0 1 2.794 0l.002.004 3.16 6.261 6.018.597a1.555 1.555 0 0 1 .966 2.654l-4.988 4.944 1.85 6.722a1.563 1.563 0 0 1-2.209 1.8L12 20.77l-6.183 3.063a1.563 1.563 0 0 1-2.211-1.804l1.848-6.715L.462 10.37a1.555 1.555 0 0 1 .954-2.653l6.03-.598Z" fill-rule="evenodd"></path></svg><svg fill="currentColor" width="24" height="24" xmlns="http://www.w3.org/2000/svg" viewBox="0 0 24 24" role="none" class="z-rating__star"><path d="M7.446 7.12 10.603.857a1.569 1.569 0 0 1 2.794 0l.002.004 3.16 6.261 6.018.597a1.555 1.555 0 0 1 .966 2.654l-4.988 4.944 1.85 6.722a1.563 1.563 0 0 1-2.209 1.8L12 20.77l-6.183 3.063a1.563 1.563 0 0 1-2.211-1.804l1.848-6.715L.462 10.37a1.555 1.555 0 0 1 .954-2.653l6.03-.598Z" fill-rule="evenodd"></path></svg><svg fill="currentColor" width="24" height="24" xmlns="http://www.w3.org/2000/svg" viewBox="0 0 24 24" role="none" class="z-rating__star"><path d="M7.446 7.12 10.603.857a1.569 1.569 0 0 1 2.794 0l.002.004 3.16 6.261 6.018.597a1.555 1.555 0 0 1 .966 2.654l-4.988 4.944 1.85 6.722a1.563 1.563 0 0 1-2.209 1.8L12 20.77l-6.183 3.063a1.563 1.563 0 0 1-2.211-1.804l1.848-6.715L.462 10.37a1.555 1.555 0 0 1 .954-2.653l6.03-.598Z" fill-rule="evenodd"></path></svg><svg fill="currentColor" width="24" height="24" xmlns="http://www.w3.org/2000/svg" viewBox="0 0 24 24" role="none" class="z-rating__star"><path d="M7.446 7.12 10.603.857a1.569 1.569 0 0 1 2.794 0l.002.004 3.16 6.261 6.018.597a1.555 1.555 0 0 1 .966 2.654l-4.988 4.944 1.85 6.722a1.563 1.563 0 0 1-2.209 1.8L12 20.77l-6.183 3.063a1.563 1.563 0 0 1-2.211-1.804l1.848-6.715L.462 10.37a1.555 1.555 0 0 1 .954-2.653l6.03-.598Z" fill-rule="evenodd"></path></svg></span></div></div><div class="RecommendationProductCard_cardNameContainer__VS15l"><p data-zta="P1UIC" title="Encore Cat Tin in Broth 12 x 70g" class="z-p1 RecommendationProductCard_cardName__XiZRn">Encore Cat Tin in Broth 12 x 70g</p></div><div class="z-price RecommendationProductCard_price__aB5HQ Price_price__y9Aev" data-zta="ProductStandardPriceUIC"><div class="z-price__price-wrap"><span class="z-price__amount z-price__amount--standard" data-zta="productStandardPriceAmount">€14.99</span></div><span class="z-price__note z-price__note--suffix" data-zta="productStandardPriceSuffix">€17.85 / kg</span></div></a></div><div class="swiper-slide" data-zta="product-slide"><a data-zta="697515" href="/shop/cats/canned_cat_food_pouches/encore/cans/697515?zootopia_rec=true&amp;activeVariant=697515.5&amp;cn=initial&amp;si=2&amp;pn=web_pdp&amp;pr=container_1&amp;strategy=28554372&amp;rk=1-12&amp;slot=2&amp;pi=697515&amp;rri=fb1b23ed-1330-47e0-91d8-cfb8b7e1a14e" class="z-anchor RecommendationProductCard_slideCard__Vevzs"><div class="RecommendationProductCard_imageContainer__L_pPY"><div class="ImageWithLoader_imageWithLoader__ZpyYA loading"><span style="box-sizing: border-box; display: inline-block; overflow: hidden; width: initial; height: initial; background: none; opacity: 1; border: 0px; margin: 0px; padding: 0px; position: relative; max-width: 100%;"><span style="box-sizing: border-box; display: block; width: initial; height: initial; background: none; opacity: 1; border: 0px; margin: 0px; padding: 0px; max-width: 100%;"><img alt="" aria-hidden="true" src="data:image/svg+xml,%3csvg%20xmlns=%27http://www.w3.org/2000/svg%27%20version=%271.1%27%20width=%27109%27%20height=%27109%27/%3e" style="display: block; max-width: 100%; width: initial; height: initial; background: none; opacity: 1; border: 0px; margin: 0px; padding: 0px;"></span><img title="Encore Cat Tin 16 x 70g" alt="Encore Cat Tin 16 x 70g" src="data:image/gif;base64,R0lGODlhAQABAIAAAAAAAP///yH5BAEAAAAALAAAAAABAAEAAAIBRAA7" decoding="async" data-nimg="intrinsic" style="position: absolute; inset: 0px; box-sizing: border-box; padding: 0px; border: none; margin: auto; display: block; width: 0px; height: 0px; min-width: 100%; max-width: 100%; min-height: 100%; max-height: 100%; object-fit: contain;"><noscript></noscript></span></div></div><div class="RecommendationProductCard_ratingBarContainer__uVlxb"><div data-zta="RatingUIC" class="z-rating"><span class="z-rating__star-wrap"><svg fill="currentColor" width="24" height="24" xmlns="http://www.w3.org/2000/svg" viewBox="0 0 24 24" role="none" class="z-rating__star"><path d="M7.446 7.12 10.603.857a1.569 1.569 0 0 1 2.794 0l.002.004 3.16 6.261 6.018.597a1.555 1.555 0 0 1 .966 2.654l-4.988 4.944 1.85 6.722a1.563 1.563 0 0 1-2.209 1.8L12 20.77l-6.183 3.063a1.563 1.563 0 0 1-2.211-1.804l1.848-6.715L.462 10.37a1.555 1.555 0 0 1 .954-2.653l6.03-.598Z" fill-rule="evenodd"></path></svg><svg fill="currentColor" width="24" height="24" xmlns="http://www.w3.org/2000/svg" viewBox="0 0 24 24" role="none" class="z-rating__star"><path d="M7.446 7.12 10.603.857a1.569 1.569 0 0 1 2.794 0l.002.004 3.16 6.261 6.018.597a1.555 1.555 0 0 1 .966 2.654l-4.988 4.944 1.85 6.722a1.563 1.563 0 0 1-2.209 1.8L12 20.77l-6.183 3.063a1.563 1.563 0 0 1-2.211-1.804l1.848-6.715L.462 10.37a1.555 1.555 0 0 1 .954-2.653l6.03-.598Z" fill-rule="evenodd"></path></svg><svg fill="currentColor" width="24" height="24" xmlns="http://www.w3.org/2000/svg" viewBox="0 0 24 24" role="none" class="z-rating__star"><path d="M7.446 7.12 10.603.857a1.569 1.569 0 0 1 2.794 0l.002.004 3.16 6.261 6.018.597a1.555 1.555 0 0 1 .966 2.654l-4.988 4.944 1.85 6.722a1.563 1.563 0 0 1-2.209 1.8L12 20.77l-6.183 3.063a1.563 1.563 0 0 1-2.211-1.804l1.848-6.715L.462 10.37a1.555 1.555 0 0 1 .954-2.653l6.03-.598Z" fill-rule="evenodd"></path></svg><svg fill="currentColor" width="24" height="24" xmlns="http://www.w3.org/2000/svg" viewBox="0 0 24 24" role="none" class="z-rating__star"><path d="M7.446 7.12 10.603.857a1.569 1.569 0 0 1 2.794 0l.002.004 3.16 6.261 6.018.597a1.555 1.555 0 0 1 .966 2.654l-4.988 4.944 1.85 6.722a1.563 1.563 0 0 1-2.209 1.8L12 20.77l-6.183 3.063a1.563 1.563 0 0 1-2.211-1.804l1.848-6.715L.462 10.37a1.555 1.555 0 0 1 .954-2.653l6.03-.598Z" fill-rule="evenodd"></path></svg><svg fill="currentColor" width="24" height="24" xmlns="http://www.w3.org/2000/svg" viewBox="0 0 24 24" role="none" class="z-rating__star"><path d="M7.446 7.12 10.603.857a1.569 1.569 0 0 1 2.794 0l.002.004 3.16 6.261 6.018.597a1.555 1.555 0 0 1 .966 2.654l-4.988 4.944 1.85 6.722a1.563 1.563 0 0 1-2.209 1.8L12 20.77l-6.183 3.063a1.563 1.563 0 0 1-2.211-1.804l1.848-6.715L.462 10.37a1.555 1.555 0 0 1 .954-2.653l6.03-.598Z" fill-rule="evenodd"></path></svg></span></div></div><div class="RecommendationProductCard_cardNameContainer__VS15l"><p data-zta="P1UIC" title="Encore Cat Tin 16 x 70g" class="z-p1 RecommendationProductCard_cardName__XiZRn">Encore Cat Tin 16 x 70g</p></div><div class="z-price RecommendationProductCard_price__aB5HQ Price_price__y9Aev" data-zta="ProductStandardPriceUIC"><div class="z-price__price-wrap"><span class="z-price__amount z-price__amount--standard" data-zta="productStandardPriceAmount">€19.49</span></div><span class="z-price__note z-price__note--suffix" data-zta="productStandardPriceSuffix">€17.40 / kg</span></div></a></div><div class="swiper-slide" data-zta="product-slide"><a data-zta="127063" href="/shop/cats/canned_cat_food_pouches/applaws/applaws_cans/127063?zootopia_rec=true&amp;activeVariant=127063.27&amp;cn=initial&amp;si=2&amp;pn=web_pdp&amp;pr=container_1&amp;strategy=28554372&amp;rk=1-12&amp;slot=3&amp;pi=127063&amp;rri=fb1b23ed-1330-47e0-91d8-cfb8b7e1a14e" class="z-anchor RecommendationProductCard_slideCard__Vevzs"><div class="RecommendationProductCard_imageContainer__L_pPY"><div class="ImageWithLoader_imageWithLoader__ZpyYA loading"><span style="box-sizing: border-box; display: inline-block; overflow: hidden; width: initial; height: initial; background: none; opacity: 1; border: 0px; margin: 0px; padding: 0px; position: relative; max-width: 100%;"><span style="box-sizing: border-box; display: block; width: initial; height: initial; background: none; opacity: 1; border: 0px; margin: 0px; padding: 0px; max-width: 100%;"><img alt="" aria-hidden="true" src="data:image/svg+xml,%3csvg%20xmlns=%27http://www.w3.org/2000/svg%27%20version=%271.1%27%20width=%27109%27%20height=%27109%27/%3e" style="display: block; max-width: 100%; width: initial; height: initial; background: none; opacity: 1; border: 0px; margin: 0px; padding: 0px;"></span><img title="Applaws Cat Food 70g - Chicken in Broth" alt="Applaws Cat Food 70g - Chicken in Broth" src="data:image/gif;base64,R0lGODlhAQABAIAAAAAAAP///yH5BAEAAAAALAAAAAABAAEAAAIBRAA7" decoding="async" data-nimg="intrinsic" style="position: absolute; inset: 0px; box-sizing: border-box; padding: 0px; border: none; margin: auto; display: block; width: 0px; height: 0px; min-width: 100%; max-width: 100%; min-height: 100%; max-height: 100%; object-fit: contain;"><noscript></noscript></span></div></div><div class="RecommendationProductCard_ratingBarContainer__uVlxb"><div data-zta="RatingUIC" class="z-rating"><span class="z-rating__star-wrap"><span class="pp-visually-hidden">: 5/5</span><svg fill="currentColor" width="24" height="24" xmlns="http://www.w3.org/2000/svg" viewBox="0 0 24 24" role="none" class="z-rating__star z-rating__star--full"><path d="M7.446 7.12 10.603.857a1.569 1.569 0 0 1 2.794 0l.002.004 3.16 6.261 6.018.597a1.555 1.555 0 0 1 .966 2.654l-4.988 4.944 1.85 6.722a1.563 1.563 0 0 1-2.209 1.8L12 20.77l-6.183 3.063a1.563 1.563 0 0 1-2.211-1.804l1.848-6.715L.462 10.37a1.555 1.555 0 0 1 .954-2.653l6.03-.598Z" fill-rule="evenodd"></path></svg><svg fill="currentColor" width="24" height="24" xmlns="http://www.w3.org/2000/svg" viewBox="0 0 24 24" role="none" class="z-rating__star z-rating__star--full"><path d="M7.446 7.12 10.603.857a1.569 1.569 0 0 1 2.794 0l.002.004 3.16 6.261 6.018.597a1.555 1.555 0 0 1 .966 2.654l-4.988 4.944 1.85 6.722a1.563 1.563 0 0 1-2.209 1.8L12 20.77l-6.183 3.063a1.563 1.563 0 0 1-2.211-1.804l1.848-6.715L.462 10.37a1.555 1.555 0 0 1 .954-2.653l6.03-.598Z" fill-rule="evenodd"></path></svg><svg fill="currentColor" width="24" height="24" xmlns="http://www.w3.org/2000/svg" viewBox="0 0 24 24" role="none" class="z-rating__star z-rating__star--full"><path d="M7.446 7.12 10.603.857a1.569 1.569 0 0 1 2.794 0l.002.004 3.16 6.261 6.018.597a1.555 1.555 0 0 1 .966 2.654l-4.988 4.944 1.85 6.722a1.563 1.563 0 0 1-2.209 1.8L12 20.77l-6.183 3.063a1.563 1.563 0 0 1-2.211-1.804l1.848-6.715L.462 10.37a1.555 1.555 0 0 1 .954-2.653l6.03-.598Z" fill-rule="evenodd"></path></svg><svg fill="currentColor" width="24" height="24" xmlns="http://www.w3.org/2000/svg" viewBox="0 0 24 24" role="none" class="z-rating__star z-rating__star--full"><path d="M7.446 7.12 10.603.857a1.569 1.569 0 0 1 2.794 0l.002.004 3.16 6.261 6.018.597a1.555 1.555 0 0 1 .966 2.654l-4.988 4.944 1.85 6.722a1.563 1.563 0 0 1-2.209 1.8L12 20.77l-6.183 3.063a1.563 1.563 0 0 1-2.211-1.804l1.848-6.715L.462 10.37a1.555 1.555 0 0 1 .954-2.653l6.03-.598Z" fill-rule="evenodd"></path></svg><svg fill="currentColor" width="24" height="24" xmlns="http://www.w3.org/2000/svg" viewBox="0 0 24 24" role="none" class="z-rating__star z-rating__star--full"><path d="M7.446 7.12 10.603.857a1.569 1.569 0 0 1 2.794 0l.002.004 3.16 6.261 6.018.597a1.555 1.555 0 0 1 .966 2.654l-4.988 4.944 1.85 6.722a1.563 1.563 0 0 1-2.209 1.8L12 20.77l-6.183 3.063a1.563 1.563 0 0 1-2.211-1.804l1.848-6.715L.462 10.37a1.555 1.555 0 0 1 .954-2.653l6.03-.598Z" fill-rule="evenodd"></path></svg></span></div></div><div class="RecommendationProductCard_cardNameContainer__VS15l"><p data-zta="P1UIC" title="Applaws Cat Food 70g - Chicken in Broth" class="z-p1 RecommendationProductCard_cardName__XiZRn">Applaws Cat Food 70g - Chicken in Broth</p></div><div class="z-price RecommendationProductCard_price__aB5HQ Price_price__y9Aev" data-zta="ProductStandardPriceUIC"><div class="z-price__price-wrap"><span class="z-price__amount z-price__amount--standard" data-zta="productStandardPriceAmount">€13.49</span></div><span class="z-price__note z-price__note--suffix" data-zta="productStandardPriceSuffix">€16.06 / kg</span></div></a></div><div class="swiper-slide" data-zta="product-slide"><a data-zta="697438" href="/shop/cats/canned_cat_food_pouches/encore/cans/697438?zootopia_rec=true&amp;activeVariant=697438.4&amp;cn=initial&amp;si=2&amp;pn=web_pdp&amp;pr=container_1&amp;strategy=28554372&amp;rk=1-12&amp;slot=4&amp;pi=697438&amp;rri=fb1b23ed-1330-47e0-91d8-cfb8b7e1a14e" class="z-anchor RecommendationProductCard_slideCard__Vevzs"><div class="RecommendationProductCard_imageContainer__L_pPY"><div class="ImageWithLoader_imageWithLoader__ZpyYA loading"><span style="box-sizing: border-box; display: inline-block; overflow: hidden; width: initial; height: initial; background: none; opacity: 1; border: 0px; margin: 0px; padding: 0px; position: relative; max-width: 100%;"><span style="box-sizing: border-box; display: block; width: initial; height: initial; background: none; opacity: 1; border: 0px; margin: 0px; padding: 0px; max-width: 100%;"><img alt="" aria-hidden="true" src="data:image/svg+xml,%3csvg%20xmlns=%27http://www.w3.org/2000/svg%27%20version=%271.1%27%20width=%27109%27%20height=%27109%27/%3e" style="display: block; max-width: 100%; width: initial; height: initial; background: none; opacity: 1; border: 0px; margin: 0px; padding: 0px;"></span><img title="Encore Cat Tin Saver Pack 48 x 70g" alt="Encore Cat Tin Saver Pack 48 x 70g" src="data:image/gif;base64,R0lGODlhAQABAIAAAAAAAP///yH5BAEAAAAALAAAAAABAAEAAAIBRAA7" decoding="async" data-nimg="intrinsic" style="position: absolute; inset: 0px; box-sizing: border-box; padding: 0px; border: none; margin: auto; display: block; width: 0px; height: 0px; min-width: 100%; max-width: 100%; min-height: 100%; max-height: 100%; object-fit: contain;"><noscript></noscript></span></div></div><div class="RecommendationProductCard_ratingBarContainer__uVlxb"><div data-zta="RatingUIC" class="z-rating"><span class="z-rating__star-wrap"><span class="pp-visually-hidden">: 3/5</span><svg fill="currentColor" width="24" height="24" xmlns="http://www.w3.org/2000/svg" viewBox="0 0 24 24" role="none" class="z-rating__star z-rating__star--full"><path d="M7.446 7.12 10.603.857a1.569 1.569 0 0 1 2.794 0l.002.004 3.16 6.261 6.018.597a1.555 1.555 0 0 1 .966 2.654l-4.988 4.944 1.85 6.722a1.563 1.563 0 0 1-2.209 1.8L12 20.77l-6.183 3.063a1.563 1.563 0 0 1-2.211-1.804l1.848-6.715L.462 10.37a1.555 1.555 0 0 1 .954-2.653l6.03-.598Z" fill-rule="evenodd"></path></svg><svg fill="currentColor" width="24" height="24" xmlns="http://www.w3.org/2000/svg" viewBox="0 0 24 24" role="none" class="z-rating__star z-rating__star--full"><path d="M7.446 7.12 10.603.857a1.569 1.569 0 0 1 2.794 0l.002.004 3.16 6.261 6.018.597a1.555 1.555 0 0 1 .966 2.654l-4.988 4.944 1.85 6.722a1.563 1.563 0 0 1-2.209 1.8L12 20.77l-6.183 3.063a1.563 1.563 0 0 1-2.211-1.804l1.848-6.715L.462 10.37a1.555 1.555 0 0 1 .954-2.653l6.03-.598Z" fill-rule="evenodd"></path></svg><svg fill="currentColor" width="24" height="24" xmlns="http://www.w3.org/2000/svg" viewBox="0 0 24 24" role="none" class="z-rating__star z-rating__star--full"><path d="M7.446 7.12 10.603.857a1.569 1.569 0 0 1 2.794 0l.002.004 3.16 6.261 6.018.597a1.555 1.555 0 0 1 .966 2.654l-4.988 4.944 1.85 6.722a1.563 1.563 0 0 1-2.209 1.8L12 20.77l-6.183 3.063a1.563 1.563 0 0 1-2.211-1.804l1.848-6.715L.462 10.37a1.555 1.555 0 0 1 .954-2.653l6.03-.598Z" fill-rule="evenodd"></path></svg><svg fill="currentColor" width="24" height="24" xmlns="http://www.w3.org/2000/svg" viewBox="0 0 24 24" role="none" class="z-rating__star"><path d="M7.446 7.12 10.603.857a1.569 1.569 0 0 1 2.794 0l.002.004 3.16 6.261 6.018.597a1.555 1.555 0 0 1 .966 2.654l-4.988 4.944 1.85 6.722a1.563 1.563 0 0 1-2.209 1.8L12 20.77l-6.183 3.063a1.563 1.563 0 0 1-2.211-1.804l1.848-6.715L.462 10.37a1.555 1.555 0 0 1 .954-2.653l6.03-.598Z" fill-rule="evenodd"></path></svg><svg fill="currentColor" width="24" height="24" xmlns="http://www.w3.org/2000/svg" viewBox="0 0 24 24" role="none" class="z-rating__star"><path d="M7.446 7.12 10.603.857a1.569 1.569 0 0 1 2.794 0l.002.004 3.16 6.261 6.018.597a1.555 1.555 0 0 1 .966 2.654l-4.988 4.944 1.85 6.722a1.563 1.563 0 0 1-2.209 1.8L12 20.77l-6.183 3.063a1.563 1.563 0 0 1-2.211-1.804l1.848-6.715L.462 10.37a1.555 1.555 0 0 1 .954-2.653l6.03-.598Z" fill-rule="evenodd"></path></svg></span></div></div><div class="RecommendationProductCard_cardNameContainer__VS15l"><p data-zta="P1UIC" title="Encore Cat Tin Saver Pack 48 x 70g" class="z-p1 RecommendationProductCard_cardName__XiZRn">Encore Cat Tin Saver Pack 48 x 70g</p></div><div class="z-price RecommendationProductCard_price__aB5HQ Price_price__y9Aev" data-zta="ProductReducedPriceUIC"><div class="z-price__note-wrap"><span class="z-price__note" data-zta="productReducedPricePrefix">individually priced  €58.47</span></div><div class="z-price__price-wrap"><span class="z-price__prepend" data-zta="productReducedPriceAmountIntro">Now </span> <span class="z-price__amount" data-zta="productReducedPriceAmount">€56.99</span></div><span class="z-price__note z-price__note--suffix" data-zta="productReducedPriceSuffix">€16.96 / kg</span></div></a></div><div class="swiper-slide" data-zta="product-slide"><a data-zta="1946457" href="/shop/cats/dry_cat_food/encore/1946457?zootopia_rec=true&amp;activeVariant=1946457.0&amp;cn=initial&amp;si=2&amp;pn=web_pdp&amp;pr=container_1&amp;strategy=28554372&amp;rk=1-12&amp;slot=5&amp;pi=1946457&amp;rri=fb1b23ed-1330-47e0-91d8-cfb8b7e1a14e" class="z-anchor RecommendationProductCard_slideCard__Vevzs"><div class="RecommendationProductCard_imageContainer__L_pPY"><div class="ImageWithLoader_imageWithLoader__ZpyYA loading"><span style="box-sizing: border-box; display: inline-block; overflow: hidden; width: initial; height: initial; background: none; opacity: 1; border: 0px; margin: 0px; padding: 0px; position: relative; max-width: 100%;"><span style="box-sizing: border-box; display: block; width: initial; height: initial; background: none; opacity: 1; border: 0px; margin: 0px; padding: 0px; max-width: 100%;"><img alt="" aria-hidden="true" src="data:image/svg+xml,%3csvg%20xmlns=%27http://www.w3.org/2000/svg%27%20version=%271.1%27%20width=%27109%27%20height=%27109%27/%3e" style="display: block; max-width: 100%; width: initial; height: initial; background: none; opacity: 1; border: 0px; margin: 0px; padding: 0px;"></span><img title="Encore Cat Chicken with Salmon" alt="Encore Cat Chicken with Salmon" src="data:image/gif;base64,R0lGODlhAQABAIAAAAAAAP///yH5BAEAAAAALAAAAAABAAEAAAIBRAA7" decoding="async" data-nimg="intrinsic" style="position: absolute; inset: 0px; box-sizing: border-box; padding: 0px; border: none; margin: auto; display: block; width: 0px; height: 0px; min-width: 100%; max-width: 100%; min-height: 100%; max-height: 100%; object-fit: contain;"><noscript></noscript></span></div></div><div class="RecommendationProductCard_ratingBarContainer__uVlxb"><div data-zta="RatingUIC" class="z-rating"><span class="z-rating__star-wrap"><svg fill="currentColor" width="24" height="24" xmlns="http://www.w3.org/2000/svg" viewBox="0 0 24 24" role="none" class="z-rating__star"><path d="M7.446 7.12 10.603.857a1.569 1.569 0 0 1 2.794 0l.002.004 3.16 6.261 6.018.597a1.555 1.555 0 0 1 .966 2.654l-4.988 4.944 1.85 6.722a1.563 1.563 0 0 1-2.209 1.8L12 20.77l-6.183 3.063a1.563 1.563 0 0 1-2.211-1.804l1.848-6.715L.462 10.37a1.555 1.555 0 0 1 .954-2.653l6.03-.598Z" fill-rule="evenodd"></path></svg><svg fill="currentColor" width="24" height="24" xmlns="http://www.w3.org/2000/svg" viewBox="0 0 24 24" role="none" class="z-rating__star"><path d="M7.446 7.12 10.603.857a1.569 1.569 0 0 1 2.794 0l.002.004 3.16 6.261 6.018.597a1.555 1.555 0 0 1 .966 2.654l-4.988 4.944 1.85 6.722a1.563 1.563 0 0 1-2.209 1.8L12 20.77l-6.183 3.063a1.563 1.563 0 0 1-2.211-1.804l1.848-6.715L.462 10.37a1.555 1.555 0 0 1 .954-2.653l6.03-.598Z" fill-rule="evenodd"></path></svg><svg fill="currentColor" width="24" height="24" xmlns="http://www.w3.org/2000/svg" viewBox="0 0 24 24" role="none" class="z-rating__star"><path d="M7.446 7.12 10.603.857a1.569 1.569 0 0 1 2.794 0l.002.004 3.16 6.261 6.018.597a1.555 1.555 0 0 1 .966 2.654l-4.988 4.944 1.85 6.722a1.563 1.563 0 0 1-2.209 1.8L12 20.77l-6.183 3.063a1.563 1.563 0 0 1-2.211-1.804l1.848-6.715L.462 10.37a1.555 1.555 0 0 1 .954-2.653l6.03-.598Z" fill-rule="evenodd"></path></svg><svg fill="currentColor" width="24" height="24" xmlns="http://www.w3.org/2000/svg" viewBox="0 0 24 24" role="none" class="z-rating__star"><path d="M7.446 7.12 10.603.857a1.569 1.569 0 0 1 2.794 0l.002.004 3.16 6.261 6.018.597a1.555 1.555 0 0 1 .966 2.654l-4.988 4.944 1.85 6.722a1.563 1.563 0 0 1-2.209 1.8L12 20.77l-6.183 3.063a1.563 1.563 0 0 1-2.211-1.804l1.848-6.715L.462 10.37a1.555 1.555 0 0 1 .954-2.653l6.03-.598Z" fill-rule="evenodd"></path></svg><svg fill="currentColor" width="24" height="24" xmlns="http://www.w3.org/2000/svg" viewBox="0 0 24 24" role="none" class="z-rating__star"><path d="M7.446 7.12 10.603.857a1.569 1.569 0 0 1 2.794 0l.002.004 3.16 6.261 6.018.597a1.555 1.555 0 0 1 .966 2.654l-4.988 4.944 1.85 6.722a1.563 1.563 0 0 1-2.209 1.8L12 20.77l-6.183 3.063a1.563 1.563 0 0 1-2.211-1.804l1.848-6.715L.462 10.37a1.555 1.555 0 0 1 .954-2.653l6.03-.598Z" fill-rule="evenodd"></path></svg></span></div></div><div class="RecommendationProductCard_cardNameContainer__VS15l"><p data-zta="P1UIC" title="Encore Cat Chicken with Salmon" class="z-p1 RecommendationProductCard_cardName__XiZRn">Encore Cat Chicken with Salmon</p></div><div class="z-price RecommendationProductCard_price__aB5HQ Price_price__y9Aev" data-zta="ProductReducedPriceUIC"><div class="z-price__note-wrap"><span class="z-price__note" data-zta="productReducedPricePrefix">individually priced  €21.98</span></div><div class="z-price__price-wrap"><span class="z-price__prepend" data-zta="productReducedPriceAmountIntro">Now </span> <span class="z-price__amount" data-zta="productReducedPriceAmount">€20.49</span></div><span class="z-price__note z-price__note--suffix" data-zta="productReducedPriceSuffix">€12.81 / kg</span></div><span data-zta="InfoTagUIC" class="RecommendationProductCard_infoTag__0OCMl z-info-tag z-info-tag--primary">Save 10%</span></a></div><div class="swiper-slide" data-zta="product-slide"><a data-zta="491154" href="/shop/cats/canned_cat_food_pouches/cosma_nature/cosma_nature_kitten/491154?zootopia_rec=true&amp;activeVariant=491154.1&amp;cn=initial&amp;si=2&amp;pn=web_pdp&amp;pr=container_1&amp;strategy=28554372&amp;rk=1-12&amp;slot=6&amp;pi=491154&amp;rri=fb1b23ed-1330-47e0-91d8-cfb8b7e1a14e" class="z-anchor RecommendationProductCard_slideCard__Vevzs"><div class="RecommendationProductCard_imageContainer__L_pPY"><div class="ImageWithLoader_imageWithLoader__ZpyYA loading"><span style="box-sizing: border-box; display: inline-block; overflow: hidden; width: initial; height: initial; background: none; opacity: 1; border: 0px; margin: 0px; padding: 0px; position: relative; max-width: 100%;"><span style="box-sizing: border-box; display: block; width: initial; height: initial; background: none; opacity: 1; border: 0px; margin: 0px; padding: 0px; max-width: 100%;"><img alt="" aria-hidden="true" src="data:image/svg+xml,%3csvg%20xmlns=%27http://www.w3.org/2000/svg%27%20version=%271.1%27%20width=%27109%27%20height=%27109%27/%3e" style="display: block; max-width: 100%; width: initial; height: initial; background: none; opacity: 1; border: 0px; margin: 0px; padding: 0px;"></span><img title="Cosma Nature Kitten 6 x 70g" alt="Cosma Nature Kitten 6 x 70g" src="data:image/gif;base64,R0lGODlhAQABAIAAAAAAAP///yH5BAEAAAAALAAAAAABAAEAAAIBRAA7" decoding="async" data-nimg="intrinsic" style="position: absolute; inset: 0px; box-sizing: border-box; padding: 0px; border: none; margin: auto; display: block; width: 0px; height: 0px; min-width: 100%; max-width: 100%; min-height: 100%; max-height: 100%; object-fit: contain;"><noscript></noscript></span></div></div><div class="RecommendationProductCard_ratingBarContainer__uVlxb"><div data-zta="RatingUIC" class="z-rating"><span class="z-rating__star-wrap"><span class="pp-visually-hidden">: 5/5</span><svg fill="currentColor" width="24" height="24" xmlns="http://www.w3.org/2000/svg" viewBox="0 0 24 24" role="none" class="z-rating__star z-rating__star--full"><path d="M7.446 7.12 10.603.857a1.569 1.569 0 0 1 2.794 0l.002.004 3.16 6.261 6.018.597a1.555 1.555 0 0 1 .966 2.654l-4.988 4.944 1.85 6.722a1.563 1.563 0 0 1-2.209 1.8L12 20.77l-6.183 3.063a1.563 1.563 0 0 1-2.211-1.804l1.848-6.715L.462 10.37a1.555 1.555 0 0 1 .954-2.653l6.03-.598Z" fill-rule="evenodd"></path></svg><svg fill="currentColor" width="24" height="24" xmlns="http://www.w3.org/2000/svg" viewBox="0 0 24 24" role="none" class="z-rating__star z-rating__star--full"><path d="M7.446 7.12 10.603.857a1.569 1.569 0 0 1 2.794 0l.002.004 3.16 6.261 6.018.597a1.555 1.555 0 0 1 .966 2.654l-4.988 4.944 1.85 6.722a1.563 1.563 0 0 1-2.209 1.8L12 20.77l-6.183 3.063a1.563 1.563 0 0 1-2.211-1.804l1.848-6.715L.462 10.37a1.555 1.555 0 0 1 .954-2.653l6.03-.598Z" fill-rule="evenodd"></path></svg><svg fill="currentColor" width="24" height="24" xmlns="http://www.w3.org/2000/svg" viewBox="0 0 24 24" role="none" class="z-rating__star z-rating__star--full"><path d="M7.446 7.12 10.603.857a1.569 1.569 0 0 1 2.794 0l.002.004 3.16 6.261 6.018.597a1.555 1.555 0 0 1 .966 2.654l-4.988 4.944 1.85 6.722a1.563 1.563 0 0 1-2.209 1.8L12 20.77l-6.183 3.063a1.563 1.563 0 0 1-2.211-1.804l1.848-6.715L.462 10.37a1.555 1.555 0 0 1 .954-2.653l6.03-.598Z" fill-rule="evenodd"></path></svg><svg fill="currentColor" width="24" height="24" xmlns="http://www.w3.org/2000/svg" viewBox="0 0 24 24" role="none" class="z-rating__star z-rating__star--full"><path d="M7.446 7.12 10.603.857a1.569 1.569 0 0 1 2.794 0l.002.004 3.16 6.261 6.018.597a1.555 1.555 0 0 1 .966 2.654l-4.988 4.944 1.85 6.722a1.563 1.563 0 0 1-2.209 1.8L12 20.77l-6.183 3.063a1.563 1.563 0 0 1-2.211-1.804l1.848-6.715L.462 10.37a1.555 1.555 0 0 1 .954-2.653l6.03-.598Z" fill-rule="evenodd"></path></svg><svg fill="currentColor" width="24" height="24" xmlns="http://www.w3.org/2000/svg" viewBox="0 0 24 24" role="none" class="z-rating__star z-rating__star--full"><path d="M7.446 7.12 10.603.857a1.569 1.569 0 0 1 2.794 0l.002.004 3.16 6.261 6.018.597a1.555 1.555 0 0 1 .966 2.654l-4.988 4.944 1.85 6.722a1.563 1.563 0 0 1-2.209 1.8L12 20.77l-6.183 3.063a1.563 1.563 0 0 1-2.211-1.804l1.848-6.715L.462 10.37a1.555 1.555 0 0 1 .954-2.653l6.03-.598Z" fill-rule="evenodd"></path></svg></span></div></div><div class="RecommendationProductCard_cardNameContainer__VS15l"><p data-zta="P1UIC" title="Cosma Nature Kitten 6 x 70g" class="z-p1 RecommendationProductCard_cardName__XiZRn">Cosma Nature Kitten 6 x 70g</p></div><div class="z-price RecommendationProductCard_price__aB5HQ Price_price__y9Aev" data-zta="ProductStandardPriceUIC"><div class="z-price__price-wrap"><span class="z-price__amount z-price__amount--standard" data-zta="productStandardPriceAmount">€8.49</span></div><span class="z-price__note z-price__note--suffix" data-zta="productStandardPriceSuffix">€20.21 / kg</span></div><span data-zta="InfoTagUIC" class="RecommendationProductCard_infoTag__0OCMl z-info-tag z-info-tag--primary">Save 20%</span></a></div><div class="swiper-slide" data-zta="product-slide"><a data-zta="1965018" href="/shop/cats/canned_cat_food_pouches/purizon_wet_cat_food/purizon_wet_food_cat_adult/1965018?zootopia_rec=true&amp;activeVariant=1965018.2&amp;cn=initial&amp;si=2&amp;pn=web_pdp&amp;pr=container_1&amp;strategy=28554372&amp;rk=1-12&amp;slot=7&amp;pi=1965018&amp;rri=fb1b23ed-1330-47e0-91d8-cfb8b7e1a14e" class="z-anchor RecommendationProductCard_slideCard__Vevzs"><div class="RecommendationProductCard_imageContainer__L_pPY"><div class="ImageWithLoader_imageWithLoader__ZpyYA loading"><span style="box-sizing: border-box; display: inline-block; overflow: hidden; width: initial; height: initial; background: none; opacity: 1; border: 0px; margin: 0px; padding: 0px; position: relative; max-width: 100%;"><span style="box-sizing: border-box; display: block; width: initial; height: initial; background: none; opacity: 1; border: 0px; margin: 0px; padding: 0px; max-width: 100%;"><img alt="" aria-hidden="true" src="data:image/svg+xml,%3csvg%20xmlns=%27http://www.w3.org/2000/svg%27%20version=%271.1%27%20width=%27109%27%20height=%27109%27/%3e" style="display: block; max-width: 100%; width: initial; height: initial; background: none; opacity: 1; border: 0px; margin: 0px; padding: 0px;"></span><img title="Purizon Superfoods 6 x 70g" alt="Purizon Superfoods 6 x 70g" src="data:image/gif;base64,R0lGODlhAQABAIAAAAAAAP///yH5BAEAAAAALAAAAAABAAEAAAIBRAA7" decoding="async" data-nimg="intrinsic" style="position: absolute; inset: 0px; box-sizing: border-box; padding: 0px; border: none; margin: auto; display: block; width: 0px; height: 0px; min-width: 100%; max-width: 100%; min-height: 100%; max-height: 100%; object-fit: contain;"><noscript></noscript></span></div></div><div class="RecommendationProductCard_ratingBarContainer__uVlxb"><div data-zta="RatingUIC" class="z-rating"><span class="z-rating__star-wrap"><svg fill="currentColor" width="24" height="24" xmlns="http://www.w3.org/2000/svg" viewBox="0 0 24 24" role="none" class="z-rating__star"><path d="M7.446 7.12 10.603.857a1.569 1.569 0 0 1 2.794 0l.002.004 3.16 6.261 6.018.597a1.555 1.555 0 0 1 .966 2.654l-4.988 4.944 1.85 6.722a1.563 1.563 0 0 1-2.209 1.8L12 20.77l-6.183 3.063a1.563 1.563 0 0 1-2.211-1.804l1.848-6.715L.462 10.37a1.555 1.555 0 0 1 .954-2.653l6.03-.598Z" fill-rule="evenodd"></path></svg><svg fill="currentColor" width="24" height="24" xmlns="http://www.w3.org/2000/svg" viewBox="0 0 24 24" role="none" class="z-rating__star"><path d="M7.446 7.12 10.603.857a1.569 1.569 0 0 1 2.794 0l.002.004 3.16 6.261 6.018.597a1.555 1.555 0 0 1 .966 2.654l-4.988 4.944 1.85 6.722a1.563 1.563 0 0 1-2.209 1.8L12 20.77l-6.183 3.063a1.563 1.563 0 0 1-2.211-1.804l1.848-6.715L.462 10.37a1.555 1.555 0 0 1 .954-2.653l6.03-.598Z" fill-rule="evenodd"></path></svg><svg fill="currentColor" width="24" height="24" xmlns="http://www.w3.org/2000/svg" viewBox="0 0 24 24" role="none" class="z-rating__star"><path d="M7.446 7.12 10.603.857a1.569 1.569 0 0 1 2.794 0l.002.004 3.16 6.261 6.018.597a1.555 1.555 0 0 1 .966 2.654l-4.988 4.944 1.85 6.722a1.563 1.563 0 0 1-2.209 1.8L12 20.77l-6.183 3.063a1.563 1.563 0 0 1-2.211-1.804l1.848-6.715L.462 10.37a1.555 1.555 0 0 1 .954-2.653l6.03-.598Z" fill-rule="evenodd"></path></svg><svg fill="currentColor" width="24" height="24" xmlns="http://www.w3.org/2000/svg" viewBox="0 0 24 24" role="none" class="z-rating__star"><path d="M7.446 7.12 10.603.857a1.569 1.569 0 0 1 2.794 0l.002.004 3.16 6.261 6.018.597a1.555 1.555 0 0 1 .966 2.654l-4.988 4.944 1.85 6.722a1.563 1.563 0 0 1-2.209 1.8L12 20.77l-6.183 3.063a1.563 1.563 0 0 1-2.211-1.804l1.848-6.715L.462 10.37a1.555 1.555 0 0 1 .954-2.653l6.03-.598Z" fill-rule="evenodd"></path></svg><svg fill="currentColor" width="24" height="24" xmlns="http://www.w3.org/2000/svg" viewBox="0 0 24 24" role="none" class="z-rating__star"><path d="M7.446 7.12 10.603.857a1.569 1.569 0 0 1 2.794 0l.002.004 3.16 6.261 6.018.597a1.555 1.555 0 0 1 .966 2.654l-4.988 4.944 1.85 6.722a1.563 1.563 0 0 1-2.209 1.8L12 20.77l-6.183 3.063a1.563 1.563 0 0 1-2.211-1.804l1.848-6.715L.462 10.37a1.555 1.555 0 0 1 .954-2.653l6.03-.598Z" fill-rule="evenodd"></path></svg></span></div></div><div class="RecommendationProductCard_cardNameContainer__VS15l"><p data-zta="P1UIC" title="Purizon Superfoods 6 x 70g" class="z-p1 RecommendationProductCard_cardName__XiZRn">Purizon Superfoods 6 x 70g</p></div><div class="z-price RecommendationProductCard_price__aB5HQ Price_price__y9Aev" data-zta="ProductStandardPriceUIC"><div class="z-price__price-wrap"><span class="z-price__amount z-price__amount--standard" data-zta="productStandardPriceAmount">€8.99</span></div><span class="z-price__note z-price__note--suffix" data-zta="productStandardPriceSuffix">€21.40 / kg</span></div></a></div><div class="swiper-slide" data-zta="product-slide"><a data-zta="1879357" href="/shop/cats/canned_cat_food_pouches/purizon_wet_cat_food/organic/1879357?zootopia_rec=true&amp;activeVariant=1879357.1&amp;cn=initial&amp;si=2&amp;pn=web_pdp&amp;pr=container_1&amp;strategy=28554372&amp;rk=1-12&amp;slot=8&amp;pi=1879357&amp;rri=fb1b23ed-1330-47e0-91d8-cfb8b7e1a14e" class="z-anchor RecommendationProductCard_slideCard__Vevzs"><div class="RecommendationProductCard_imageContainer__L_pPY"><div class="ImageWithLoader_imageWithLoader__ZpyYA loading"><span style="box-sizing: border-box; display: inline-block; overflow: hidden; width: initial; height: initial; background: none; opacity: 1; border: 0px; margin: 0px; padding: 0px; position: relative; max-width: 100%;"><span style="box-sizing: border-box; display: block; width: initial; height: initial; background: none; opacity: 1; border: 0px; margin: 0px; padding: 0px; max-width: 100%;"><img alt="" aria-hidden="true" src="data:image/svg+xml,%3csvg%20xmlns=%27http://www.w3.org/2000/svg%27%20version=%271.1%27%20width=%27109%27%20height=%27109%27/%3e" style="display: block; max-width: 100%; width: initial; height: initial; background: none; opacity: 1; border: 0px; margin: 0px; padding: 0px;"></span><img title="Purizon Organic Saver Pack 24 x 200 g" alt="Purizon Organic Saver Pack 24 x 200 g" src="data:image/gif;base64,R0lGODlhAQABAIAAAAAAAP///yH5BAEAAAAALAAAAAABAAEAAAIBRAA7" decoding="async" data-nimg="intrinsic" style="position: absolute; inset: 0px; box-sizing: border-box; padding: 0px; border: none; margin: auto; display: block; width: 0px; height: 0px; min-width: 100%; max-width: 100%; min-height: 100%; max-height: 100%; object-fit: contain;"><noscript></noscript></span></div></div><div class="RecommendationProductCard_ratingBarContainer__uVlxb"><div data-zta="RatingUIC" class="z-rating"><span class="z-rating__star-wrap"><svg fill="currentColor" width="24" height="24" xmlns="http://www.w3.org/2000/svg" viewBox="0 0 24 24" role="none" class="z-rating__star"><path d="M7.446 7.12 10.603.857a1.569 1.569 0 0 1 2.794 0l.002.004 3.16 6.261 6.018.597a1.555 1.555 0 0 1 .966 2.654l-4.988 4.944 1.85 6.722a1.563 1.563 0 0 1-2.209 1.8L12 20.77l-6.183 3.063a1.563 1.563 0 0 1-2.211-1.804l1.848-6.715L.462 10.37a1.555 1.555 0 0 1 .954-2.653l6.03-.598Z" fill-rule="evenodd"></path></svg><svg fill="currentColor" width="24" height="24" xmlns="http://www.w3.org/2000/svg" viewBox="0 0 24 24" role="none" class="z-rating__star"><path d="M7.446 7.12 10.603.857a1.569 1.569 0 0 1 2.794 0l.002.004 3.16 6.261 6.018.597a1.555 1.555 0 0 1 .966 2.654l-4.988 4.944 1.85 6.722a1.563 1.563 0 0 1-2.209 1.8L12 20.77l-6.183 3.063a1.563 1.563 0 0 1-2.211-1.804l1.848-6.715L.462 10.37a1.555 1.555 0 0 1 .954-2.653l6.03-.598Z" fill-rule="evenodd"></path></svg><svg fill="currentColor" width="24" height="24" xmlns="http://www.w3.org/2000/svg" viewBox="0 0 24 24" role="none" class="z-rating__star"><path d="M7.446 7.12 10.603.857a1.569 1.569 0 0 1 2.794 0l.002.004 3.16 6.261 6.018.597a1.555 1.555 0 0 1 .966 2.654l-4.988 4.944 1.85 6.722a1.563 1.563 0 0 1-2.209 1.8L12 20.77l-6.183 3.063a1.563 1.563 0 0 1-2.211-1.804l1.848-6.715L.462 10.37a1.555 1.555 0 0 1 .954-2.653l6.03-.598Z" fill-rule="evenodd"></path></svg><svg fill="currentColor" width="24" height="24" xmlns="http://www.w3.org/2000/svg" viewBox="0 0 24 24" role="none" class="z-rating__star"><path d="M7.446 7.12 10.603.857a1.569 1.569 0 0 1 2.794 0l.002.004 3.16 6.261 6.018.597a1.555 1.555 0 0 1 .966 2.654l-4.988 4.944 1.85 6.722a1.563 1.563 0 0 1-2.209 1.8L12 20.77l-6.183 3.063a1.563 1.563 0 0 1-2.211-1.804l1.848-6.715L.462 10.37a1.555 1.555 0 0 1 .954-2.653l6.03-.598Z" fill-rule="evenodd"></path></svg><svg fill="currentColor" width="24" height="24" xmlns="http://www.w3.org/2000/svg" viewBox="0 0 24 24" role="none" class="z-rating__star"><path d="M7.446 7.12 10.603.857a1.569 1.569 0 0 1 2.794 0l.002.004 3.16 6.261 6.018.597a1.555 1.555 0 0 1 .966 2.654l-4.988 4.944 1.85 6.722a1.563 1.563 0 0 1-2.209 1.8L12 20.77l-6.183 3.063a1.563 1.563 0 0 1-2.211-1.804l1.848-6.715L.462 10.37a1.555 1.555 0 0 1 .954-2.653l6.03-.598Z" fill-rule="evenodd"></path></svg></span></div></div><div class="RecommendationProductCard_cardNameContainer__VS15l"><p data-zta="P1UIC" title="Purizon Organic Saver Pack 24 x 200 g" class="z-p1 RecommendationProductCard_cardName__XiZRn">Purizon Organic Saver Pack 24 x 200 g</p></div><div class="z-price RecommendationProductCard_price__aB5HQ Price_price__y9Aev" data-zta="ProductReducedPriceUIC"><div class="z-price__note-wrap"><span class="z-price__note" data-zta="productReducedPricePrefix">individually priced  €67.96</span></div><div class="z-price__price-wrap"><span class="z-price__prepend" data-zta="productReducedPriceAmountIntro">Now </span> <span class="z-price__amount" data-zta="productReducedPriceAmount">€64.99</span></div><span class="z-price__note z-price__note--suffix" data-zta="productReducedPriceSuffix">€13.54 / kg</span></div></a></div><div class="swiper-slide" data-zta="product-slide"><a data-zta="1483613" href="/shop/cats/canned_cat_food_pouches/greenwoods/greenwoods_delight_cat_wet/1483613?zootopia_rec=true&amp;activeVariant=1483613.1&amp;cn=initial&amp;si=2&amp;pn=web_pdp&amp;pr=container_1&amp;strategy=28554372&amp;rk=1-12&amp;slot=9&amp;pi=1483613&amp;rri=fb1b23ed-1330-47e0-91d8-cfb8b7e1a14e" class="z-anchor RecommendationProductCard_slideCard__Vevzs"><div class="RecommendationProductCard_imageContainer__L_pPY"><div class="ImageWithLoader_imageWithLoader__ZpyYA loading"><span style="box-sizing: border-box; display: inline-block; overflow: hidden; width: initial; height: initial; background: none; opacity: 1; border: 0px; margin: 0px; padding: 0px; position: relative; max-width: 100%;"><span style="box-sizing: border-box; display: block; width: initial; height: initial; background: none; opacity: 1; border: 0px; margin: 0px; padding: 0px; max-width: 100%;"><img alt="" aria-hidden="true" src="data:image/svg+xml,%3csvg%20xmlns=%27http://www.w3.org/2000/svg%27%20version=%271.1%27%20width=%27109%27%20height=%27109%27/%3e" style="display: block; max-width: 100%; width: initial; height: initial; background: none; opacity: 1; border: 0px; margin: 0px; padding: 0px;"></span><img title="Greenwoods Delight Tuna Fillet" alt="Greenwoods Delight Tuna Fillet" src="data:image/gif;base64,R0lGODlhAQABAIAAAAAAAP///yH5BAEAAAAALAAAAAABAAEAAAIBRAA7" decoding="async" data-nimg="intrinsic" style="position: absolute; inset: 0px; box-sizing: border-box; padding: 0px; border: none; margin: auto; display: block; width: 0px; height: 0px; min-width: 100%; max-width: 100%; min-height: 100%; max-height: 100%; object-fit: contain;"><noscript></noscript></span></div></div><div class="RecommendationProductCard_ratingBarContainer__uVlxb"><div data-zta="RatingUIC" class="z-rating"><span class="z-rating__star-wrap"><span class="pp-visually-hidden">: 5/5</span><svg fill="currentColor" width="24" height="24" xmlns="http://www.w3.org/2000/svg" viewBox="0 0 24 24" role="none" class="z-rating__star z-rating__star--full"><path d="M7.446 7.12 10.603.857a1.569 1.569 0 0 1 2.794 0l.002.004 3.16 6.261 6.018.597a1.555 1.555 0 0 1 .966 2.654l-4.988 4.944 1.85 6.722a1.563 1.563 0 0 1-2.209 1.8L12 20.77l-6.183 3.063a1.563 1.563 0 0 1-2.211-1.804l1.848-6.715L.462 10.37a1.555 1.555 0 0 1 .954-2.653l6.03-.598Z" fill-rule="evenodd"></path></svg><svg fill="currentColor" width="24" height="24" xmlns="http://www.w3.org/2000/svg" viewBox="0 0 24 24" role="none" class="z-rating__star z-rating__star--full"><path d="M7.446 7.12 10.603.857a1.569 1.569 0 0 1 2.794 0l.002.004 3.16 6.261 6.018.597a1.555 1.555 0 0 1 .966 2.654l-4.988 4.944 1.85 6.722a1.563 1.563 0 0 1-2.209 1.8L12 20.77l-6.183 3.063a1.563 1.563 0 0 1-2.211-1.804l1.848-6.715L.462 10.37a1.555 1.555 0 0 1 .954-2.653l6.03-.598Z" fill-rule="evenodd"></path></svg><svg fill="currentColor" width="24" height="24" xmlns="http://www.w3.org/2000/svg" viewBox="0 0 24 24" role="none" class="z-rating__star z-rating__star--full"><path d="M7.446 7.12 10.603.857a1.569 1.569 0 0 1 2.794 0l.002.004 3.16 6.261 6.018.597a1.555 1.555 0 0 1 .966 2.654l-4.988 4.944 1.85 6.722a1.563 1.563 0 0 1-2.209 1.8L12 20.77l-6.183 3.063a1.563 1.563 0 0 1-2.211-1.804l1.848-6.715L.462 10.37a1.555 1.555 0 0 1 .954-2.653l6.03-.598Z" fill-rule="evenodd"></path></svg><svg fill="currentColor" width="24" height="24" xmlns="http://www.w3.org/2000/svg" viewBox="0 0 24 24" role="none" class="z-rating__star z-rating__star--full"><path d="M7.446 7.12 10.603.857a1.569 1.569 0 0 1 2.794 0l.002.004 3.16 6.261 6.018.597a1.555 1.555 0 0 1 .966 2.654l-4.988 4.944 1.85 6.722a1.563 1.563 0 0 1-2.209 1.8L12 20.77l-6.183 3.063a1.563 1.563 0 0 1-2.211-1.804l1.848-6.715L.462 10.37a1.555 1.555 0 0 1 .954-2.653l6.03-.598Z" fill-rule="evenodd"></path></svg><svg fill="currentColor" width="24" height="24" xmlns="http://www.w3.org/2000/svg" viewBox="0 0 24 24" role="none" class="z-rating__star z-rating__star--full"><path d="M7.446 7.12 10.603.857a1.569 1.569 0 0 1 2.794 0l.002.004 3.16 6.261 6.018.597a1.555 1.555 0 0 1 .966 2.654l-4.988 4.944 1.85 6.722a1.563 1.563 0 0 1-2.209 1.8L12 20.77l-6.183 3.063a1.563 1.563 0 0 1-2.211-1.804l1.848-6.715L.462 10.37a1.555 1.555 0 0 1 .954-2.653l6.03-.598Z" fill-rule="evenodd"></path></svg></span></div></div><div class="RecommendationProductCard_cardNameContainer__VS15l"><p data-zta="P1UIC" title="Greenwoods Delight Tuna Fillet" class="z-p1 RecommendationProductCard_cardName__XiZRn">Greenwoods Delight Tuna Fillet</p></div><div class="z-price RecommendationProductCard_price__aB5HQ Price_price__y9Aev" data-zta="ProductReducedPriceUIC"><div class="z-price__note-wrap"><span class="z-price__note" data-zta="productReducedPricePrefix">individually priced  €29.96</span></div><div class="z-price__price-wrap"><span class="z-price__prepend" data-zta="productReducedPriceAmountIntro">Now </span> <span class="z-price__amount" data-zta="productReducedPriceAmount">€28.99</span></div><span class="z-price__note z-price__note--suffix" data-zta="productReducedPriceSuffix">€17.26 / kg</span></div><span data-zta="InfoTagUIC" class="RecommendationProductCard_infoTag__0OCMl z-info-tag z-info-tag--primary">Save 20%</span></a></div><div class="swiper-slide" data-zta="product-slide"><a data-zta="1652917" href="/shop/cats/dry_cat_food/concept_for_life_dry/concept_for_life_specialised/1652917?zootopia_rec=true&amp;activeVariant=1652917.2&amp;cn=initial&amp;si=2&amp;pn=web_pdp&amp;pr=container_1&amp;strategy=28554372&amp;rk=1-12&amp;slot=10&amp;pi=1652917&amp;rri=fb1b23ed-1330-47e0-91d8-cfb8b7e1a14e" class="z-anchor RecommendationProductCard_slideCard__Vevzs"><div class="RecommendationProductCard_imageContainer__L_pPY"><div class="ImageWithLoader_imageWithLoader__ZpyYA loading"><span style="box-sizing: border-box; display: inline-block; overflow: hidden; width: initial; height: initial; background: none; opacity: 1; border: 0px; margin: 0px; padding: 0px; position: relative; max-width: 100%;"><span style="box-sizing: border-box; display: block; width: initial; height: initial; background: none; opacity: 1; border: 0px; margin: 0px; padding: 0px; max-width: 100%;"><img alt="" aria-hidden="true" src="data:image/svg+xml,%3csvg%20xmlns=%27http://www.w3.org/2000/svg%27%20version=%271.1%27%20width=%27109%27%20height=%27109%27/%3e" style="display: block; max-width: 100%; width: initial; height: initial; background: none; opacity: 1; border: 0px; margin: 0px; padding: 0px;"></span><img title="Concept for Life Calm" alt="Concept for Life Calm" src="data:image/gif;base64,R0lGODlhAQABAIAAAAAAAP///yH5BAEAAAAALAAAAAABAAEAAAIBRAA7" decoding="async" data-nimg="intrinsic" style="position: absolute; inset: 0px; box-sizing: border-box; padding: 0px; border: none; margin: auto; display: block; width: 0px; height: 0px; min-width: 100%; max-width: 100%; min-height: 100%; max-height: 100%; object-fit: contain;"><noscript></noscript></span></div></div><div class="RecommendationProductCard_ratingBarContainer__uVlxb"><div data-zta="RatingUIC" class="z-rating"><span class="z-rating__star-wrap"><span class="pp-visually-hidden">: 5/5</span><svg fill="currentColor" width="24" height="24" xmlns="http://www.w3.org/2000/svg" viewBox="0 0 24 24" role="none" class="z-rating__star z-rating__star--full"><path d="M7.446 7.12 10.603.857a1.569 1.569 0 0 1 2.794 0l.002.004 3.16 6.261 6.018.597a1.555 1.555 0 0 1 .966 2.654l-4.988 4.944 1.85 6.722a1.563 1.563 0 0 1-2.209 1.8L12 20.77l-6.183 3.063a1.563 1.563 0 0 1-2.211-1.804l1.848-6.715L.462 10.37a1.555 1.555 0 0 1 .954-2.653l6.03-.598Z" fill-rule="evenodd"></path></svg><svg fill="currentColor" width="24" height="24" xmlns="http://www.w3.org/2000/svg" viewBox="0 0 24 24" role="none" class="z-rating__star z-rating__star--full"><path d="M7.446 7.12 10.603.857a1.569 1.569 0 0 1 2.794 0l.002.004 3.16 6.261 6.018.597a1.555 1.555 0 0 1 .966 2.654l-4.988 4.944 1.85 6.722a1.563 1.563 0 0 1-2.209 1.8L12 20.77l-6.183 3.063a1.563 1.563 0 0 1-2.211-1.804l1.848-6.715L.462 10.37a1.555 1.555 0 0 1 .954-2.653l6.03-.598Z" fill-rule="evenodd"></path></svg><svg fill="currentColor" width="24" height="24" xmlns="http://www.w3.org/2000/svg" viewBox="0 0 24 24" role="none" class="z-rating__star z-rating__star--full"><path d="M7.446 7.12 10.603.857a1.569 1.569 0 0 1 2.794 0l.002.004 3.16 6.261 6.018.597a1.555 1.555 0 0 1 .966 2.654l-4.988 4.944 1.85 6.722a1.563 1.563 0 0 1-2.209 1.8L12 20.77l-6.183 3.063a1.563 1.563 0 0 1-2.211-1.804l1.848-6.715L.462 10.37a1.555 1.555 0 0 1 .954-2.653l6.03-.598Z" fill-rule="evenodd"></path></svg><svg fill="currentColor" width="24" height="24" xmlns="http://www.w3.org/2000/svg" viewBox="0 0 24 24" role="none" class="z-rating__star z-rating__star--full"><path d="M7.446 7.12 10.603.857a1.569 1.569 0 0 1 2.794 0l.002.004 3.16 6.261 6.018.597a1.555 1.555 0 0 1 .966 2.654l-4.988 4.944 1.85 6.722a1.563 1.563 0 0 1-2.209 1.8L12 20.77l-6.183 3.063a1.563 1.563 0 0 1-2.211-1.804l1.848-6.715L.462 10.37a1.555 1.555 0 0 1 .954-2.653l6.03-.598Z" fill-rule="evenodd"></path></svg><svg fill="currentColor" width="24" height="24" xmlns="http://www.w3.org/2000/svg" viewBox="0 0 24 24" role="none" class="z-rating__star z-rating__star--full"><path d="M7.446 7.12 10.603.857a1.569 1.569 0 0 1 2.794 0l.002.004 3.16 6.261 6.018.597a1.555 1.555 0 0 1 .966 2.654l-4.988 4.944 1.85 6.722a1.563 1.563 0 0 1-2.209 1.8L12 20.77l-6.183 3.063a1.563 1.563 0 0 1-2.211-1.804l1.848-6.715L.462 10.37a1.555 1.555 0 0 1 .954-2.653l6.03-.598Z" fill-rule="evenodd"></path></svg></span></div></div><div class="RecommendationProductCard_cardNameContainer__VS15l"><p data-zta="P1UIC" title="Concept for Life Calm" class="z-p1 RecommendationProductCard_cardName__XiZRn">Concept for Life Calm</p></div><div class="z-price RecommendationProductCard_price__aB5HQ Price_price__y9Aev" data-zta="ProductStandardPriceUIC"><div class="z-price__price-wrap"><span class="z-price__amount z-price__amount--standard" data-zta="productStandardPriceAmount">€24.99</span></div><span class="z-price__note z-price__note--suffix" data-zta="productStandardPriceSuffix">€8.33 / kg</span></div></a></div><div class="swiper-slide" data-zta="product-slide"><a data-zta="173444" href="/shop/cats/canned_cat_food_pouches/cosma/cans/173444?zootopia_rec=true&amp;activeVariant=173444.14&amp;cn=initial&amp;si=2&amp;pn=web_pdp&amp;pr=container_1&amp;strategy=28554372&amp;rk=1-12&amp;slot=11&amp;pi=173444&amp;rri=fb1b23ed-1330-47e0-91d8-cfb8b7e1a14e" class="z-anchor RecommendationProductCard_slideCard__Vevzs"><div class="RecommendationProductCard_imageContainer__L_pPY"><div class="ImageWithLoader_imageWithLoader__ZpyYA loading"><span style="box-sizing: border-box; display: inline-block; overflow: hidden; width: initial; height: initial; background: none; opacity: 1; border: 0px; margin: 0px; padding: 0px; position: relative; max-width: 100%;"><span style="box-sizing: border-box; display: block; width: initial; height: initial; background: none; opacity: 1; border: 0px; margin: 0px; padding: 0px; max-width: 100%;"><img alt="" aria-hidden="true" src="data:image/svg+xml,%3csvg%20xmlns=%27http://www.w3.org/2000/svg%27%20version=%271.1%27%20width=%27109%27%20height=%27109%27/%3e" style="display: block; max-width: 100%; width: initial; height: initial; background: none; opacity: 1; border: 0px; margin: 0px; padding: 0px;"></span><img title="Cosma Original in Jelly Saver Pack 24 x 170g" alt="Cosma Original in Jelly Saver Pack 24 x 170g" src="data:image/gif;base64,R0lGODlhAQABAIAAAAAAAP///yH5BAEAAAAALAAAAAABAAEAAAIBRAA7" decoding="async" data-nimg="intrinsic" style="position: absolute; inset: 0px; box-sizing: border-box; padding: 0px; border: none; margin: auto; display: block; width: 0px; height: 0px; min-width: 100%; max-width: 100%; min-height: 100%; max-height: 100%; object-fit: contain;"><noscript></noscript></span></div></div><div class="RecommendationProductCard_ratingBarContainer__uVlxb"><div data-zta="RatingUIC" class="z-rating"><span class="z-rating__star-wrap"><span class="pp-visually-hidden">: 5/5</span><svg fill="currentColor" width="24" height="24" xmlns="http://www.w3.org/2000/svg" viewBox="0 0 24 24" role="none" class="z-rating__star z-rating__star--full"><path d="M7.446 7.12 10.603.857a1.569 1.569 0 0 1 2.794 0l.002.004 3.16 6.261 6.018.597a1.555 1.555 0 0 1 .966 2.654l-4.988 4.944 1.85 6.722a1.563 1.563 0 0 1-2.209 1.8L12 20.77l-6.183 3.063a1.563 1.563 0 0 1-2.211-1.804l1.848-6.715L.462 10.37a1.555 1.555 0 0 1 .954-2.653l6.03-.598Z" fill-rule="evenodd"></path></svg><svg fill="currentColor" width="24" height="24" xmlns="http://www.w3.org/2000/svg" viewBox="0 0 24 24" role="none" class="z-rating__star z-rating__star--full"><path d="M7.446 7.12 10.603.857a1.569 1.569 0 0 1 2.794 0l.002.004 3.16 6.261 6.018.597a1.555 1.555 0 0 1 .966 2.654l-4.988 4.944 1.85 6.722a1.563 1.563 0 0 1-2.209 1.8L12 20.77l-6.183 3.063a1.563 1.563 0 0 1-2.211-1.804l1.848-6.715L.462 10.37a1.555 1.555 0 0 1 .954-2.653l6.03-.598Z" fill-rule="evenodd"></path></svg><svg fill="currentColor" width="24" height="24" xmlns="http://www.w3.org/2000/svg" viewBox="0 0 24 24" role="none" class="z-rating__star z-rating__star--full"><path d="M7.446 7.12 10.603.857a1.569 1.569 0 0 1 2.794 0l.002.004 3.16 6.261 6.018.597a1.555 1.555 0 0 1 .966 2.654l-4.988 4.944 1.85 6.722a1.563 1.563 0 0 1-2.209 1.8L12 20.77l-6.183 3.063a1.563 1.563 0 0 1-2.211-1.804l1.848-6.715L.462 10.37a1.555 1.555 0 0 1 .954-2.653l6.03-.598Z" fill-rule="evenodd"></path></svg><svg fill="currentColor" width="24" height="24" xmlns="http://www.w3.org/2000/svg" viewBox="0 0 24 24" role="none" class="z-rating__star z-rating__star--full"><path d="M7.446 7.12 10.603.857a1.569 1.569 0 0 1 2.794 0l.002.004 3.16 6.261 6.018.597a1.555 1.555 0 0 1 .966 2.654l-4.988 4.944 1.85 6.722a1.563 1.563 0 0 1-2.209 1.8L12 20.77l-6.183 3.063a1.563 1.563 0 0 1-2.211-1.804l1.848-6.715L.462 10.37a1.555 1.555 0 0 1 .954-2.653l6.03-.598Z" fill-rule="evenodd"></path></svg><svg fill="currentColor" width="24" height="24" xmlns="http://www.w3.org/2000/svg" viewBox="0 0 24 24" role="none" class="z-rating__star z-rating__star--full"><path d="M7.446 7.12 10.603.857a1.569 1.569 0 0 1 2.794 0l.002.004 3.16 6.261 6.018.597a1.555 1.555 0 0 1 .966 2.654l-4.988 4.944 1.85 6.722a1.563 1.563 0 0 1-2.209 1.8L12 20.77l-6.183 3.063a1.563 1.563 0 0 1-2.211-1.804l1.848-6.715L.462 10.37a1.555 1.555 0 0 1 .954-2.653l6.03-.598Z" fill-rule="evenodd"></path></svg></span></div></div><div class="RecommendationProductCard_cardNameContainer__VS15l"><p data-zta="P1UIC" title="Cosma Original in Jelly Saver Pack 24 x 170g" class="z-p1 RecommendationProductCard_cardName__XiZRn">Cosma Original in Jelly Saver Pack 24 x 170g</p></div><div class="z-price RecommendationProductCard_price__aB5HQ Price_price__y9Aev" data-zta="ProductReducedPriceUIC"><div class="z-price__note-wrap"><span class="z-price__note" data-zta="productReducedPricePrefix">individually priced  €45.96</span></div><div class="z-price__price-wrap"><span class="z-price__prepend" data-zta="productReducedPriceAmountIntro">Now </span> <span class="z-price__amount" data-zta="productReducedPriceAmount">€42.99</span></div><span class="z-price__note z-price__note--suffix" data-zta="productReducedPriceSuffix">€10.54 / kg</span></div></a></div><div class="swiper-slide" data-zta="product-slide"><a data-zta="365745" href="/shop/cats/cat_toys/balls/365745?zootopia_rec=true&amp;activeVariant=365745.0&amp;cn=initial&amp;si=2&amp;pn=web_pdp&amp;pr=container_1&amp;strategy=28554372&amp;rk=1-12&amp;slot=12&amp;pi=365745&amp;rri=fb1b23ed-1330-47e0-91d8-cfb8b7e1a14e" class="z-anchor RecommendationProductCard_slideCard__Vevzs"><div class="RecommendationProductCard_imageContainer__L_pPY"><div class="ImageWithLoader_imageWithLoader__ZpyYA loading"><span style="box-sizing: border-box; display: inline-block; overflow: hidden; width: initial; height: initial; background: none; opacity: 1; border: 0px; margin: 0px; padding: 0px; position: relative; max-width: 100%;"><span style="box-sizing: border-box; display: block; width: initial; height: initial; background: none; opacity: 1; border: 0px; margin: 0px; padding: 0px; max-width: 100%;"><img alt="" aria-hidden="true" src="data:image/svg+xml,%3csvg%20xmlns=%27http://www.w3.org/2000/svg%27%20version=%271.1%27%20width=%27109%27%20height=%27109%27/%3e" style="display: block; max-width: 100%; width: initial; height: initial; background: none; opacity: 1; border: 0px; margin: 0px; padding: 0px;"></span><img title="Cat Toy Set with Balls and Mice" alt="Cat Toy Set with Balls and Mice" src="data:image/gif;base64,R0lGODlhAQABAIAAAAAAAP///yH5BAEAAAAALAAAAAABAAEAAAIBRAA7" decoding="async" data-nimg="intrinsic" style="position: absolute; inset: 0px; box-sizing: border-box; padding: 0px; border: none; margin: auto; display: block; width: 0px; height: 0px; min-width: 100%; max-width: 100%; min-height: 100%; max-height: 100%; object-fit: contain;"><noscript></noscript></span></div><div data-zta="zooplus-choice-badge-recommendation" class="ZooplusChoiceBadge_zooplusChoiceBadge__3xgn1 RecommendationProductCard_bottomBadge__E3lPA">zooplus choice</div></div><div class="RecommendationProductCard_ratingBarContainer__uVlxb"><div data-zta="RatingUIC" class="z-rating"><span class="z-rating__star-wrap"><span class="pp-visually-hidden">: 5/5</span><svg fill="currentColor" width="24" height="24" xmlns="http://www.w3.org/2000/svg" viewBox="0 0 24 24" role="none" class="z-rating__star z-rating__star--full"><path d="M7.446 7.12 10.603.857a1.569 1.569 0 0 1 2.794 0l.002.004 3.16 6.261 6.018.597a1.555 1.555 0 0 1 .966 2.654l-4.988 4.944 1.85 6.722a1.563 1.563 0 0 1-2.209 1.8L12 20.77l-6.183 3.063a1.563 1.563 0 0 1-2.211-1.804l1.848-6.715L.462 10.37a1.555 1.555 0 0 1 .954-2.653l6.03-.598Z" fill-rule="evenodd"></path></svg><svg fill="currentColor" width="24" height="24" xmlns="http://www.w3.org/2000/svg" viewBox="0 0 24 24" role="none" class="z-rating__star z-rating__star--full"><path d="M7.446 7.12 10.603.857a1.569 1.569 0 0 1 2.794 0l.002.004 3.16 6.261 6.018.597a1.555 1.555 0 0 1 .966 2.654l-4.988 4.944 1.85 6.722a1.563 1.563 0 0 1-2.209 1.8L12 20.77l-6.183 3.063a1.563 1.563 0 0 1-2.211-1.804l1.848-6.715L.462 10.37a1.555 1.555 0 0 1 .954-2.653l6.03-.598Z" fill-rule="evenodd"></path></svg><svg fill="currentColor" width="24" height="24" xmlns="http://www.w3.org/2000/svg" viewBox="0 0 24 24" role="none" class="z-rating__star z-rating__star--full"><path d="M7.446 7.12 10.603.857a1.569 1.569 0 0 1 2.794 0l.002.004 3.16 6.261 6.018.597a1.555 1.555 0 0 1 .966 2.654l-4.988 4.944 1.85 6.722a1.563 1.563 0 0 1-2.209 1.8L12 20.77l-6.183 3.063a1.563 1.563 0 0 1-2.211-1.804l1.848-6.715L.462 10.37a1.555 1.555 0 0 1 .954-2.653l6.03-.598Z" fill-rule="evenodd"></path></svg><svg fill="currentColor" width="24" height="24" xmlns="http://www.w3.org/2000/svg" viewBox="0 0 24 24" role="none" class="z-rating__star z-rating__star--full"><path d="M7.446 7.12 10.603.857a1.569 1.569 0 0 1 2.794 0l.002.004 3.16 6.261 6.018.597a1.555 1.555 0 0 1 .966 2.654l-4.988 4.944 1.85 6.722a1.563 1.563 0 0 1-2.209 1.8L12 20.77l-6.183 3.063a1.563 1.563 0 0 1-2.211-1.804l1.848-6.715L.462 10.37a1.555 1.555 0 0 1 .954-2.653l6.03-.598Z" fill-rule="evenodd"></path></svg><svg fill="currentColor" width="24" height="24" xmlns="http://www.w3.org/2000/svg" viewBox="0 0 24 24" role="none" class="z-rating__star z-rating__star--full"><path d="M7.446 7.12 10.603.857a1.569 1.569 0 0 1 2.794 0l.002.004 3.16 6.261 6.018.597a1.555 1.555 0 0 1 .966 2.654l-4.988 4.944 1.85 6.722a1.563 1.563 0 0 1-2.209 1.8L12 20.77l-6.183 3.063a1.563 1.563 0 0 1-2.211-1.804l1.848-6.715L.462 10.37a1.555 1.555 0 0 1 .954-2.653l6.03-.598Z" fill-rule="evenodd"></path></svg></span></div></div><div class="RecommendationProductCard_cardNameContainer__VS15l"><p data-zta="P1UIC" title="Cat Toy Set with Balls and Mice" class="z-p1 RecommendationProductCard_cardName__XiZRn">Cat Toy Set with Balls and Mice</p></div><div class="z-price RecommendationProductCard_price__aB5HQ Price_price__y9Aev" data-zta="ProductStandardPriceUIC"><div class="z-price__price-wrap"><span class="z-price__amount z-price__amount--standard" data-zta="productStandardPriceAmount">€3.69</span></div><span class="z-price__note z-price__note--suffix" data-zta="productStandardPriceSuffix">€0.31 / unit</span></div></a></div></div></div><span class="RecommendationSlider_swiperPreviousButton__6zHnV swiper-button-prev prev-first-horizontal" data-zta="first-horizontal-recommendationSliderPreviousButton"><svg fill="currentColor" width="24" height="24" xmlns="http://www.w3.org/2000/svg" viewBox="0 0 24 24" role="img"><path d="M20.485 3.515c4.687 4.686 4.687 12.284 0 16.97-4.686 4.687-12.284 4.687-16.97 0-4.687-4.686-4.687-12.284 0-16.97 4.686-4.687 12.284-4.687 16.97 0Zm-15.91 1.06c-4.1 4.1-4.1 10.75 0 14.85s10.75 4.1 14.85 0 4.1-10.75 0-14.85-10.75-4.1-14.85 0Zm7.206 3.142a.75.75 0 0 1 0 1.06l-2.47 2.469 7.19.001a.75.75 0 1 1 0 1.5l-7.19-.001 2.47 2.47a.75.75 0 0 1-1.06 1.061l-3.75-3.75-.064-.072a.752.752 0 0 1-.005-.006l.069.078a.754.754 0 0 1-.22-.53v-.03l.004-.043-.004.073a.754.754 0 0 1 .22-.53l3.75-3.75a.75.75 0 0 1 1.06 0Z" fill-rule="evenodd"></path></svg></span><span class="RecommendationSlider_swiperNextButton__GkjcG swiper-button-next next-first-horizontal" data-zta="first-horizontal-recommendationSliderNextButton"><svg fill="currentColor" width="24" height="24" xmlns="http://www.w3.org/2000/svg" viewBox="0 0 24 24" role="img"><path d="M3.515 3.515c4.686-4.687 12.284-4.687 16.97 0 4.687 4.686 4.687 12.284 0 16.97-4.686 4.687-12.284 4.687-16.97 0-4.687-4.686-4.687-12.284 0-16.97Zm15.91 1.06c-4.1-4.1-10.75-4.1-14.85 0s-4.1 10.75 0 14.85 10.75 4.1 14.85 0 4.1-10.75 0-14.85Zm-7.206 3.142a.75.75 0 0 1 1.06 0l3.75 3.75a.754.754 0 0 1 .22.53l-.004-.073c.002.014.003.029.003.044l.001.029a.763.763 0 0 1-.129.42.748.748 0 0 1-.09.11l.068-.078a.75.75 0 0 1-.005.006l-.064.072-3.75 3.75a.75.75 0 0 1-1.06-1.06l2.469-2.471-7.189.001a.75.75 0 0 1-.743-.648l-.007-.102a.75.75 0 0 1 .75-.75l7.189-.001-2.47-2.469a.75.75 0 0 1-.072-.976Z" fill-rule="evenodd"></path></svg></span></div></div></div><div data-zta="second-horizontal" class="slider-horizontal" data-sleek-node-id="cca3dd"><div class="
        RecommendationSlider_sliderContainer__HMQ6h" data-name="container_2" data-zta="recoSlider" data-sleek-node-id="dc497d"><span class="RecommendationSlider_sliderTitle__Xkt_Y z-h3" data-sleek-node-id="27dbbb">Your pet might also like</span><div class="RecommendationSlider_slider__Yd_cC" data-sleek-node-id="7dbbb0"><div class="swiper swiper-initialized swiper-horizontal swiper-pointer-events RecommendationSlider_swiper__bb_0E" data-sleek-node-id="c41c60"><div class="swiper-wrapper" style="transform: translate3d(0px, 0px, 0px);" data-sleek-node-id="89ebfe"><div class="swiper-slide swiper-slide-active" data-zta="product-slide" style="width: 170.25px;" data-sleek-node-id="ee9026"><a data-zta="434609" href="/shop/cats/canned_cat_food_pouches/cosma_nature/cans/434609?zootopia_rec=true&amp;activeVariant=434609.5&amp;cn=initial&amp;si=2&amp;pn=web_pdp&amp;pr=container_2&amp;strategy=55205132&amp;rk=1-12&amp;slot=1&amp;pi=434609&amp;rri=fb1b23ed-1330-47e0-91d8-cfb8b7e1a14e" class="z-anchor RecommendationProductCard_slideCard__Vevzs" data-sleek-node-id="e493d7"><div class="RecommendationProductCard_imageContainer__L_pPY" data-sleek-node-id="95da4d"><div class="ImageWithLoader_imageWithLoader__ZpyYA" data-sleek-node-id="a48b20"><span style="box-sizing: border-box; display: inline-block; overflow: hidden; width: initial; height: initial; background: none; opacity: 1; border: 0px; margin: 0px; padding: 0px; position: relative; max-width: 100%;" data-sleek-node-id="523575"><span style="box-sizing: border-box; display: block; width: initial; height: initial; background: none; opacity: 1; border: 0px; margin: 0px; padding: 0px; max-width: 100%;" data-sleek-node-id="a58f05"><img alt="" aria-hidden="true" src="data:image/svg+xml,%3csvg%20xmlns=%27http://www.w3.org/2000/svg%27%20version=%271.1%27%20width=%27109%27%20height=%27109%27/%3e" style="display: block; max-width: 100%; width: initial; height: initial; background: none; opacity: 1; border: 0px; margin: 0px; padding: 0px;" data-sleek-node-id="3e1eb1"></span><img title="Cosma Nature 6 x 70g" alt="Cosma Nature 6 x 70g" src="https://media.zooplus.com/bilder/9/300/60834_pla_cosma_nature_salmon_70g_9.jpg" decoding="async" data-nimg="intrinsic" style="position: absolute; inset: 0px; box-sizing: border-box; padding: 0px; border: none; margin: auto; display: block; width: 0px; height: 0px; min-width: 100%; max-width: 100%; min-height: 100%; max-height: 100%; object-fit: contain;" data-sleek-node-id="58f059"></span></div><div data-zta="zooplus-choice-badge-recommendation" class="ZooplusChoiceBadge_zooplusChoiceBadge__3xgn1 RecommendationProductCard_bottomBadge__E3lPA" data-sleek-node-id="48b20e">zooplus choice</div></div><div class="RecommendationProductCard_ratingBarContainer__uVlxb" data-sleek-node-id="5da4d8"><div data-zta="RatingUIC" class="z-rating" data-sleek-node-id="8b20ef"><span class="z-rating__star-wrap" data-sleek-node-id="235755"><span class="pp-visually-hidden" data-sleek-node-id="8f059f">: 5/5</span><svg fill="currentColor" width="24" height="24" xmlns="http://www.w3.org/2000/svg" viewBox="0 0 24 24" role="none" class="z-rating__star z-rating__star--full"><path d="M7.446 7.12 10.603.857a1.569 1.569 0 0 1 2.794 0l.002.004 3.16 6.261 6.018.597a1.555 1.555 0 0 1 .966 2.654l-4.988 4.944 1.85 6.722a1.563 1.563 0 0 1-2.209 1.8L12 20.77l-6.183 3.063a1.563 1.563 0 0 1-2.211-1.804l1.848-6.715L.462 10.37a1.555 1.555 0 0 1 .954-2.653l6.03-.598Z" fill-rule="evenodd"></path></svg><svg fill="currentColor" width="24" height="24" xmlns="http://www.w3.org/2000/svg" viewBox="0 0 24 24" role="none" class="z-rating__star z-rating__star--full"><path d="M7.446 7.12 10.603.857a1.569 1.569 0 0 1 2.794 0l.002.004 3.16 6.261 6.018.597a1.555 1.555 0 0 1 .966 2.654l-4.988 4.944 1.85 6.722a1.563 1.563 0 0 1-2.209 1.8L12 20.77l-6.183 3.063a1.563 1.563 0 0 1-2.211-1.804l1.848-6.715L.462 10.37a1.555 1.555 0 0 1 .954-2.653l6.03-.598Z" fill-rule="evenodd"></path></svg><svg fill="currentColor" width="24" height="24" xmlns="http://www.w3.org/2000/svg" viewBox="0 0 24 24" role="none" class="z-rating__star z-rating__star--full"><path d="M7.446 7.12 10.603.857a1.569 1.569 0 0 1 2.794 0l.002.004 3.16 6.261 6.018.597a1.555 1.555 0 0 1 .966 2.654l-4.988 4.944 1.85 6.722a1.563 1.563 0 0 1-2.209 1.8L12 20.77l-6.183 3.063a1.563 1.563 0 0 1-2.211-1.804l1.848-6.715L.462 10.37a1.555 1.555 0 0 1 .954-2.653l6.03-.598Z" fill-rule="evenodd"></path></svg><svg fill="currentColor" width="24" height="24" xmlns="http://www.w3.org/2000/svg" viewBox="0 0 24 24" role="none" class="z-rating__star z-rating__star--full"><path d="M7.446 7.12 10.603.857a1.569 1.569 0 0 1 2.794 0l.002.004 3.16 6.261 6.018.597a1.555 1.555 0 0 1 .966 2.654l-4.988 4.944 1.85 6.722a1.563 1.563 0 0 1-2.209 1.8L12 20.77l-6.183 3.063a1.563 1.563 0 0 1-2.211-1.804l1.848-6.715L.462 10.37a1.555 1.555 0 0 1 .954-2.653l6.03-.598Z" fill-rule="evenodd"></path></svg><svg fill="currentColor" width="24" height="24" xmlns="http://www.w3.org/2000/svg" viewBox="0 0 24 24" role="none" class="z-rating__star z-rating__star--full"><path d="M7.446 7.12 10.603.857a1.569 1.569 0 0 1 2.794 0l.002.004 3.16 6.261 6.018.597a1.555 1.555 0 0 1 .966 2.654l-4.988 4.944 1.85 6.722a1.563 1.563 0 0 1-2.209 1.8L12 20.77l-6.183 3.063a1.563 1.563 0 0 1-2.211-1.804l1.848-6.715L.462 10.37a1.555 1.555 0 0 1 .954-2.653l6.03-.598Z" fill-rule="evenodd"></path></svg></span></div></div><div class="RecommendationProductCard_cardNameContainer__VS15l" data-sleek-node-id="da4d87"><p data-zta="P1UIC" title="Cosma Nature 6 x 70g" class="z-p1 RecommendationProductCard_cardName__XiZRn" data-sleek-node-id="b20efe">Cosma Nature 6 x 70g</p></div><div class="z-price RecommendationProductCard_price__aB5HQ Price_price__y9Aev" data-zta="ProductStandardPriceUIC" data-sleek-node-id="a4d87f"><div class="z-price__price-wrap" data-sleek-node-id="20efe2"><span class="z-price__amount z-price__amount--standard" data-zta="productStandardPriceAmount" data-sleek-node-id="35755b">€8.99</span></div><span class="z-price__note z-price__note--suffix" data-zta="productStandardPriceSuffix" data-sleek-node-id="0efe26">€21.40 / kg</span></div><span data-zta="InfoTagUIC" class="RecommendationProductCard_infoTag__0OCMl z-info-tag z-info-tag--primary" data-sleek-node-id="4d87f4">Save 20%</span></a></div><div class="swiper-slide swiper-slide-next" data-zta="product-slide" style="width: 170.25px;" data-sleek-node-id="e9026e"><a data-zta="330983" href="/shop/cats/canned_cat_food_pouches/applaws/applaws_cans/330983?zootopia_rec=true&amp;activeVariant=330983.23&amp;cn=initial&amp;si=2&amp;pn=web_pdp&amp;pr=container_2&amp;strategy=55205132&amp;rk=1-12&amp;slot=2&amp;pi=330983&amp;rri=fb1b23ed-1330-47e0-91d8-cfb8b7e1a14e" class="z-anchor RecommendationProductCard_slideCard__Vevzs" data-sleek-node-id="493d79"><div class="RecommendationProductCard_imageContainer__L_pPY" data-sleek-node-id="d87f4e"><div class="ImageWithLoader_imageWithLoader__ZpyYA" data-sleek-node-id="efe266"><span style="box-sizing: border-box; display: inline-block; overflow: hidden; width: initial; height: initial; background: none; opacity: 1; border: 0px; margin: 0px; padding: 0px; position: relative; max-width: 100%;" data-sleek-node-id="5755b3"><span style="box-sizing: border-box; display: block; width: initial; height: initial; background: none; opacity: 1; border: 0px; margin: 0px; padding: 0px; max-width: 100%;" data-sleek-node-id="f059f2"><img alt="" aria-hidden="true" src="data:image/svg+xml,%3csvg%20xmlns=%27http://www.w3.org/2000/svg%27%20version=%271.1%27%20width=%27109%27%20height=%27109%27/%3e" style="display: block; max-width: 100%; width: initial; height: initial; background: none; opacity: 1; border: 0px; margin: 0px; padding: 0px;" data-sleek-node-id="e1eb15"></span><img title="Applaws Cat Food 70g - Tuna / Fish" alt="Applaws Cat Food 70g - Tuna / Fish" src="https://media.zooplus.com/bilder/1/300/413213_pla_applaws_cat_tin_24x70g_tunaprawn_hs_01_1.jpg" decoding="async" data-nimg="intrinsic" style="position: absolute; inset: 0px; box-sizing: border-box; padding: 0px; border: none; margin: auto; display: block; width: 0px; height: 0px; min-width: 100%; max-width: 100%; min-height: 100%; max-height: 100%; object-fit: contain;" data-sleek-node-id="059f20"></span></div></div><div class="RecommendationProductCard_ratingBarContainer__uVlxb" data-sleek-node-id="87f4e4"><div data-zta="RatingUIC" class="z-rating" data-sleek-node-id="fe266a"><span class="z-rating__star-wrap" data-sleek-node-id="755b3a"><span class="pp-visually-hidden" data-sleek-node-id="59f206">: 5/5</span><svg fill="currentColor" width="24" height="24" xmlns="http://www.w3.org/2000/svg" viewBox="0 0 24 24" role="none" class="z-rating__star z-rating__star--full"><path d="M7.446 7.12 10.603.857a1.569 1.569 0 0 1 2.794 0l.002.004 3.16 6.261 6.018.597a1.555 1.555 0 0 1 .966 2.654l-4.988 4.944 1.85 6.722a1.563 1.563 0 0 1-2.209 1.8L12 20.77l-6.183 3.063a1.563 1.563 0 0 1-2.211-1.804l1.848-6.715L.462 10.37a1.555 1.555 0 0 1 .954-2.653l6.03-.598Z" fill-rule="evenodd"></path></svg><svg fill="currentColor" width="24" height="24" xmlns="http://www.w3.org/2000/svg" viewBox="0 0 24 24" role="none" class="z-rating__star z-rating__star--full"><path d="M7.446 7.12 10.603.857a1.569 1.569 0 0 1 2.794 0l.002.004 3.16 6.261 6.018.597a1.555 1.555 0 0 1 .966 2.654l-4.988 4.944 1.85 6.722a1.563 1.563 0 0 1-2.209 1.8L12 20.77l-6.183 3.063a1.563 1.563 0 0 1-2.211-1.804l1.848-6.715L.462 10.37a1.555 1.555 0 0 1 .954-2.653l6.03-.598Z" fill-rule="evenodd"></path></svg><svg fill="currentColor" width="24" height="24" xmlns="http://www.w3.org/2000/svg" viewBox="0 0 24 24" role="none" class="z-rating__star z-rating__star--full"><path d="M7.446 7.12 10.603.857a1.569 1.569 0 0 1 2.794 0l.002.004 3.16 6.261 6.018.597a1.555 1.555 0 0 1 .966 2.654l-4.988 4.944 1.85 6.722a1.563 1.563 0 0 1-2.209 1.8L12 20.77l-6.183 3.063a1.563 1.563 0 0 1-2.211-1.804l1.848-6.715L.462 10.37a1.555 1.555 0 0 1 .954-2.653l6.03-.598Z" fill-rule="evenodd"></path></svg><svg fill="currentColor" width="24" height="24" xmlns="http://www.w3.org/2000/svg" viewBox="0 0 24 24" role="none" class="z-rating__star z-rating__star--full"><path d="M7.446 7.12 10.603.857a1.569 1.569 0 0 1 2.794 0l.002.004 3.16 6.261 6.018.597a1.555 1.555 0 0 1 .966 2.654l-4.988 4.944 1.85 6.722a1.563 1.563 0 0 1-2.209 1.8L12 20.77l-6.183 3.063a1.563 1.563 0 0 1-2.211-1.804l1.848-6.715L.462 10.37a1.555 1.555 0 0 1 .954-2.653l6.03-.598Z" fill-rule="evenodd"></path></svg><svg fill="currentColor" width="24" height="24" xmlns="http://www.w3.org/2000/svg" viewBox="0 0 24 24" role="none" class="z-rating__star z-rating__star--full"><path d="M7.446 7.12 10.603.857a1.569 1.569 0 0 1 2.794 0l.002.004 3.16 6.261 6.018.597a1.555 1.555 0 0 1 .966 2.654l-4.988 4.944 1.85 6.722a1.563 1.563 0 0 1-2.209 1.8L12 20.77l-6.183 3.063a1.563 1.563 0 0 1-2.211-1.804l1.848-6.715L.462 10.37a1.555 1.555 0 0 1 .954-2.653l6.03-.598Z" fill-rule="evenodd"></path></svg></span></div></div><div class="RecommendationProductCard_cardNameContainer__VS15l" data-sleek-node-id="7f4e44"><p data-zta="P1UIC" title="Applaws Cat Food 70g - Tuna / Fish" class="z-p1 RecommendationProductCard_cardName__XiZRn" data-sleek-node-id="e266a2">Applaws Cat Food 70g - Tuna / Fish</p></div><div class="z-price RecommendationProductCard_price__aB5HQ Price_price__y9Aev" data-zta="ProductReducedPriceUIC" data-sleek-node-id="f4e448"><div class="z-price__note-wrap" data-sleek-node-id="266a2f"><span class="z-price__note" data-zta="productReducedPricePrefix" data-sleek-node-id="55b3ad">individually priced  €27.96</span></div><div class="z-price__price-wrap" data-sleek-node-id="66a2f5"><span class="z-price__prepend" data-zta="productReducedPriceAmountIntro" data-sleek-node-id="5b3ad1">Now </span> <span class="z-price__amount" data-zta="productReducedPriceAmount" data-sleek-node-id="b3ad12">€26.49</span></div><span class="z-price__note z-price__note--suffix" data-zta="productReducedPriceSuffix" data-sleek-node-id="6a2f50">€15.77 / kg</span></div></a></div><div class="swiper-slide" data-zta="product-slide" style="width: 170.25px;" data-sleek-node-id="9026e9"><a data-zta="694540" href="/shop/cats/canned_cat_food_pouches/encore/pouches/694540?zootopia_rec=true&amp;activeVariant=694540.1&amp;cn=initial&amp;si=2&amp;pn=web_pdp&amp;pr=container_2&amp;strategy=55205132&amp;rk=1-12&amp;slot=3&amp;pi=694540&amp;rri=fb1b23ed-1330-47e0-91d8-cfb8b7e1a14e" class="z-anchor RecommendationProductCard_slideCard__Vevzs" data-sleek-node-id="93d798"><div class="RecommendationProductCard_imageContainer__L_pPY" data-sleek-node-id="4e4484"><div class="ImageWithLoader_imageWithLoader__ZpyYA" data-sleek-node-id="d08de7"><span style="box-sizing: border-box; display: inline-block; overflow: hidden; width: initial; height: initial; background: none; opacity: 1; border: 0px; margin: 0px; padding: 0px; position: relative; max-width: 100%;" data-sleek-node-id="3ad129"><span style="box-sizing: border-box; display: block; width: initial; height: initial; background: none; opacity: 1; border: 0px; margin: 0px; padding: 0px; max-width: 100%;" data-sleek-node-id="9f206d"><img alt="" aria-hidden="true" src="data:image/svg+xml,%3csvg%20xmlns=%27http://www.w3.org/2000/svg%27%20version=%271.1%27%20width=%27109%27%20height=%27109%27/%3e" style="display: block; max-width: 100%; width: initial; height: initial; background: none; opacity: 1; border: 0px; margin: 0px; padding: 0px;" data-sleek-node-id="1eb15c"></span><img title="Encore Cat Broth Pouch 16 x 70g" alt="Encore Cat Broth Pouch 16 x 70g" src="https://media.zooplus.com/bilder/8/300/wcf_tuna_fillet_prawn_broth_pouch_front_8.jpg" decoding="async" data-nimg="intrinsic" style="position: absolute; inset: 0px; box-sizing: border-box; padding: 0px; border: none; margin: auto; display: block; width: 0px; height: 0px; min-width: 100%; max-width: 100%; min-height: 100%; max-height: 100%; object-fit: contain;" data-sleek-node-id="f206d7"></span></div></div><div class="RecommendationProductCard_ratingBarContainer__uVlxb" data-sleek-node-id="e44846"><div data-zta="RatingUIC" class="z-rating" data-sleek-node-id="08de7b"><span class="z-rating__star-wrap" data-sleek-node-id="ad129b"><span class="pp-visually-hidden" data-sleek-node-id="206d71">: 3/5</span><svg fill="currentColor" width="24" height="24" xmlns="http://www.w3.org/2000/svg" viewBox="0 0 24 24" role="none" class="z-rating__star z-rating__star--full"><path d="M7.446 7.12 10.603.857a1.569 1.569 0 0 1 2.794 0l.002.004 3.16 6.261 6.018.597a1.555 1.555 0 0 1 .966 2.654l-4.988 4.944 1.85 6.722a1.563 1.563 0 0 1-2.209 1.8L12 20.77l-6.183 3.063a1.563 1.563 0 0 1-2.211-1.804l1.848-6.715L.462 10.37a1.555 1.555 0 0 1 .954-2.653l6.03-.598Z" fill-rule="evenodd"></path></svg><svg fill="currentColor" width="24" height="24" xmlns="http://www.w3.org/2000/svg" viewBox="0 0 24 24" role="none" class="z-rating__star z-rating__star--full"><path d="M7.446 7.12 10.603.857a1.569 1.569 0 0 1 2.794 0l.002.004 3.16 6.261 6.018.597a1.555 1.555 0 0 1 .966 2.654l-4.988 4.944 1.85 6.722a1.563 1.563 0 0 1-2.209 1.8L12 20.77l-6.183 3.063a1.563 1.563 0 0 1-2.211-1.804l1.848-6.715L.462 10.37a1.555 1.555 0 0 1 .954-2.653l6.03-.598Z" fill-rule="evenodd"></path></svg><svg fill="currentColor" width="24" height="24" xmlns="http://www.w3.org/2000/svg" viewBox="0 0 24 24" role="none" class="z-rating__star z-rating__star--full"><path d="M7.446 7.12 10.603.857a1.569 1.569 0 0 1 2.794 0l.002.004 3.16 6.261 6.018.597a1.555 1.555 0 0 1 .966 2.654l-4.988 4.944 1.85 6.722a1.563 1.563 0 0 1-2.209 1.8L12 20.77l-6.183 3.063a1.563 1.563 0 0 1-2.211-1.804l1.848-6.715L.462 10.37a1.555 1.555 0 0 1 .954-2.653l6.03-.598Z" fill-rule="evenodd"></path></svg><svg fill="currentColor" width="24" height="24" xmlns="http://www.w3.org/2000/svg" viewBox="0 0 24 24" role="none" class="z-rating__star"><path d="M7.446 7.12 10.603.857a1.569 1.569 0 0 1 2.794 0l.002.004 3.16 6.261 6.018.597a1.555 1.555 0 0 1 .966 2.654l-4.988 4.944 1.85 6.722a1.563 1.563 0 0 1-2.209 1.8L12 20.77l-6.183 3.063a1.563 1.563 0 0 1-2.211-1.804l1.848-6.715L.462 10.37a1.555 1.555 0 0 1 .954-2.653l6.03-.598Z" fill-rule="evenodd"></path></svg><svg fill="currentColor" width="24" height="24" xmlns="http://www.w3.org/2000/svg" viewBox="0 0 24 24" role="none" class="z-rating__star"><path d="M7.446 7.12 10.603.857a1.569 1.569 0 0 1 2.794 0l.002.004 3.16 6.261 6.018.597a1.555 1.555 0 0 1 .966 2.654l-4.988 4.944 1.85 6.722a1.563 1.563 0 0 1-2.209 1.8L12 20.77l-6.183 3.063a1.563 1.563 0 0 1-2.211-1.804l1.848-6.715L.462 10.37a1.555 1.555 0 0 1 .954-2.653l6.03-.598Z" fill-rule="evenodd"></path></svg></span></div></div><div class="RecommendationProductCard_cardNameContainer__VS15l" data-sleek-node-id="44846e"><p data-zta="P1UIC" title="Encore Cat Broth Pouch 16 x 70g" class="z-p1 RecommendationProductCard_cardName__XiZRn" data-sleek-node-id="8de7b1">Encore Cat Broth Pouch 16 x 70g</p></div><div class="z-price RecommendationProductCard_price__aB5HQ Price_price__y9Aev" data-zta="ProductStandardPriceUIC" data-sleek-node-id="4846e6"><div class="z-price__price-wrap" data-sleek-node-id="de7b17"><span class="z-price__amount z-price__amount--standard" data-zta="productStandardPriceAmount" data-sleek-node-id="d129b7">€23.49</span></div><span class="z-price__note z-price__note--suffix" data-zta="productStandardPriceSuffix" data-sleek-node-id="e7b17e">€20.97 / kg</span></div></a></div><div class="swiper-slide" data-zta="product-slide" style="width: 170.25px;" data-sleek-node-id="026e94"><a data-zta="330981" href="/shop/cats/canned_cat_food_pouches/applaws/applaws_cans/330981?zootopia_rec=true&amp;activeVariant=330981.18&amp;cn=initial&amp;si=2&amp;pn=web_pdp&amp;pr=container_2&amp;strategy=55205132&amp;rk=1-12&amp;slot=4&amp;pi=330981&amp;rri=fb1b23ed-1330-47e0-91d8-cfb8b7e1a14e" class="z-anchor RecommendationProductCard_slideCard__Vevzs" data-sleek-node-id="3d7983"><div class="RecommendationProductCard_imageContainer__L_pPY" data-sleek-node-id="846e6f"><div class="ImageWithLoader_imageWithLoader__ZpyYA" data-sleek-node-id="7b17ec"><span style="box-sizing: border-box; display: inline-block; overflow: hidden; width: initial; height: initial; background: none; opacity: 1; border: 0px; margin: 0px; padding: 0px; position: relative; max-width: 100%;" data-sleek-node-id="129b77"><span style="box-sizing: border-box; display: block; width: initial; height: initial; background: none; opacity: 1; border: 0px; margin: 0px; padding: 0px; max-width: 100%;" data-sleek-node-id="06d713"><img alt="" aria-hidden="true" src="data:image/svg+xml,%3csvg%20xmlns=%27http://www.w3.org/2000/svg%27%20version=%271.1%27%20width=%27109%27%20height=%27109%27/%3e" style="display: block; max-width: 100%; width: initial; height: initial; background: none; opacity: 1; border: 0px; margin: 0px; padding: 0px;" data-sleek-node-id="eb15c9"></span><img title="Applaws Cat Food Cans 156g - Tuna / Fish" alt="Applaws Cat Food Cans 156g - Tuna / Fish" src="https://media.zooplus.com/bilder/1/300/71480_pla_applaws_cat_tin_in_broth_6x156g_mackerel_with_sardine_hs_01_1.jpg" decoding="async" data-nimg="intrinsic" style="position: absolute; inset: 0px; box-sizing: border-box; padding: 0px; border: none; margin: auto; display: block; width: 0px; height: 0px; min-width: 100%; max-width: 100%; min-height: 100%; max-height: 100%; object-fit: contain;" data-sleek-node-id="6d713e"></span></div><div data-zta="zooplus-choice-badge-recommendation" class="ZooplusChoiceBadge_zooplusChoiceBadge__3xgn1 RecommendationProductCard_bottomBadge__E3lPA" data-sleek-node-id="b17ec0">zooplus choice</div></div><div class="RecommendationProductCard_ratingBarContainer__uVlxb" data-sleek-node-id="46e6f1"><div data-zta="RatingUIC" class="z-rating" data-sleek-node-id="17ec00"><span class="z-rating__star-wrap" data-sleek-node-id="29b77f"><span class="pp-visually-hidden" data-sleek-node-id="d713e1">: 5/5</span><svg fill="currentColor" width="24" height="24" xmlns="http://www.w3.org/2000/svg" viewBox="0 0 24 24" role="none" class="z-rating__star z-rating__star--full"><path d="M7.446 7.12 10.603.857a1.569 1.569 0 0 1 2.794 0l.002.004 3.16 6.261 6.018.597a1.555 1.555 0 0 1 .966 2.654l-4.988 4.944 1.85 6.722a1.563 1.563 0 0 1-2.209 1.8L12 20.77l-6.183 3.063a1.563 1.563 0 0 1-2.211-1.804l1.848-6.715L.462 10.37a1.555 1.555 0 0 1 .954-2.653l6.03-.598Z" fill-rule="evenodd"></path></svg><svg fill="currentColor" width="24" height="24" xmlns="http://www.w3.org/2000/svg" viewBox="0 0 24 24" role="none" class="z-rating__star z-rating__star--full"><path d="M7.446 7.12 10.603.857a1.569 1.569 0 0 1 2.794 0l.002.004 3.16 6.261 6.018.597a1.555 1.555 0 0 1 .966 2.654l-4.988 4.944 1.85 6.722a1.563 1.563 0 0 1-2.209 1.8L12 20.77l-6.183 3.063a1.563 1.563 0 0 1-2.211-1.804l1.848-6.715L.462 10.37a1.555 1.555 0 0 1 .954-2.653l6.03-.598Z" fill-rule="evenodd"></path></svg><svg fill="currentColor" width="24" height="24" xmlns="http://www.w3.org/2000/svg" viewBox="0 0 24 24" role="none" class="z-rating__star z-rating__star--full"><path d="M7.446 7.12 10.603.857a1.569 1.569 0 0 1 2.794 0l.002.004 3.16 6.261 6.018.597a1.555 1.555 0 0 1 .966 2.654l-4.988 4.944 1.85 6.722a1.563 1.563 0 0 1-2.209 1.8L12 20.77l-6.183 3.063a1.563 1.563 0 0 1-2.211-1.804l1.848-6.715L.462 10.37a1.555 1.555 0 0 1 .954-2.653l6.03-.598Z" fill-rule="evenodd"></path></svg><svg fill="currentColor" width="24" height="24" xmlns="http://www.w3.org/2000/svg" viewBox="0 0 24 24" role="none" class="z-rating__star z-rating__star--full"><path d="M7.446 7.12 10.603.857a1.569 1.569 0 0 1 2.794 0l.002.004 3.16 6.261 6.018.597a1.555 1.555 0 0 1 .966 2.654l-4.988 4.944 1.85 6.722a1.563 1.563 0 0 1-2.209 1.8L12 20.77l-6.183 3.063a1.563 1.563 0 0 1-2.211-1.804l1.848-6.715L.462 10.37a1.555 1.555 0 0 1 .954-2.653l6.03-.598Z" fill-rule="evenodd"></path></svg><svg fill="currentColor" width="24" height="24" xmlns="http://www.w3.org/2000/svg" viewBox="0 0 24 24" role="none" class="z-rating__star z-rating__star--full"><path d="M7.446 7.12 10.603.857a1.569 1.569 0 0 1 2.794 0l.002.004 3.16 6.261 6.018.597a1.555 1.555 0 0 1 .966 2.654l-4.988 4.944 1.85 6.722a1.563 1.563 0 0 1-2.209 1.8L12 20.77l-6.183 3.063a1.563 1.563 0 0 1-2.211-1.804l1.848-6.715L.462 10.37a1.555 1.555 0 0 1 .954-2.653l6.03-.598Z" fill-rule="evenodd"></path></svg></span></div></div><div class="RecommendationProductCard_cardNameContainer__VS15l" data-sleek-node-id="6e6f19"><p data-zta="P1UIC" title="Applaws Cat Food Cans 156g - Tuna / Fish" class="z-p1 RecommendationProductCard_cardName__XiZRn" data-sleek-node-id="7ec005">Applaws Cat Food Cans 156g - Tuna / Fish</p></div><div class="z-price RecommendationProductCard_price__aB5HQ Price_price__y9Aev" data-zta="ProductReducedPriceUIC" data-sleek-node-id="e6f19f"><div class="z-price__note-wrap" data-sleek-node-id="ec005a"><span class="z-price__note" data-zta="productReducedPricePrefix" data-sleek-node-id="9b77f5">individually priced  €50.76</span></div><div class="z-price__price-wrap" data-sleek-node-id="c005a1"><span class="z-price__prepend" data-zta="productReducedPriceAmountIntro" data-sleek-node-id="b77f56">Now </span> <span class="z-price__amount" data-zta="productReducedPriceAmount" data-sleek-node-id="77f56a">€48.99</span></div><span class="z-price__note z-price__note--suffix" data-zta="productReducedPriceSuffix" data-sleek-node-id="005a13">€13.10 / kg</span></div></a></div><div class="swiper-slide" data-zta="product-slide" style="width: 170.25px;"><a data-zta="127107" href="/shop/cats/canned_cat_food_pouches/schesir/schesir_cans/127107?zootopia_rec=true&amp;activeVariant=127107.23&amp;cn=initial&amp;si=2&amp;pn=web_pdp&amp;pr=container_2&amp;strategy=55205132&amp;rk=1-12&amp;slot=5&amp;pi=127107&amp;rri=fb1b23ed-1330-47e0-91d8-cfb8b7e1a14e" class="z-anchor RecommendationProductCard_slideCard__Vevzs"><div class="RecommendationProductCard_imageContainer__L_pPY"><div class="ImageWithLoader_imageWithLoader__ZpyYA loading"><span style="box-sizing: border-box; display: inline-block; overflow: hidden; width: initial; height: initial; background: none; opacity: 1; border: 0px; margin: 0px; padding: 0px; position: relative; max-width: 100%;"><span style="box-sizing: border-box; display: block; width: initial; height: initial; background: none; opacity: 1; border: 0px; margin: 0px; padding: 0px; max-width: 100%;"><img alt="" aria-hidden="true" src="data:image/svg+xml,%3csvg%20xmlns=%27http://www.w3.org/2000/svg%27%20version=%271.1%27%20width=%27109%27%20height=%27109%27/%3e" style="display: block; max-width: 100%; width: initial; height: initial; background: none; opacity: 1; border: 0px; margin: 0px; padding: 0px;"></span><img title="Schesir in Jelly 6 x 85g" alt="Schesir in Jelly 6 x 85g" src="data:image/gif;base64,R0lGODlhAQABAIAAAAAAAP///yH5BAEAAAAALAAAAAABAAEAAAIBRAA7" decoding="async" data-nimg="intrinsic" style="position: absolute; inset: 0px; box-sizing: border-box; padding: 0px; border: none; margin: auto; display: block; width: 0px; height: 0px; min-width: 100%; max-width: 100%; min-height: 100%; max-height: 100%; object-fit: contain;"><noscript></noscript></span></div></div><div class="RecommendationProductCard_ratingBarContainer__uVlxb"><div data-zta="RatingUIC" class="z-rating"><span class="z-rating__star-wrap"><span class="pp-visually-hidden">: 5/5</span><svg fill="currentColor" width="24" height="24" xmlns="http://www.w3.org/2000/svg" viewBox="0 0 24 24" role="none" class="z-rating__star z-rating__star--full"><path d="M7.446 7.12 10.603.857a1.569 1.569 0 0 1 2.794 0l.002.004 3.16 6.261 6.018.597a1.555 1.555 0 0 1 .966 2.654l-4.988 4.944 1.85 6.722a1.563 1.563 0 0 1-2.209 1.8L12 20.77l-6.183 3.063a1.563 1.563 0 0 1-2.211-1.804l1.848-6.715L.462 10.37a1.555 1.555 0 0 1 .954-2.653l6.03-.598Z" fill-rule="evenodd"></path></svg><svg fill="currentColor" width="24" height="24" xmlns="http://www.w3.org/2000/svg" viewBox="0 0 24 24" role="none" class="z-rating__star z-rating__star--full"><path d="M7.446 7.12 10.603.857a1.569 1.569 0 0 1 2.794 0l.002.004 3.16 6.261 6.018.597a1.555 1.555 0 0 1 .966 2.654l-4.988 4.944 1.85 6.722a1.563 1.563 0 0 1-2.209 1.8L12 20.77l-6.183 3.063a1.563 1.563 0 0 1-2.211-1.804l1.848-6.715L.462 10.37a1.555 1.555 0 0 1 .954-2.653l6.03-.598Z" fill-rule="evenodd"></path></svg><svg fill="currentColor" width="24" height="24" xmlns="http://www.w3.org/2000/svg" viewBox="0 0 24 24" role="none" class="z-rating__star z-rating__star--full"><path d="M7.446 7.12 10.603.857a1.569 1.569 0 0 1 2.794 0l.002.004 3.16 6.261 6.018.597a1.555 1.555 0 0 1 .966 2.654l-4.988 4.944 1.85 6.722a1.563 1.563 0 0 1-2.209 1.8L12 20.77l-6.183 3.063a1.563 1.563 0 0 1-2.211-1.804l1.848-6.715L.462 10.37a1.555 1.555 0 0 1 .954-2.653l6.03-.598Z" fill-rule="evenodd"></path></svg><svg fill="currentColor" width="24" height="24" xmlns="http://www.w3.org/2000/svg" viewBox="0 0 24 24" role="none" class="z-rating__star z-rating__star--full"><path d="M7.446 7.12 10.603.857a1.569 1.569 0 0 1 2.794 0l.002.004 3.16 6.261 6.018.597a1.555 1.555 0 0 1 .966 2.654l-4.988 4.944 1.85 6.722a1.563 1.563 0 0 1-2.209 1.8L12 20.77l-6.183 3.063a1.563 1.563 0 0 1-2.211-1.804l1.848-6.715L.462 10.37a1.555 1.555 0 0 1 .954-2.653l6.03-.598Z" fill-rule="evenodd"></path></svg><svg fill="currentColor" width="24" height="24" xmlns="http://www.w3.org/2000/svg" viewBox="0 0 24 24" role="none" class="z-rating__star z-rating__star--full"><path d="M7.446 7.12 10.603.857a1.569 1.569 0 0 1 2.794 0l.002.004 3.16 6.261 6.018.597a1.555 1.555 0 0 1 .966 2.654l-4.988 4.944 1.85 6.722a1.563 1.563 0 0 1-2.209 1.8L12 20.77l-6.183 3.063a1.563 1.563 0 0 1-2.211-1.804l1.848-6.715L.462 10.37a1.555 1.555 0 0 1 .954-2.653l6.03-.598Z" fill-rule="evenodd"></path></svg></span></div></div><div class="RecommendationProductCard_cardNameContainer__VS15l"><p data-zta="P1UIC" title="Schesir in Jelly 6 x 85g" class="z-p1 RecommendationProductCard_cardName__XiZRn">Schesir in Jelly 6 x 85g</p></div><div class="z-price RecommendationProductCard_price__aB5HQ Price_price__y9Aev" data-zta="ProductStandardPriceUIC"><div class="z-price__price-wrap"><span class="z-price__amount z-price__amount--standard" data-zta="productStandardPriceAmount">€9.29</span></div><span class="z-price__note z-price__note--suffix" data-zta="productStandardPriceSuffix">€18.22 / kg</span></div></a></div><div class="swiper-slide" data-zta="product-slide" style="width: 170.25px;"><a data-zta="694541" href="/shop/cats/canned_cat_food_pouches/encore/pouches/694541?zootopia_rec=true&amp;activeVariant=694541.6&amp;cn=initial&amp;si=2&amp;pn=web_pdp&amp;pr=container_2&amp;strategy=51920183&amp;rk=1-20&amp;slot=6&amp;pi=694541&amp;rri=fb1b23ed-1330-47e0-91d8-cfb8b7e1a14e" class="z-anchor RecommendationProductCard_slideCard__Vevzs"><div class="RecommendationProductCard_imageContainer__L_pPY"><div class="ImageWithLoader_imageWithLoader__ZpyYA loading"><span style="box-sizing: border-box; display: inline-block; overflow: hidden; width: initial; height: initial; background: none; opacity: 1; border: 0px; margin: 0px; padding: 0px; position: relative; max-width: 100%;"><span style="box-sizing: border-box; display: block; width: initial; height: initial; background: none; opacity: 1; border: 0px; margin: 0px; padding: 0px; max-width: 100%;"><img alt="" aria-hidden="true" src="data:image/svg+xml,%3csvg%20xmlns=%27http://www.w3.org/2000/svg%27%20version=%271.1%27%20width=%27109%27%20height=%27109%27/%3e" style="display: block; max-width: 100%; width: initial; height: initial; background: none; opacity: 1; border: 0px; margin: 0px; padding: 0px;"></span><img title="Encore Cat Broth Pouch Saver Pack 48 x 70g" alt="Encore Cat Broth Pouch Saver Pack 48 x 70g" src="data:image/gif;base64,R0lGODlhAQABAIAAAAAAAP///yH5BAEAAAAALAAAAAABAAEAAAIBRAA7" decoding="async" data-nimg="intrinsic" style="position: absolute; inset: 0px; box-sizing: border-box; padding: 0px; border: none; margin: auto; display: block; width: 0px; height: 0px; min-width: 100%; max-width: 100%; min-height: 100%; max-height: 100%; object-fit: contain;"><noscript></noscript></span></div></div><div class="RecommendationProductCard_ratingBarContainer__uVlxb"><div data-zta="RatingUIC" class="z-rating"><span class="z-rating__star-wrap"><span class="pp-visually-hidden">: 5/5</span><svg fill="currentColor" width="24" height="24" xmlns="http://www.w3.org/2000/svg" viewBox="0 0 24 24" role="none" class="z-rating__star z-rating__star--full"><path d="M7.446 7.12 10.603.857a1.569 1.569 0 0 1 2.794 0l.002.004 3.16 6.261 6.018.597a1.555 1.555 0 0 1 .966 2.654l-4.988 4.944 1.85 6.722a1.563 1.563 0 0 1-2.209 1.8L12 20.77l-6.183 3.063a1.563 1.563 0 0 1-2.211-1.804l1.848-6.715L.462 10.37a1.555 1.555 0 0 1 .954-2.653l6.03-.598Z" fill-rule="evenodd"></path></svg><svg fill="currentColor" width="24" height="24" xmlns="http://www.w3.org/2000/svg" viewBox="0 0 24 24" role="none" class="z-rating__star z-rating__star--full"><path d="M7.446 7.12 10.603.857a1.569 1.569 0 0 1 2.794 0l.002.004 3.16 6.261 6.018.597a1.555 1.555 0 0 1 .966 2.654l-4.988 4.944 1.85 6.722a1.563 1.563 0 0 1-2.209 1.8L12 20.77l-6.183 3.063a1.563 1.563 0 0 1-2.211-1.804l1.848-6.715L.462 10.37a1.555 1.555 0 0 1 .954-2.653l6.03-.598Z" fill-rule="evenodd"></path></svg><svg fill="currentColor" width="24" height="24" xmlns="http://www.w3.org/2000/svg" viewBox="0 0 24 24" role="none" class="z-rating__star z-rating__star--full"><path d="M7.446 7.12 10.603.857a1.569 1.569 0 0 1 2.794 0l.002.004 3.16 6.261 6.018.597a1.555 1.555 0 0 1 .966 2.654l-4.988 4.944 1.85 6.722a1.563 1.563 0 0 1-2.209 1.8L12 20.77l-6.183 3.063a1.563 1.563 0 0 1-2.211-1.804l1.848-6.715L.462 10.37a1.555 1.555 0 0 1 .954-2.653l6.03-.598Z" fill-rule="evenodd"></path></svg><svg fill="currentColor" width="24" height="24" xmlns="http://www.w3.org/2000/svg" viewBox="0 0 24 24" role="none" class="z-rating__star z-rating__star--full"><path d="M7.446 7.12 10.603.857a1.569 1.569 0 0 1 2.794 0l.002.004 3.16 6.261 6.018.597a1.555 1.555 0 0 1 .966 2.654l-4.988 4.944 1.85 6.722a1.563 1.563 0 0 1-2.209 1.8L12 20.77l-6.183 3.063a1.563 1.563 0 0 1-2.211-1.804l1.848-6.715L.462 10.37a1.555 1.555 0 0 1 .954-2.653l6.03-.598Z" fill-rule="evenodd"></path></svg><svg fill="currentColor" width="24" height="24" xmlns="http://www.w3.org/2000/svg" viewBox="0 0 24 24" role="none" class="z-rating__star z-rating__star--full"><path d="M7.446 7.12 10.603.857a1.569 1.569 0 0 1 2.794 0l.002.004 3.16 6.261 6.018.597a1.555 1.555 0 0 1 .966 2.654l-4.988 4.944 1.85 6.722a1.563 1.563 0 0 1-2.209 1.8L12 20.77l-6.183 3.063a1.563 1.563 0 0 1-2.211-1.804l1.848-6.715L.462 10.37a1.555 1.555 0 0 1 .954-2.653l6.03-.598Z" fill-rule="evenodd"></path></svg></span></div></div><div class="RecommendationProductCard_cardNameContainer__VS15l"><p data-zta="P1UIC" title="Encore Cat Broth Pouch Saver Pack 48 x 70g" class="z-p1 RecommendationProductCard_cardName__XiZRn">Encore Cat Broth Pouch Saver Pack 48 x 70g</p></div><div class="z-price RecommendationProductCard_price__aB5HQ Price_price__y9Aev" data-zta="ProductReducedPriceUIC"><div class="z-price__note-wrap"><span class="z-price__note" data-zta="productReducedPricePrefix">individually priced  €70.47</span></div><div class="z-price__price-wrap"><span class="z-price__prepend" data-zta="productReducedPriceAmountIntro">Now </span> <span class="z-price__amount" data-zta="productReducedPriceAmount">€68.99</span></div><span class="z-price__note z-price__note--suffix" data-zta="productReducedPriceSuffix">€20.53 / kg</span></div></a></div><div class="swiper-slide" data-zta="product-slide" style="width: 170.25px;"><a data-zta="407693" href="/shop/cats/canned_cat_food_pouches/catessy/catessy_cat_pouches/407693?zootopia_rec=true&amp;activeVariant=407693.1&amp;cn=initial&amp;si=2&amp;pn=web_pdp&amp;pr=container_2&amp;strategy=51920183&amp;rk=1-20&amp;slot=7&amp;pi=407693&amp;rri=fb1b23ed-1330-47e0-91d8-cfb8b7e1a14e" class="z-anchor RecommendationProductCard_slideCard__Vevzs"><div class="RecommendationProductCard_imageContainer__L_pPY"><div class="ImageWithLoader_imageWithLoader__ZpyYA loading"><span style="box-sizing: border-box; display: inline-block; overflow: hidden; width: initial; height: initial; background: none; opacity: 1; border: 0px; margin: 0px; padding: 0px; position: relative; max-width: 100%;"><span style="box-sizing: border-box; display: block; width: initial; height: initial; background: none; opacity: 1; border: 0px; margin: 0px; padding: 0px; max-width: 100%;"><img alt="" aria-hidden="true" src="data:image/svg+xml,%3csvg%20xmlns=%27http://www.w3.org/2000/svg%27%20version=%271.1%27%20width=%27109%27%20height=%27109%27/%3e" style="display: block; max-width: 100%; width: initial; height: initial; background: none; opacity: 1; border: 0px; margin: 0px; padding: 0px;"></span><img title="Catessy Chunks in Jelly" alt="Catessy Chunks in Jelly" src="data:image/gif;base64,R0lGODlhAQABAIAAAAAAAP///yH5BAEAAAAALAAAAAABAAEAAAIBRAA7" decoding="async" data-nimg="intrinsic" style="position: absolute; inset: 0px; box-sizing: border-box; padding: 0px; border: none; margin: auto; display: block; width: 0px; height: 0px; min-width: 100%; max-width: 100%; min-height: 100%; max-height: 100%; object-fit: contain;"><noscript></noscript></span></div></div><div class="RecommendationProductCard_ratingBarContainer__uVlxb"><div data-zta="RatingUIC" class="z-rating"><span class="z-rating__star-wrap"><span class="pp-visually-hidden">: 5/5</span><svg fill="currentColor" width="24" height="24" xmlns="http://www.w3.org/2000/svg" viewBox="0 0 24 24" role="none" class="z-rating__star z-rating__star--full"><path d="M7.446 7.12 10.603.857a1.569 1.569 0 0 1 2.794 0l.002.004 3.16 6.261 6.018.597a1.555 1.555 0 0 1 .966 2.654l-4.988 4.944 1.85 6.722a1.563 1.563 0 0 1-2.209 1.8L12 20.77l-6.183 3.063a1.563 1.563 0 0 1-2.211-1.804l1.848-6.715L.462 10.37a1.555 1.555 0 0 1 .954-2.653l6.03-.598Z" fill-rule="evenodd"></path></svg><svg fill="currentColor" width="24" height="24" xmlns="http://www.w3.org/2000/svg" viewBox="0 0 24 24" role="none" class="z-rating__star z-rating__star--full"><path d="M7.446 7.12 10.603.857a1.569 1.569 0 0 1 2.794 0l.002.004 3.16 6.261 6.018.597a1.555 1.555 0 0 1 .966 2.654l-4.988 4.944 1.85 6.722a1.563 1.563 0 0 1-2.209 1.8L12 20.77l-6.183 3.063a1.563 1.563 0 0 1-2.211-1.804l1.848-6.715L.462 10.37a1.555 1.555 0 0 1 .954-2.653l6.03-.598Z" fill-rule="evenodd"></path></svg><svg fill="currentColor" width="24" height="24" xmlns="http://www.w3.org/2000/svg" viewBox="0 0 24 24" role="none" class="z-rating__star z-rating__star--full"><path d="M7.446 7.12 10.603.857a1.569 1.569 0 0 1 2.794 0l.002.004 3.16 6.261 6.018.597a1.555 1.555 0 0 1 .966 2.654l-4.988 4.944 1.85 6.722a1.563 1.563 0 0 1-2.209 1.8L12 20.77l-6.183 3.063a1.563 1.563 0 0 1-2.211-1.804l1.848-6.715L.462 10.37a1.555 1.555 0 0 1 .954-2.653l6.03-.598Z" fill-rule="evenodd"></path></svg><svg fill="currentColor" width="24" height="24" xmlns="http://www.w3.org/2000/svg" viewBox="0 0 24 24" role="none" class="z-rating__star z-rating__star--full"><path d="M7.446 7.12 10.603.857a1.569 1.569 0 0 1 2.794 0l.002.004 3.16 6.261 6.018.597a1.555 1.555 0 0 1 .966 2.654l-4.988 4.944 1.85 6.722a1.563 1.563 0 0 1-2.209 1.8L12 20.77l-6.183 3.063a1.563 1.563 0 0 1-2.211-1.804l1.848-6.715L.462 10.37a1.555 1.555 0 0 1 .954-2.653l6.03-.598Z" fill-rule="evenodd"></path></svg><svg fill="currentColor" width="24" height="24" xmlns="http://www.w3.org/2000/svg" viewBox="0 0 24 24" role="none" class="z-rating__star z-rating__star--full"><path d="M7.446 7.12 10.603.857a1.569 1.569 0 0 1 2.794 0l.002.004 3.16 6.261 6.018.597a1.555 1.555 0 0 1 .966 2.654l-4.988 4.944 1.85 6.722a1.563 1.563 0 0 1-2.209 1.8L12 20.77l-6.183 3.063a1.563 1.563 0 0 1-2.211-1.804l1.848-6.715L.462 10.37a1.555 1.555 0 0 1 .954-2.653l6.03-.598Z" fill-rule="evenodd"></path></svg></span></div></div><div class="RecommendationProductCard_cardNameContainer__VS15l"><p data-zta="P1UIC" title="Catessy Chunks in Jelly" class="z-p1 RecommendationProductCard_cardName__XiZRn">Catessy Chunks in Jelly</p></div><div class="z-price RecommendationProductCard_price__aB5HQ Price_price__y9Aev" data-zta="ProductReducedPriceUIC"><div class="z-price__note-wrap"><span class="z-price__note" data-zta="productReducedPricePrefix">individually priced  €23.96</span></div><div class="z-price__price-wrap"><span class="z-price__prepend" data-zta="productReducedPriceAmountIntro">Now </span> <span class="z-price__amount" data-zta="productReducedPriceAmount">€21.99</span></div><span class="z-price__note z-price__note--suffix" data-zta="productReducedPriceSuffix">€4.58 / kg</span></div></a></div><div class="swiper-slide" data-zta="product-slide" style="width: 170.25px;"><a data-zta="1281273" href="/shop/cats/dry_cat_food/porta_21/feline_finest/1281273?zootopia_rec=true&amp;activeVariant=1281273.1&amp;cn=initial&amp;si=2&amp;pn=web_pdp&amp;pr=container_2&amp;strategy=51920183&amp;rk=1-20&amp;slot=8&amp;pi=1281273&amp;rri=fb1b23ed-1330-47e0-91d8-cfb8b7e1a14e" class="z-anchor RecommendationProductCard_slideCard__Vevzs"><div class="RecommendationProductCard_imageContainer__L_pPY"><div class="ImageWithLoader_imageWithLoader__ZpyYA loading"><span style="box-sizing: border-box; display: inline-block; overflow: hidden; width: initial; height: initial; background: none; opacity: 1; border: 0px; margin: 0px; padding: 0px; position: relative; max-width: 100%;"><span style="box-sizing: border-box; display: block; width: initial; height: initial; background: none; opacity: 1; border: 0px; margin: 0px; padding: 0px; max-width: 100%;"><img alt="" aria-hidden="true" src="data:image/svg+xml,%3csvg%20xmlns=%27http://www.w3.org/2000/svg%27%20version=%271.1%27%20width=%27109%27%20height=%27109%27/%3e" style="display: block; max-width: 100%; width: initial; height: initial; background: none; opacity: 1; border: 0px; margin: 0px; padding: 0px;"></span><img title="Porta 21 Feline Finest Sterilised – Chicken &amp; Fish " alt="Porta 21 Feline Finest Sterilised – Chicken &amp; Fish " src="data:image/gif;base64,R0lGODlhAQABAIAAAAAAAP///yH5BAEAAAAALAAAAAABAAEAAAIBRAA7" decoding="async" data-nimg="intrinsic" style="position: absolute; inset: 0px; box-sizing: border-box; padding: 0px; border: none; margin: auto; display: block; width: 0px; height: 0px; min-width: 100%; max-width: 100%; min-height: 100%; max-height: 100%; object-fit: contain;"><noscript></noscript></span></div></div><div class="RecommendationProductCard_ratingBarContainer__uVlxb"><div data-zta="RatingUIC" class="z-rating"><span class="z-rating__star-wrap"><span class="pp-visually-hidden">: 5/5</span><svg fill="currentColor" width="24" height="24" xmlns="http://www.w3.org/2000/svg" viewBox="0 0 24 24" role="none" class="z-rating__star z-rating__star--full"><path d="M7.446 7.12 10.603.857a1.569 1.569 0 0 1 2.794 0l.002.004 3.16 6.261 6.018.597a1.555 1.555 0 0 1 .966 2.654l-4.988 4.944 1.85 6.722a1.563 1.563 0 0 1-2.209 1.8L12 20.77l-6.183 3.063a1.563 1.563 0 0 1-2.211-1.804l1.848-6.715L.462 10.37a1.555 1.555 0 0 1 .954-2.653l6.03-.598Z" fill-rule="evenodd"></path></svg><svg fill="currentColor" width="24" height="24" xmlns="http://www.w3.org/2000/svg" viewBox="0 0 24 24" role="none" class="z-rating__star z-rating__star--full"><path d="M7.446 7.12 10.603.857a1.569 1.569 0 0 1 2.794 0l.002.004 3.16 6.261 6.018.597a1.555 1.555 0 0 1 .966 2.654l-4.988 4.944 1.85 6.722a1.563 1.563 0 0 1-2.209 1.8L12 20.77l-6.183 3.063a1.563 1.563 0 0 1-2.211-1.804l1.848-6.715L.462 10.37a1.555 1.555 0 0 1 .954-2.653l6.03-.598Z" fill-rule="evenodd"></path></svg><svg fill="currentColor" width="24" height="24" xmlns="http://www.w3.org/2000/svg" viewBox="0 0 24 24" role="none" class="z-rating__star z-rating__star--full"><path d="M7.446 7.12 10.603.857a1.569 1.569 0 0 1 2.794 0l.002.004 3.16 6.261 6.018.597a1.555 1.555 0 0 1 .966 2.654l-4.988 4.944 1.85 6.722a1.563 1.563 0 0 1-2.209 1.8L12 20.77l-6.183 3.063a1.563 1.563 0 0 1-2.211-1.804l1.848-6.715L.462 10.37a1.555 1.555 0 0 1 .954-2.653l6.03-.598Z" fill-rule="evenodd"></path></svg><svg fill="currentColor" width="24" height="24" xmlns="http://www.w3.org/2000/svg" viewBox="0 0 24 24" role="none" class="z-rating__star z-rating__star--full"><path d="M7.446 7.12 10.603.857a1.569 1.569 0 0 1 2.794 0l.002.004 3.16 6.261 6.018.597a1.555 1.555 0 0 1 .966 2.654l-4.988 4.944 1.85 6.722a1.563 1.563 0 0 1-2.209 1.8L12 20.77l-6.183 3.063a1.563 1.563 0 0 1-2.211-1.804l1.848-6.715L.462 10.37a1.555 1.555 0 0 1 .954-2.653l6.03-.598Z" fill-rule="evenodd"></path></svg><svg fill="currentColor" width="24" height="24" xmlns="http://www.w3.org/2000/svg" viewBox="0 0 24 24" role="none" class="z-rating__star z-rating__star--full"><path d="M7.446 7.12 10.603.857a1.569 1.569 0 0 1 2.794 0l.002.004 3.16 6.261 6.018.597a1.555 1.555 0 0 1 .966 2.654l-4.988 4.944 1.85 6.722a1.563 1.563 0 0 1-2.209 1.8L12 20.77l-6.183 3.063a1.563 1.563 0 0 1-2.211-1.804l1.848-6.715L.462 10.37a1.555 1.555 0 0 1 .954-2.653l6.03-.598Z" fill-rule="evenodd"></path></svg></span></div></div><div class="RecommendationProductCard_cardNameContainer__VS15l"><p data-zta="P1UIC" title="Porta 21 Feline Finest Sterilised – Chicken &amp; Fish " class="z-p1 RecommendationProductCard_cardName__XiZRn">Porta 21 Feline Finest Sterilised – Chicken &amp; Fish </p></div><div class="z-price RecommendationProductCard_price__aB5HQ Price_price__y9Aev" data-zta="ProductReducedPriceUIC"><div class="z-price__note-wrap"><span class="z-price__note" data-zta="productReducedPricePrefix">individually priced  €58.98</span></div><div class="z-price__price-wrap"><span class="z-price__prepend" data-zta="productReducedPriceAmountIntro">Now </span> <span class="z-price__amount" data-zta="productReducedPriceAmount">€57.49</span></div><span class="z-price__note z-price__note--suffix" data-zta="productReducedPriceSuffix">€14.37 / kg</span></div><span data-zta="InfoTagUIC" class="RecommendationProductCard_infoTag__0OCMl z-info-tag z-info-tag--primary">Save 20%</span></a></div><div class="swiper-slide" data-zta="product-slide" style="width: 170.25px;"><a data-zta="1583171" href="/shop/cats/cat_toys/cat_dangler/1583171?zootopia_rec=true&amp;activeVariant=1583171.0&amp;cn=initial&amp;si=2&amp;pn=web_pdp&amp;pr=container_2&amp;strategy=51920183&amp;rk=1-20&amp;slot=9&amp;pi=1583171&amp;rri=fb1b23ed-1330-47e0-91d8-cfb8b7e1a14e" class="z-anchor RecommendationProductCard_slideCard__Vevzs"><div class="RecommendationProductCard_imageContainer__L_pPY"><div class="ImageWithLoader_imageWithLoader__ZpyYA loading"><span style="box-sizing: border-box; display: inline-block; overflow: hidden; width: initial; height: initial; background: none; opacity: 1; border: 0px; margin: 0px; padding: 0px; position: relative; max-width: 100%;"><span style="box-sizing: border-box; display: block; width: initial; height: initial; background: none; opacity: 1; border: 0px; margin: 0px; padding: 0px; max-width: 100%;"><img alt="" aria-hidden="true" src="data:image/svg+xml,%3csvg%20xmlns=%27http://www.w3.org/2000/svg%27%20version=%271.1%27%20width=%27109%27%20height=%27109%27/%3e" style="display: block; max-width: 100%; width: initial; height: initial; background: none; opacity: 1; border: 0px; margin: 0px; padding: 0px;"></span><img title="Cat fishing rod Hippie" alt="Cat fishing rod Hippie" src="data:image/gif;base64,R0lGODlhAQABAIAAAAAAAP///yH5BAEAAAAALAAAAAABAAEAAAIBRAA7" decoding="async" data-nimg="intrinsic" style="position: absolute; inset: 0px; box-sizing: border-box; padding: 0px; border: none; margin: auto; display: block; width: 0px; height: 0px; min-width: 100%; max-width: 100%; min-height: 100%; max-height: 100%; object-fit: contain;"><noscript></noscript></span></div></div><div class="RecommendationProductCard_ratingBarContainer__uVlxb"><div data-zta="RatingUIC" class="z-rating"><span class="z-rating__star-wrap"><svg fill="currentColor" width="24" height="24" xmlns="http://www.w3.org/2000/svg" viewBox="0 0 24 24" role="none" class="z-rating__star"><path d="M7.446 7.12 10.603.857a1.569 1.569 0 0 1 2.794 0l.002.004 3.16 6.261 6.018.597a1.555 1.555 0 0 1 .966 2.654l-4.988 4.944 1.85 6.722a1.563 1.563 0 0 1-2.209 1.8L12 20.77l-6.183 3.063a1.563 1.563 0 0 1-2.211-1.804l1.848-6.715L.462 10.37a1.555 1.555 0 0 1 .954-2.653l6.03-.598Z" fill-rule="evenodd"></path></svg><svg fill="currentColor" width="24" height="24" xmlns="http://www.w3.org/2000/svg" viewBox="0 0 24 24" role="none" class="z-rating__star"><path d="M7.446 7.12 10.603.857a1.569 1.569 0 0 1 2.794 0l.002.004 3.16 6.261 6.018.597a1.555 1.555 0 0 1 .966 2.654l-4.988 4.944 1.85 6.722a1.563 1.563 0 0 1-2.209 1.8L12 20.77l-6.183 3.063a1.563 1.563 0 0 1-2.211-1.804l1.848-6.715L.462 10.37a1.555 1.555 0 0 1 .954-2.653l6.03-.598Z" fill-rule="evenodd"></path></svg><svg fill="currentColor" width="24" height="24" xmlns="http://www.w3.org/2000/svg" viewBox="0 0 24 24" role="none" class="z-rating__star"><path d="M7.446 7.12 10.603.857a1.569 1.569 0 0 1 2.794 0l.002.004 3.16 6.261 6.018.597a1.555 1.555 0 0 1 .966 2.654l-4.988 4.944 1.85 6.722a1.563 1.563 0 0 1-2.209 1.8L12 20.77l-6.183 3.063a1.563 1.563 0 0 1-2.211-1.804l1.848-6.715L.462 10.37a1.555 1.555 0 0 1 .954-2.653l6.03-.598Z" fill-rule="evenodd"></path></svg><svg fill="currentColor" width="24" height="24" xmlns="http://www.w3.org/2000/svg" viewBox="0 0 24 24" role="none" class="z-rating__star"><path d="M7.446 7.12 10.603.857a1.569 1.569 0 0 1 2.794 0l.002.004 3.16 6.261 6.018.597a1.555 1.555 0 0 1 .966 2.654l-4.988 4.944 1.85 6.722a1.563 1.563 0 0 1-2.209 1.8L12 20.77l-6.183 3.063a1.563 1.563 0 0 1-2.211-1.804l1.848-6.715L.462 10.37a1.555 1.555 0 0 1 .954-2.653l6.03-.598Z" fill-rule="evenodd"></path></svg><svg fill="currentColor" width="24" height="24" xmlns="http://www.w3.org/2000/svg" viewBox="0 0 24 24" role="none" class="z-rating__star"><path d="M7.446 7.12 10.603.857a1.569 1.569 0 0 1 2.794 0l.002.004 3.16 6.261 6.018.597a1.555 1.555 0 0 1 .966 2.654l-4.988 4.944 1.85 6.722a1.563 1.563 0 0 1-2.209 1.8L12 20.77l-6.183 3.063a1.563 1.563 0 0 1-2.211-1.804l1.848-6.715L.462 10.37a1.555 1.555 0 0 1 .954-2.653l6.03-.598Z" fill-rule="evenodd"></path></svg></span></div></div><div class="RecommendationProductCard_cardNameContainer__VS15l"><p data-zta="P1UIC" title="Cat fishing rod Hippie" class="z-p1 RecommendationProductCard_cardName__XiZRn">Cat fishing rod Hippie</p></div><div class="z-price RecommendationProductCard_price__aB5HQ Price_price__y9Aev" data-zta="ProductStandardPriceUIC"><div class="z-price__price-wrap"><span class="z-price__amount z-price__amount--standard" data-zta="productStandardPriceAmount">€2.29</span></div></div></a></div><div class="swiper-slide" data-zta="product-slide" style="width: 170.25px;"><a data-zta="1001615" href="/shop/cats/cat_toys/cat_dangler/1001615?zootopia_rec=true&amp;activeVariant=1001615.0&amp;cn=initial&amp;si=2&amp;pn=web_pdp&amp;pr=container_2&amp;strategy=51920183&amp;rk=1-20&amp;slot=10&amp;pi=1001615&amp;rri=fb1b23ed-1330-47e0-91d8-cfb8b7e1a14e" class="z-anchor RecommendationProductCard_slideCard__Vevzs"><div class="RecommendationProductCard_imageContainer__L_pPY"><div class="ImageWithLoader_imageWithLoader__ZpyYA loading"><span style="box-sizing: border-box; display: inline-block; overflow: hidden; width: initial; height: initial; background: none; opacity: 1; border: 0px; margin: 0px; padding: 0px; position: relative; max-width: 100%;"><span style="box-sizing: border-box; display: block; width: initial; height: initial; background: none; opacity: 1; border: 0px; margin: 0px; padding: 0px; max-width: 100%;"><img alt="" aria-hidden="true" src="data:image/svg+xml,%3csvg%20xmlns=%27http://www.w3.org/2000/svg%27%20version=%271.1%27%20width=%27109%27%20height=%27109%27/%3e" style="display: block; max-width: 100%; width: initial; height: initial; background: none; opacity: 1; border: 0px; margin: 0px; padding: 0px;"></span><img title="Flauschi Cat Dangler Toy " alt="Flauschi Cat Dangler Toy " src="data:image/gif;base64,R0lGODlhAQABAIAAAAAAAP///yH5BAEAAAAALAAAAAABAAEAAAIBRAA7" decoding="async" data-nimg="intrinsic" style="position: absolute; inset: 0px; box-sizing: border-box; padding: 0px; border: none; margin: auto; display: block; width: 0px; height: 0px; min-width: 100%; max-width: 100%; min-height: 100%; max-height: 100%; object-fit: contain;"><noscript></noscript></span></div></div><div class="RecommendationProductCard_ratingBarContainer__uVlxb"><div data-zta="RatingUIC" class="z-rating"><span class="z-rating__star-wrap"><span class="pp-visually-hidden">: 5/5</span><svg fill="currentColor" width="24" height="24" xmlns="http://www.w3.org/2000/svg" viewBox="0 0 24 24" role="none" class="z-rating__star z-rating__star--full"><path d="M7.446 7.12 10.603.857a1.569 1.569 0 0 1 2.794 0l.002.004 3.16 6.261 6.018.597a1.555 1.555 0 0 1 .966 2.654l-4.988 4.944 1.85 6.722a1.563 1.563 0 0 1-2.209 1.8L12 20.77l-6.183 3.063a1.563 1.563 0 0 1-2.211-1.804l1.848-6.715L.462 10.37a1.555 1.555 0 0 1 .954-2.653l6.03-.598Z" fill-rule="evenodd"></path></svg><svg fill="currentColor" width="24" height="24" xmlns="http://www.w3.org/2000/svg" viewBox="0 0 24 24" role="none" class="z-rating__star z-rating__star--full"><path d="M7.446 7.12 10.603.857a1.569 1.569 0 0 1 2.794 0l.002.004 3.16 6.261 6.018.597a1.555 1.555 0 0 1 .966 2.654l-4.988 4.944 1.85 6.722a1.563 1.563 0 0 1-2.209 1.8L12 20.77l-6.183 3.063a1.563 1.563 0 0 1-2.211-1.804l1.848-6.715L.462 10.37a1.555 1.555 0 0 1 .954-2.653l6.03-.598Z" fill-rule="evenodd"></path></svg><svg fill="currentColor" width="24" height="24" xmlns="http://www.w3.org/2000/svg" viewBox="0 0 24 24" role="none" class="z-rating__star z-rating__star--full"><path d="M7.446 7.12 10.603.857a1.569 1.569 0 0 1 2.794 0l.002.004 3.16 6.261 6.018.597a1.555 1.555 0 0 1 .966 2.654l-4.988 4.944 1.85 6.722a1.563 1.563 0 0 1-2.209 1.8L12 20.77l-6.183 3.063a1.563 1.563 0 0 1-2.211-1.804l1.848-6.715L.462 10.37a1.555 1.555 0 0 1 .954-2.653l6.03-.598Z" fill-rule="evenodd"></path></svg><svg fill="currentColor" width="24" height="24" xmlns="http://www.w3.org/2000/svg" viewBox="0 0 24 24" role="none" class="z-rating__star z-rating__star--full"><path d="M7.446 7.12 10.603.857a1.569 1.569 0 0 1 2.794 0l.002.004 3.16 6.261 6.018.597a1.555 1.555 0 0 1 .966 2.654l-4.988 4.944 1.85 6.722a1.563 1.563 0 0 1-2.209 1.8L12 20.77l-6.183 3.063a1.563 1.563 0 0 1-2.211-1.804l1.848-6.715L.462 10.37a1.555 1.555 0 0 1 .954-2.653l6.03-.598Z" fill-rule="evenodd"></path></svg><svg fill="currentColor" width="24" height="24" xmlns="http://www.w3.org/2000/svg" viewBox="0 0 24 24" role="none" class="z-rating__star z-rating__star--full"><path d="M7.446 7.12 10.603.857a1.569 1.569 0 0 1 2.794 0l.002.004 3.16 6.261 6.018.597a1.555 1.555 0 0 1 .966 2.654l-4.988 4.944 1.85 6.722a1.563 1.563 0 0 1-2.209 1.8L12 20.77l-6.183 3.063a1.563 1.563 0 0 1-2.211-1.804l1.848-6.715L.462 10.37a1.555 1.555 0 0 1 .954-2.653l6.03-.598Z" fill-rule="evenodd"></path></svg></span></div></div><div class="RecommendationProductCard_cardNameContainer__VS15l"><p data-zta="P1UIC" title="Flauschi Cat Dangler Toy " class="z-p1 RecommendationProductCard_cardName__XiZRn">Flauschi Cat Dangler Toy </p></div><div class="z-price RecommendationProductCard_price__aB5HQ Price_price__y9Aev" data-zta="ProductStandardPriceUIC"><div class="z-price__price-wrap"><span class="z-price__amount z-price__amount--standard" data-zta="productStandardPriceAmount">€2.29</span></div></div></a></div><div class="swiper-slide" data-zta="product-slide" style="width: 170.25px;"><a data-zta="1584449" href="/shop/cats/cat_toys/tiaki/1584449?zootopia_rec=true&amp;activeVariant=1584449.0&amp;cn=initial&amp;si=2&amp;pn=web_pdp&amp;pr=container_2&amp;strategy=51920183&amp;rk=1-20&amp;slot=11&amp;pi=1584449&amp;rri=fb1b23ed-1330-47e0-91d8-cfb8b7e1a14e" class="z-anchor RecommendationProductCard_slideCard__Vevzs"><div class="RecommendationProductCard_imageContainer__L_pPY"><div class="ImageWithLoader_imageWithLoader__ZpyYA loading"><span style="box-sizing: border-box; display: inline-block; overflow: hidden; width: initial; height: initial; background: none; opacity: 1; border: 0px; margin: 0px; padding: 0px; position: relative; max-width: 100%;"><span style="box-sizing: border-box; display: block; width: initial; height: initial; background: none; opacity: 1; border: 0px; margin: 0px; padding: 0px; max-width: 100%;"><img alt="" aria-hidden="true" src="data:image/svg+xml,%3csvg%20xmlns=%27http://www.w3.org/2000/svg%27%20version=%271.1%27%20width=%27109%27%20height=%27109%27/%3e" style="display: block; max-width: 100%; width: initial; height: initial; background: none; opacity: 1; border: 0px; margin: 0px; padding: 0px;"></span><img title="TIAKI Cat Fishing Rod Squishy" alt="TIAKI Cat Fishing Rod Squishy" src="data:image/gif;base64,R0lGODlhAQABAIAAAAAAAP///yH5BAEAAAAALAAAAAABAAEAAAIBRAA7" decoding="async" data-nimg="intrinsic" style="position: absolute; inset: 0px; box-sizing: border-box; padding: 0px; border: none; margin: auto; display: block; width: 0px; height: 0px; min-width: 100%; max-width: 100%; min-height: 100%; max-height: 100%; object-fit: contain;"><noscript></noscript></span></div></div><div class="RecommendationProductCard_ratingBarContainer__uVlxb"><div data-zta="RatingUIC" class="z-rating"><span class="z-rating__star-wrap"><svg fill="currentColor" width="24" height="24" xmlns="http://www.w3.org/2000/svg" viewBox="0 0 24 24" role="none" class="z-rating__star"><path d="M7.446 7.12 10.603.857a1.569 1.569 0 0 1 2.794 0l.002.004 3.16 6.261 6.018.597a1.555 1.555 0 0 1 .966 2.654l-4.988 4.944 1.85 6.722a1.563 1.563 0 0 1-2.209 1.8L12 20.77l-6.183 3.063a1.563 1.563 0 0 1-2.211-1.804l1.848-6.715L.462 10.37a1.555 1.555 0 0 1 .954-2.653l6.03-.598Z" fill-rule="evenodd"></path></svg><svg fill="currentColor" width="24" height="24" xmlns="http://www.w3.org/2000/svg" viewBox="0 0 24 24" role="none" class="z-rating__star"><path d="M7.446 7.12 10.603.857a1.569 1.569 0 0 1 2.794 0l.002.004 3.16 6.261 6.018.597a1.555 1.555 0 0 1 .966 2.654l-4.988 4.944 1.85 6.722a1.563 1.563 0 0 1-2.209 1.8L12 20.77l-6.183 3.063a1.563 1.563 0 0 1-2.211-1.804l1.848-6.715L.462 10.37a1.555 1.555 0 0 1 .954-2.653l6.03-.598Z" fill-rule="evenodd"></path></svg><svg fill="currentColor" width="24" height="24" xmlns="http://www.w3.org/2000/svg" viewBox="0 0 24 24" role="none" class="z-rating__star"><path d="M7.446 7.12 10.603.857a1.569 1.569 0 0 1 2.794 0l.002.004 3.16 6.261 6.018.597a1.555 1.555 0 0 1 .966 2.654l-4.988 4.944 1.85 6.722a1.563 1.563 0 0 1-2.209 1.8L12 20.77l-6.183 3.063a1.563 1.563 0 0 1-2.211-1.804l1.848-6.715L.462 10.37a1.555 1.555 0 0 1 .954-2.653l6.03-.598Z" fill-rule="evenodd"></path></svg><svg fill="currentColor" width="24" height="24" xmlns="http://www.w3.org/2000/svg" viewBox="0 0 24 24" role="none" class="z-rating__star"><path d="M7.446 7.12 10.603.857a1.569 1.569 0 0 1 2.794 0l.002.004 3.16 6.261 6.018.597a1.555 1.555 0 0 1 .966 2.654l-4.988 4.944 1.85 6.722a1.563 1.563 0 0 1-2.209 1.8L12 20.77l-6.183 3.063a1.563 1.563 0 0 1-2.211-1.804l1.848-6.715L.462 10.37a1.555 1.555 0 0 1 .954-2.653l6.03-.598Z" fill-rule="evenodd"></path></svg><svg fill="currentColor" width="24" height="24" xmlns="http://www.w3.org/2000/svg" viewBox="0 0 24 24" role="none" class="z-rating__star"><path d="M7.446 7.12 10.603.857a1.569 1.569 0 0 1 2.794 0l.002.004 3.16 6.261 6.018.597a1.555 1.555 0 0 1 .966 2.654l-4.988 4.944 1.85 6.722a1.563 1.563 0 0 1-2.209 1.8L12 20.77l-6.183 3.063a1.563 1.563 0 0 1-2.211-1.804l1.848-6.715L.462 10.37a1.555 1.555 0 0 1 .954-2.653l6.03-.598Z" fill-rule="evenodd"></path></svg></span></div></div><div class="RecommendationProductCard_cardNameContainer__VS15l"><p data-zta="P1UIC" title="TIAKI Cat Fishing Rod Squishy" class="z-p1 RecommendationProductCard_cardName__XiZRn">TIAKI Cat Fishing Rod Squishy</p></div><div class="z-price RecommendationProductCard_price__aB5HQ Price_price__y9Aev" data-zta="ProductStandardPriceUIC"><div class="z-price__price-wrap"><span class="z-price__amount z-price__amount--standard" data-zta="productStandardPriceAmount">€1.79</span></div></div><span data-zta="InfoTagUIC" class="RecommendationProductCard_infoTag__0OCMl z-info-tag z-info-tag--primary">Save 25%</span></a></div><div class="swiper-slide" data-zta="product-slide" style="width: 170.25px;"><a data-zta="221833" href="/shop/cats/canned_cat_food_pouches/grau/grau_gourmet_grainfree/221833?zootopia_rec=true&amp;activeVariant=221833.19&amp;cn=initial&amp;si=2&amp;pn=web_pdp&amp;pr=container_2&amp;strategy=51920183&amp;rk=1-20&amp;slot=12&amp;pi=221833&amp;rri=fb1b23ed-1330-47e0-91d8-cfb8b7e1a14e" class="z-anchor RecommendationProductCard_slideCard__Vevzs"><div class="RecommendationProductCard_imageContainer__L_pPY"><div class="ImageWithLoader_imageWithLoader__ZpyYA loading"><span style="box-sizing: border-box; display: inline-block; overflow: hidden; width: initial; height: initial; background: none; opacity: 1; border: 0px; margin: 0px; padding: 0px; position: relative; max-width: 100%;"><span style="box-sizing: border-box; display: block; width: initial; height: initial; background: none; opacity: 1; border: 0px; margin: 0px; padding: 0px; max-width: 100%;"><img alt="" aria-hidden="true" src="data:image/svg+xml,%3csvg%20xmlns=%27http://www.w3.org/2000/svg%27%20version=%271.1%27%20width=%27109%27%20height=%27109%27/%3e" style="display: block; max-width: 100%; width: initial; height: initial; background: none; opacity: 1; border: 0px; margin: 0px; padding: 0px;"></span><img title="GRAU Gourmet Adult Grain-Free 6 x 200g" alt="GRAU Gourmet Adult Grain-Free 6 x 200g" src="data:image/gif;base64,R0lGODlhAQABAIAAAAAAAP///yH5BAEAAAAALAAAAAABAAEAAAIBRAA7" decoding="async" data-nimg="intrinsic" style="position: absolute; inset: 0px; box-sizing: border-box; padding: 0px; border: none; margin: auto; display: block; width: 0px; height: 0px; min-width: 100%; max-width: 100%; min-height: 100%; max-height: 100%; object-fit: contain;"><noscript></noscript></span></div></div><div class="RecommendationProductCard_ratingBarContainer__uVlxb"><div data-zta="RatingUIC" class="z-rating"><span class="z-rating__star-wrap"><span class="pp-visually-hidden">: 5/5</span><svg fill="currentColor" width="24" height="24" xmlns="http://www.w3.org/2000/svg" viewBox="0 0 24 24" role="none" class="z-rating__star z-rating__star--full"><path d="M7.446 7.12 10.603.857a1.569 1.569 0 0 1 2.794 0l.002.004 3.16 6.261 6.018.597a1.555 1.555 0 0 1 .966 2.654l-4.988 4.944 1.85 6.722a1.563 1.563 0 0 1-2.209 1.8L12 20.77l-6.183 3.063a1.563 1.563 0 0 1-2.211-1.804l1.848-6.715L.462 10.37a1.555 1.555 0 0 1 .954-2.653l6.03-.598Z" fill-rule="evenodd"></path></svg><svg fill="currentColor" width="24" height="24" xmlns="http://www.w3.org/2000/svg" viewBox="0 0 24 24" role="none" class="z-rating__star z-rating__star--full"><path d="M7.446 7.12 10.603.857a1.569 1.569 0 0 1 2.794 0l.002.004 3.16 6.261 6.018.597a1.555 1.555 0 0 1 .966 2.654l-4.988 4.944 1.85 6.722a1.563 1.563 0 0 1-2.209 1.8L12 20.77l-6.183 3.063a1.563 1.563 0 0 1-2.211-1.804l1.848-6.715L.462 10.37a1.555 1.555 0 0 1 .954-2.653l6.03-.598Z" fill-rule="evenodd"></path></svg><svg fill="currentColor" width="24" height="24" xmlns="http://www.w3.org/2000/svg" viewBox="0 0 24 24" role="none" class="z-rating__star z-rating__star--full"><path d="M7.446 7.12 10.603.857a1.569 1.569 0 0 1 2.794 0l.002.004 3.16 6.261 6.018.597a1.555 1.555 0 0 1 .966 2.654l-4.988 4.944 1.85 6.722a1.563 1.563 0 0 1-2.209 1.8L12 20.77l-6.183 3.063a1.563 1.563 0 0 1-2.211-1.804l1.848-6.715L.462 10.37a1.555 1.555 0 0 1 .954-2.653l6.03-.598Z" fill-rule="evenodd"></path></svg><svg fill="currentColor" width="24" height="24" xmlns="http://www.w3.org/2000/svg" viewBox="0 0 24 24" role="none" class="z-rating__star z-rating__star--full"><path d="M7.446 7.12 10.603.857a1.569 1.569 0 0 1 2.794 0l.002.004 3.16 6.261 6.018.597a1.555 1.555 0 0 1 .966 2.654l-4.988 4.944 1.85 6.722a1.563 1.563 0 0 1-2.209 1.8L12 20.77l-6.183 3.063a1.563 1.563 0 0 1-2.211-1.804l1.848-6.715L.462 10.37a1.555 1.555 0 0 1 .954-2.653l6.03-.598Z" fill-rule="evenodd"></path></svg><svg fill="currentColor" width="24" height="24" xmlns="http://www.w3.org/2000/svg" viewBox="0 0 24 24" role="none" class="z-rating__star z-rating__star--full"><path d="M7.446 7.12 10.603.857a1.569 1.569 0 0 1 2.794 0l.002.004 3.16 6.261 6.018.597a1.555 1.555 0 0 1 .966 2.654l-4.988 4.944 1.85 6.722a1.563 1.563 0 0 1-2.209 1.8L12 20.77l-6.183 3.063a1.563 1.563 0 0 1-2.211-1.804l1.848-6.715L.462 10.37a1.555 1.555 0 0 1 .954-2.653l6.03-.598Z" fill-rule="evenodd"></path></svg></span></div></div><div class="RecommendationProductCard_cardNameContainer__VS15l"><p data-zta="P1UIC" title="GRAU Gourmet Adult Grain-Free 6 x 200g" class="z-p1 RecommendationProductCard_cardName__XiZRn">GRAU Gourmet Adult Grain-Free 6 x 200g</p></div><div class="z-price RecommendationProductCard_price__aB5HQ Price_price__y9Aev" data-zta="ProductStandardPriceUIC"><div class="z-price__price-wrap"><span class="z-price__amount z-price__amount--standard" data-zta="productStandardPriceAmount">€15.49</span></div><span class="z-price__note z-price__note--suffix" data-zta="productStandardPriceSuffix">€12.91 / kg</span></div><span data-zta="InfoTagUIC" class="RecommendationProductCard_infoTag__0OCMl z-info-tag z-info-tag--primary">Save 15%</span></a></div></div></div><span class="RecommendationSlider_swiperPreviousButton__6zHnV swiper-button-prev prev-second-horizontal disabled" data-zta="second-horizontal-recommendationSliderPreviousButton" data-sleek-node-id="41c608"><svg fill="currentColor" width="24" height="24" xmlns="http://www.w3.org/2000/svg" viewBox="0 0 24 24" role="img"><path d="M20.485 3.515c4.687 4.686 4.687 12.284 0 16.97-4.686 4.687-12.284 4.687-16.97 0-4.687-4.686-4.687-12.284 0-16.97 4.686-4.687 12.284-4.687 16.97 0Zm-15.91 1.06c-4.1 4.1-4.1 10.75 0 14.85s10.75 4.1 14.85 0 4.1-10.75 0-14.85-10.75-4.1-14.85 0Zm7.206 3.142a.75.75 0 0 1 0 1.06l-2.47 2.469 7.19.001a.75.75 0 1 1 0 1.5l-7.19-.001 2.47 2.47a.75.75 0 0 1-1.06 1.061l-3.75-3.75-.064-.072a.752.752 0 0 1-.005-.006l.069.078a.754.754 0 0 1-.22-.53v-.03l.004-.043-.004.073a.754.754 0 0 1 .22-.53l3.75-3.75a.75.75 0 0 1 1.06 0Z" fill-rule="evenodd"></path></svg></span><span class="RecommendationSlider_swiperNextButton__GkjcG swiper-button-next next-second-horizontal" data-zta="second-horizontal-recommendationSliderNextButton" data-sleek-node-id="1c6082"><svg fill="currentColor" width="24" height="24" xmlns="http://www.w3.org/2000/svg" viewBox="0 0 24 24" role="img"><path d="M3.515 3.515c4.686-4.687 12.284-4.687 16.97 0 4.687 4.686 4.687 12.284 0 16.97-4.686 4.687-12.284 4.687-16.97 0-4.687-4.686-4.687-12.284 0-16.97Zm15.91 1.06c-4.1-4.1-10.75-4.1-14.85 0s-4.1 10.75 0 14.85 10.75 4.1 14.85 0 4.1-10.75 0-14.85Zm-7.206 3.142a.75.75 0 0 1 1.06 0l3.75 3.75a.754.754 0 0 1 .22.53l-.004-.073c.002.014.003.029.003.044l.001.029a.763.763 0 0 1-.129.42.748.748 0 0 1-.09.11l.068-.078a.75.75 0 0 1-.005.006l-.064.072-3.75 3.75a.75.75 0 0 1-1.06-1.06l2.469-2.471-7.189.001a.75.75 0 0 1-.743-.648l-.007-.102a.75.75 0 0 1 .75-.75l7.189-.001-2.47-2.469a.75.75 0 0 1-.072-.976Z" fill-rule="evenodd"></path></svg></span></div></div></div></div></div></div><div data-zta="feedbackConfirmed" data-sleek-node-id="03873c"><div data-focus-guard="true" tabindex="-1" style="width:1px;height:0px;padding:0;overflow:hidden;position:fixed;top:1px;left:1px"></div><div data-focus-lock-disabled="disabled" class="z-modal-focus-lock" data-sleek-node-id="a09091"><div data-zta="ModalUIC" class="z-modal" role="dialog" aria-modal="true" aria-labelledby="feedback-confirmed-dialog"><div data-zta="modalMain" class="z-modal__box z-modal__box--size-lg"><div data-zta="modalHeader" class="z-modal__header"><div data-zta="modalTitle" id="feedback-confirmed-dialog" class="z-modal__title">Thank you for your review</div><button data-zta="modalCloseButton" aria-label="Close" data-autofocus="true" type="button" class="z-modal__close z-icon-button z-icon-button--size-large z-icon-button--variant-ghost"><svg fill="currentColor" width="24" height="24" xmlns="http://www.w3.org/2000/svg" viewBox="0 0 24 24" role="none"><path d="M1.28.22 12 10.939 22.72.219a.75.75 0 0 1 1.06 1.061L13.061 12l10.72 10.72a.75.75 0 0 1-1.061 1.06L12 13.061 1.28 23.781A.75.75 0 0 1 .22 22.72L10.939 12 .219 1.28A.75.75 0 0 1 1.28.22Z" fill-rule="evenodd"></path></svg></button></div><div data-zta="modalBody" class="z-modal__content"><div class="anchors_anchorsHTML__CP8io">Thank you for taking the time to review this product. Here at zooplus we check each review individually so your review will not appear immediately. We publish all reviews that are acceptable within our netiquette guidelines. Please see our <a href="/content/help_product_evaluation">Review Publication Policy</a> for further information.</div></div><div data-zta="modalFooter" class="z-modal__footer"><button data-zta="modalSecondaryButton" type="button" class="z-btn z-btn--secondary z-modal__button">Close</button></div></div></div></div><div data-focus-guard="true" tabindex="-1" style="width:1px;height:0px;padding:0;overflow:hidden;position:fixed;top:1px;left:1px"></div></div></div></div><section id="shop-footer" data-zta="footer" class="FooterComponent-module_shopFooter__Matj4 PageContainer_footer__PSvcS" data-sleek-node-id="90303c"><div data-zta="footer-shipping-cost-modal-container" class="LegalDisclaimer-module_disclaimerWrapper__1Ukzy" data-sleek-node-id="03c532"><div class="LegalDisclaimer-module_disclaimer__vlp0B" data-sleek-node-id="3873ca"><div class="LegalDisclaimer-module_disclaimerText__YStN8" data-sleek-node-id="09091c"><p data-sleek-node-id="8fadfa">*RRP= Recommended Retail Price <a href="https://www.zooplus.com/info/about/shippingcosts" class="v3-link" data-sleek-node-id="ca3dd6">** Conditions apply</a></p></div></div></div><section data-zta="footer-newsletter" data-sleek-node-id="3c5328"><div class="Newsletter-module_shopFooterNewsletterWrapper__eEV55" data-sleek-node-id="873cab"><div class="Newsletter-module_newsletterBackground__2bq52" data-sleek-node-id="9091c3"><div class="Newsletter-module_discountWrapper__xe-6C" data-sleek-node-id="fadfa0"><div class="Newsletter-module_circleWrapper__yHDGl" data-sleek-node-id="a3dd67"><div class="Newsletter-module_amountAndText__qCVHu" data-sleek-node-id="c497d8"><span data-sleek-node-id="dbbb04">24</span><span data-sleek-node-id="bbb04e">years in business celebrating pet love</span></div><div class="Newsletter-module_paw__gUJI3" data-sleek-node-id="497d88"><svg fill="currentColor" width="24" height="24" xmlns="http://www.w3.org/2000/svg" viewBox="0 0 24 24" role="img"><path d="M12.313 11.397c-.81-.678-3.175-1.327-5.22-.882-2.167.472-3.99 2.097-3.889 3.468.105 1.425.787 2.221 1.564 2.59.676.321 1.445.286 1.722.46.594.375.756.453 1 1.892.245 1.44 1.654 2.226 2.46 2.253.807.026 2.964-.697 3.565-3.455.6-2.757.465-4.929-1.202-6.326ZM9.631 4.108c-.95-.424-2.537.268-3.18 1.726-.644 1.459-.317 3.556.907 3.737 1.517.224 2.33-1.038 2.91-2.382.58-1.344.11-2.747-.637-3.08Zm4.91 4.727c1.178-1.044 2.627-2.742 1.725-4.442-.902-1.7-3.574-.883-4.51.893-2.289 4.35 1.607 4.592 2.785 3.549Zm5.384 6.055c-.377-1.404-2.386-1.331-3.47-.842-1.32.597-2.13 2.05-1.773 3.12.357 1.069 1.916 1.185 3.013.891 1.096-.294 2.606-1.766 2.23-3.17Zm.492-5.913-.055-.174c-.544-1.504-2.342-1.893-4.41-.055-1.33 1.18-1.549 2.467-.914 3.52.635 1.053 2.603.856 3.593.25.99-.604 2.275-2.21 1.731-3.715Z" fill-rule="evenodd"></path></svg></div></div><div class="Newsletter-module_newsletterHeadline__qzuHq Newsletter-module_onlyMobile__AZU7W"><span>Do not miss out on personalised offers, discounts and coupons!</span></div></div><div class="Newsletter-module_formSection__bU3YG" data-sleek-node-id="adfa02"><div class="Newsletter-module_newsletterHeadline__qzuHq Newsletter-module_onlyDesktop__87g-k" data-sleek-node-id="3dd67c">Do not miss out on personalised offers, discounts and coupons!</div><div class="Newsletter-module_formSectionBottom__p9M3-" data-sleek-node-id="dd67c0"><div class="Newsletter-module_petSelection__gC1Fy" data-zta="footer-pets-selection-menu" data-sleek-node-id="97d889"><div data-zta="DropdownMenuUIC" class="z-dropdown-menu z-dropdown-menu--bp-md" data-sleek-node-id="bb04e5"><div data-zta="dropdownMenuInnerWrap" data-sleek-node-id="c6082f"><div data-zta="FormFieldProxySelectUIC" class="z-form-control-wrap" data-sleek-node-id="9ebfed"><div data-zta="dropdownMenuProxySelect" class="z-text-input z-select z-form-field-proxy__container" data-sleek-node-id="26e948"><button id="footer-pets-selection-menu__trigger" aria-controls="footer-pets-selection-menu" aria-expanded="false" class="z-dropdown-menu__trigger" data-zta="dropdownMenuTriggerButton" type="button" data-sleek-node-id="d79831"><span data-sleek-node-id="6f19f1">Please select pet type</span></button></div><svg fill="currentColor" width="24" height="24" xmlns="http://www.w3.org/2000/svg" viewBox="0 0 24 24" role="none" class="z-select__arrow"><path d="M6.57 9.93a.75.75 0 0 1 .977-1.134l.084.073 4.625 4.626 4.627-4.626a.75.75 0 0 1 .976-.073l.085.073a.75.75 0 0 1 .072.976l-.072.085-4.913 4.913a1.093 1.093 0 0 1-1.451.085l-.095-.084L6.57 9.93Z" fill-rule="evenodd"></path></svg></div><div data-zta="dropdownMenuBackdrop" class="z-dropdown-menu__backdrop" hidden="" id="footer-pets-selection-menu" style="z-index:10000"><div data-zta="dropdownMenuMenu" class="z-dropdown-menu__body"><div><ul data-zta="DropdownMenuCheckboxListUIC" class="z-dropdown-menu-checkbox-list"><li data-zta="dropdownMenuCheckboxListItem"><div data-zta="CheckboxUIC" class="z-checkbox z-checkbox"><input data-zta="dropdownMenuCheckboxListCheckbox" class="z-checkbox__input" id="DOG" name="DOG" type="checkbox" value="DOG"><svg class="z-checkbox__icon z-checkbox__icon" xmlns="http://www.w3.org/2000/svg" viewBox="0 0 24 24"><rect x="1.25" height="21.75" y="1.25" width="21.75"></rect><path class="z-checkbox__indeterminate" d="M6.75 12.5a.75.75 0 1 1 0-1.5h10.5a.75.75 0 1 1 0 1.5H6.75Z" fill-rule="evenodd"></path><path class="z-checkbox__checkmark" d="m16.58 6.33-7 10a.24.24 0 0 1-.39 0l-1.78-2.37a.78.78 0 0 0-1.25.94l1.78 2.38a1.8 1.8 0 0 0 2.92-.05l7-10a.78.78 0 1 0-1.28-.9z" fill-rule="evenodd"></path><path class="z-checkbox__box" d="M2.25 24A2.25 2.25 0 0 1 0 21.75V2.25A2.25 2.25 0 0 1 2.25 0h19.5A2.25 2.25 0 0 1 24 2.25v19.5A2.25 2.25 0 0 1 21.75 24H2.25zm0-1.5h19.5a.75.75 0 0 0 .75-.75V2.25a.75.75 0 0 0-.75-.75H2.25a.75.75 0 0 0-.75.75v19.5c0 .41.34.75.75.75z" fill-rule="evenodd"></path></svg><label data-zta="checkboxLabel" for="DOG" class="z-checkbox__label">Dogs</label></div></li><li data-zta="dropdownMenuCheckboxListItem"><div data-zta="CheckboxUIC" class="z-checkbox z-checkbox"><input data-zta="dropdownMenuCheckboxListCheckbox" class="z-checkbox__input" id="CAT" name="CAT" type="checkbox" value="CAT"><svg class="z-checkbox__icon z-checkbox__icon" xmlns="http://www.w3.org/2000/svg" viewBox="0 0 24 24"><rect x="1.25" height="21.75" y="1.25" width="21.75"></rect><path class="z-checkbox__indeterminate" d="M6.75 12.5a.75.75 0 1 1 0-1.5h10.5a.75.75 0 1 1 0 1.5H6.75Z" fill-rule="evenodd"></path><path class="z-checkbox__checkmark" d="m16.58 6.33-7 10a.24.24 0 0 1-.39 0l-1.78-2.37a.78.78 0 0 0-1.25.94l1.78 2.38a1.8 1.8 0 0 0 2.92-.05l7-10a.78.78 0 1 0-1.28-.9z" fill-rule="evenodd"></path><path class="z-checkbox__box" d="M2.25 24A2.25 2.25 0 0 1 0 21.75V2.25A2.25 2.25 0 0 1 2.25 0h19.5A2.25 2.25 0 0 1 24 2.25v19.5A2.25 2.25 0 0 1 21.75 24H2.25zm0-1.5h19.5a.75.75 0 0 0 .75-.75V2.25a.75.75 0 0 0-.75-.75H2.25a.75.75 0 0 0-.75.75v19.5c0 .41.34.75.75.75z" fill-rule="evenodd"></path></svg><label data-zta="checkboxLabel" for="CAT" class="z-checkbox__label">Cats</label></div></li><li data-zta="dropdownMenuCheckboxListItem"><div data-zta="CheckboxUIC" class="z-checkbox z-checkbox"><input data-zta="dropdownMenuCheckboxListCheckbox" class="z-checkbox__input" id="FISH" name="FISH" type="checkbox" value="FISH"><svg class="z-checkbox__icon z-checkbox__icon" xmlns="http://www.w3.org/2000/svg" viewBox="0 0 24 24"><rect x="1.25" height="21.75" y="1.25" width="21.75"></rect><path class="z-checkbox__indeterminate" d="M6.75 12.5a.75.75 0 1 1 0-1.5h10.5a.75.75 0 1 1 0 1.5H6.75Z" fill-rule="evenodd"></path><path class="z-checkbox__checkmark" d="m16.58 6.33-7 10a.24.24 0 0 1-.39 0l-1.78-2.37a.78.78 0 0 0-1.25.94l1.78 2.38a1.8 1.8 0 0 0 2.92-.05l7-10a.78.78 0 1 0-1.28-.9z" fill-rule="evenodd"></path><path class="z-checkbox__box" d="M2.25 24A2.25 2.25 0 0 1 0 21.75V2.25A2.25 2.25 0 0 1 2.25 0h19.5A2.25 2.25 0 0 1 24 2.25v19.5A2.25 2.25 0 0 1 21.75 24H2.25zm0-1.5h19.5a.75.75 0 0 0 .75-.75V2.25a.75.75 0 0 0-.75-.75H2.25a.75.75 0 0 0-.75.75v19.5c0 .41.34.75.75.75z" fill-rule="evenodd"></path></svg><label data-zta="checkboxLabel" for="FISH" class="z-checkbox__label">Fish</label></div></li><li data-zta="dropdownMenuCheckboxListItem"><div data-zta="CheckboxUIC" class="z-checkbox z-checkbox"><input data-zta="dropdownMenuCheckboxListCheckbox" class="z-checkbox__input" id="BIRD" name="BIRD" type="checkbox" value="BIRD"><svg class="z-checkbox__icon z-checkbox__icon" xmlns="http://www.w3.org/2000/svg" viewBox="0 0 24 24"><rect x="1.25" height="21.75" y="1.25" width="21.75"></rect><path class="z-checkbox__indeterminate" d="M6.75 12.5a.75.75 0 1 1 0-1.5h10.5a.75.75 0 1 1 0 1.5H6.75Z" fill-rule="evenodd"></path><path class="z-checkbox__checkmark" d="m16.58 6.33-7 10a.24.24 0 0 1-.39 0l-1.78-2.37a.78.78 0 0 0-1.25.94l1.78 2.38a1.8 1.8 0 0 0 2.92-.05l7-10a.78.78 0 1 0-1.28-.9z" fill-rule="evenodd"></path><path class="z-checkbox__box" d="M2.25 24A2.25 2.25 0 0 1 0 21.75V2.25A2.25 2.25 0 0 1 2.25 0h19.5A2.25 2.25 0 0 1 24 2.25v19.5A2.25 2.25 0 0 1 21.75 24H2.25zm0-1.5h19.5a.75.75 0 0 0 .75-.75V2.25a.75.75 0 0 0-.75-.75H2.25a.75.75 0 0 0-.75.75v19.5c0 .41.34.75.75.75z" fill-rule="evenodd"></path></svg><label data-zta="checkboxLabel" for="BIRD" class="z-checkbox__label">Birds</label></div></li><li data-zta="dropdownMenuCheckboxListItem"><div data-zta="CheckboxUIC" class="z-checkbox z-checkbox"><input data-zta="dropdownMenuCheckboxListCheckbox" class="z-checkbox__input" id="SMALL_ANIMALS" name="SMALL_ANIMALS" type="checkbox" value="SMALL_ANIMALS"><svg class="z-checkbox__icon z-checkbox__icon" xmlns="http://www.w3.org/2000/svg" viewBox="0 0 24 24"><rect x="1.25" height="21.75" y="1.25" width="21.75"></rect><path class="z-checkbox__indeterminate" d="M6.75 12.5a.75.75 0 1 1 0-1.5h10.5a.75.75 0 1 1 0 1.5H6.75Z" fill-rule="evenodd"></path><path class="z-checkbox__checkmark" d="m16.58 6.33-7 10a.24.24 0 0 1-.39 0l-1.78-2.37a.78.78 0 0 0-1.25.94l1.78 2.38a1.8 1.8 0 0 0 2.92-.05l7-10a.78.78 0 1 0-1.28-.9z" fill-rule="evenodd"></path><path class="z-checkbox__box" d="M2.25 24A2.25 2.25 0 0 1 0 21.75V2.25A2.25 2.25 0 0 1 2.25 0h19.5A2.25 2.25 0 0 1 24 2.25v19.5A2.25 2.25 0 0 1 21.75 24H2.25zm0-1.5h19.5a.75.75 0 0 0 .75-.75V2.25a.75.75 0 0 0-.75-.75H2.25a.75.75 0 0 0-.75.75v19.5c0 .41.34.75.75.75z" fill-rule="evenodd"></path></svg><label data-zta="checkboxLabel" for="SMALL_ANIMALS" class="z-checkbox__label">Small Pets</label></div></li></ul><div data-zta="dropdownMenuFooter" class="z-dropdown-menu__footer"><button data-zta="pet-checkbox-confirm-btn" type="button" class="z-btn z-btn--wide z-btn--primary">Save</button></div></div></div></div></div></div></div><div class="Newsletter-module_emailInputWrapper__IZYg4" data-sleek-node-id="7d889c"><div data-zta="InputUIC" class="z-form-control-wrap Newsletter-module_emailInput__-Gr-I" data-sleek-node-id="b04e59"><input data-zta="newsletter-email-input" placeholder="Email address" class="z-text-input z-input" data-sleek-node-id="6082fd"></div></div></div></div><div class="Newsletter-module_subscribeButton__EghGV" data-sleek-node-id="dfa020"><button data-zta="subscription-button" type="button" class="z-btn z-btn--cart" disabled="" data-om-event-listener="true" data-sleek-node-id="d67c06">Subscribe</button></div></div></div><div data-focus-guard="true" tabindex="-1" style="width:1px;height:0px;padding:0;overflow:hidden;position:fixed;top:1px;left:1px"></div><div data-focus-lock-disabled="disabled" class="z-modal-focus-lock" data-sleek-node-id="73cabd"><div data-zta="success-subscription-modal" class="z-modal" role="dialog" aria-modal="true" aria-labelledby="newsletter-confirm-modal-heading"><div data-zta="modalMain" class="z-modal__box z-modal__box--size-lg"><div data-zta="modalHeader" class="z-modal__header"><div data-zta="modalTitle" id="newsletter-confirm-modal-heading" class="z-modal__title">Subscribe to our newsletter &amp; get 333 zooPoints!</div><button data-zta="modalCloseButton" aria-label="Close" data-autofocus="true" type="button" class="z-modal__close z-icon-button z-icon-button--size-large z-icon-button--variant-ghost"><svg fill="currentColor" width="24" height="24" xmlns="http://www.w3.org/2000/svg" viewBox="0 0 24 24" role="none"><path d="M1.28.22 12 10.939 22.72.219a.75.75 0 0 1 1.06 1.061L13.061 12l10.72 10.72a.75.75 0 0 1-1.061 1.06L12 13.061 1.28 23.781A.75.75 0 0 1 .22 22.72L10.939 12 .219 1.28A.75.75 0 0 1 1.28.22Z" fill-rule="evenodd"></path></svg></button></div><div class="NewsletterConfirmModal-module_newsletterModalText__p6jWc"><p><b>Processing... </b>The email address {userEmail} will be added to the distribution list for the newsletter(s) you have requested.</p><p><b>One last step!</b> In order to confirm and activate your subscription, you will need to click on the link provided in the confirmation email. </p><p><b>Please note: You must click on the link in order to activate your subscription and claim your newsletter discount.</b></p><p>After this confirmation, you will receive the zooplus Newsletter regularly starting with the next issue.&nbsp;</p></div><div data-zta="modalFooter" class="z-modal__footer"><button data-zta="success-subscription-button" type="button" class="z-btn z-btn--primary z-modal__button">Close</button></div></div></div></div><div data-focus-guard="true" tabindex="-1" style="width:1px;height:0px;padding:0;overflow:hidden;position:fixed;top:1px;left:1px"></div></section><section class="InfoListAndCountrySelector-module_infoListAndCountrySelector__IQ0AM" data-sleek-node-id="c53284"><div class="InfoListAndCountrySelector-module_infoListAndCountrySelectorWrapper__6-BJ3" data-sleek-node-id="3cabda"><div class="InfoListAndCountrySelector-module_infoList__DTNyj" data-sleek-node-id="091c3a"><div id="infoList-0" class="InfoListAndCountrySelector-module_listContainer__7Tbv-" data-sleek-node-id="fa020c"><div class="InfoListAndCountrySelector-module_headlineContainer__snr6a" data-sleek-node-id="67c06d"><h4 data-zta="H4UIC" class="z-h4" data-sleek-node-id="d889c5">Services</h4><svg fill="currentColor" width="24" height="24" xmlns="http://www.w3.org/2000/svg" viewBox="0 0 24 24" role="img" class=""><path d="M6.57 9.93a.75.75 0 0 1 .977-1.134l.084.073 4.625 4.626 4.627-4.626a.75.75 0 0 1 .976-.073l.085.073a.75.75 0 0 1 .072.976l-.072.085-4.913 4.913a1.093 1.093 0 0 1-1.451.085l-.095-.084L6.57 9.93Z" fill-rule="evenodd"></path></svg></div><ul class="InfoListAndCountrySelector-module_insideContent__82Sva" data-sleek-node-id="7c06dc"><li class="InfoListAndCountrySelector-module_linkContainer__wNBK5" data-sleek-node-id="889c59"><a data-zta="AnchorUIC" href="https://www.zooplus.com/account" class="z-anchor z-anchor--neutral" data-sleek-node-id="04e590">my zooplus</a></li><li class="InfoListAndCountrySelector-module_linkContainer__wNBK5" data-sleek-node-id="89c59d"><a data-zta="AnchorUIC" href="https://www.zooplus.com/contact_us" class="z-anchor z-anchor--neutral" data-sleek-node-id="4e5906">Help</a></li><li class="InfoListAndCountrySelector-module_linkContainer__wNBK5" data-sleek-node-id="9c59dd"><a data-zta="AnchorUIC" href="https://www.zooplus.com/contact_us" class="z-anchor z-anchor--neutral" data-sleek-node-id="e59062">Contact</a></li><li class="InfoListAndCountrySelector-module_linkContainer__wNBK5" data-sleek-node-id="c59dd0"><a data-zta="AnchorUIC" href="https://www.zooplus.com/info/about/shippingcosts" class="z-anchor z-anchor--neutral" data-sleek-node-id="590624">Shipping &amp; Delivery</a></li><li class="InfoListAndCountrySelector-module_linkContainer__wNBK5" data-sleek-node-id="59dd0a"><a data-zta="AnchorUIC" href="https://www.zooplus.com/info/about/returns" class="z-anchor z-anchor--neutral" data-sleek-node-id="906248">Returns</a></li></ul></div><div id="infoList-1" class="InfoListAndCountrySelector-module_listContainer__7Tbv-" data-sleek-node-id="a020c4"><div class="InfoListAndCountrySelector-module_headlineContainer__snr6a" data-sleek-node-id="c06dc2"><h4 data-zta="H4UIC" class="z-h4" data-sleek-node-id="9dd0a2">Advantages</h4><svg fill="currentColor" width="24" height="24" xmlns="http://www.w3.org/2000/svg" viewBox="0 0 24 24" role="img" class=""><path d="M6.57 9.93a.75.75 0 0 1 .977-1.134l.084.073 4.625 4.626 4.627-4.626a.75.75 0 0 1 .976-.073l.085.073a.75.75 0 0 1 .072.976l-.072.085-4.913 4.913a1.093 1.093 0 0 1-1.451.085l-.095-.084L6.57 9.93Z" fill-rule="evenodd"></path></svg></div><ul class="InfoListAndCountrySelector-module_insideContent__82Sva" data-sleek-node-id="06dc23"><li class="InfoListAndCountrySelector-module_linkContainer__wNBK5" data-sleek-node-id="dd0a23"><a data-zta="AnchorUIC" href="https://www.zooplus.com/bonuspoints/overview" class="z-anchor z-anchor--neutral" data-sleek-node-id="062489">Loyalty Programme</a></li><li class="InfoListAndCountrySelector-module_linkContainer__wNBK5" data-sleek-node-id="d0a23a"><a data-zta="AnchorUIC" href="https://www.zooplus.com/invitations/overview" class="z-anchor z-anchor--neutral" data-sleek-node-id="62489b">Refer a Friend</a></li><li class="InfoListAndCountrySelector-module_linkContainer__wNBK5" data-sleek-node-id="0a23a3"><a data-zta="AnchorUIC" href="https://www.zooplus.com/newsletter" class="z-anchor z-anchor--neutral" data-sleek-node-id="2489bd">Newsletter</a></li><li class="InfoListAndCountrySelector-module_linkContainer__wNBK5" data-sleek-node-id="a23a32"><a data-zta="AnchorUIC" href="https://www.zooplus.com/info/about/subscription" class="z-anchor z-anchor--neutral" data-sleek-node-id="489bd2">zooplus Repeat</a></li></ul></div><div id="infoList-2" class="InfoListAndCountrySelector-module_listContainer__7Tbv-" data-sleek-node-id="020c4d"><div class="InfoListAndCountrySelector-module_headlineContainer__snr6a" data-sleek-node-id="6dc234"><h4 data-zta="H4UIC" class="z-h4" data-sleek-node-id="23a326">Shopping</h4><svg fill="currentColor" width="24" height="24" xmlns="http://www.w3.org/2000/svg" viewBox="0 0 24 24" role="img" class=""><path d="M6.57 9.93a.75.75 0 0 1 .977-1.134l.084.073 4.625 4.626 4.627-4.626a.75.75 0 0 1 .976-.073l.085.073a.75.75 0 0 1 .072.976l-.072.085-4.913 4.913a1.093 1.093 0 0 1-1.451.085l-.095-.084L6.57 9.93Z" fill-rule="evenodd"></path></svg></div><ul class="InfoListAndCountrySelector-module_insideContent__82Sva" data-sleek-node-id="dc2344"><li class="InfoListAndCountrySelector-module_linkContainer__wNBK5" data-sleek-node-id="3a3269"><a data-zta="AnchorUIC" href="https://www.zooplus.com/shop/pet_supplies_specials" class="z-anchor z-anchor--neutral" data-sleek-node-id="89bd25">Special Offers</a></li><li class="InfoListAndCountrySelector-module_linkContainer__wNBK5" data-sleek-node-id="a3269e"><a data-zta="AnchorUIC" href="https://www.zooplus.com/shop/pet_supplies_specials/clearance" class="z-anchor z-anchor--neutral" data-sleek-node-id="9bd254">Clearance Sale</a></li><li class="InfoListAndCountrySelector-module_linkContainer__wNBK5" data-sleek-node-id="3269ed"><a data-zta="AnchorUIC" href="https://www.zooplus.com/shop/pet_supplies_specials/pet_supplies_seasonal" class="z-anchor z-anchor--neutral" data-sleek-node-id="bd254c">Seasonal Specials</a></li></ul></div></div><div class="InfoListAndCountrySelector-module_countrySelector__1RN31" data-sleek-node-id="91c3a0"><h4 data-sleek-node-id="20c4d9">Choose your country</h4><div data-zta="DropdownMenuUIC" class="z-dropdown-menu z-dropdown-menu--bp-md" data-sleek-node-id="0c4d90"><div data-zta="dropdownMenuInnerWrap" data-sleek-node-id="c23446"><div data-zta="FormFieldProxySelectUIC" class="z-form-control-wrap" data-sleek-node-id="269edd"><div data-zta="dropdownMenuProxySelect" class="z-text-input z-select z-form-field-proxy__container" data-sleek-node-id="d254c2"><button id="footer-country-selection-menu__trigger" aria-controls="footer-country-selection-menu" aria-expanded="false" class="z-dropdown-menu__trigger" data-zta="dropdownMenuTriggerButton" type="button" data-sleek-node-id="082fd1"><img class="z-dropdown-menu__trigger-img z-dropdown-menu__trigger-img--rounded" src="//images.ctfassets.net/w4bhfqu0yxyq/17S2qOZPq7OFrFpDba3PHD/97c85479ecffa015d0d445013a9295aa/COM_3x.png?fm=webp&amp;w=48" alt="Zooplus.com" width="24" height="24" loading="lazy" data-sleek-node-id="ebfed6"><span data-sleek-node-id="bfed62">zooplus.com / en</span></button></div><svg fill="currentColor" width="24" height="24" xmlns="http://www.w3.org/2000/svg" viewBox="0 0 24 24" role="none" class="z-select__arrow"><path d="M6.57 9.93a.75.75 0 0 1 .977-1.134l.084.073 4.625 4.626 4.627-4.626a.75.75 0 0 1 .976-.073l.085.073a.75.75 0 0 1 .072.976l-.072.085-4.913 4.913a1.093 1.093 0 0 1-1.451.085l-.095-.084L6.57 9.93Z" fill-rule="evenodd"></path></svg></div><div data-zta="dropdownMenuBackdrop" class="z-dropdown-menu__backdrop" hidden="" id="footer-country-selection-menu" style="z-index:10000"><div data-zta="dropdownMenuMenu" class="z-dropdown-menu__body"><div><ul data-zta="DropdownMenuLinkListUIC" role="list" class="z-dropdown-menu-list"><li data-zta="dropdownMenuLinkListItem" class="z-dropdown-menu-list__item"><a href="https://www.zooplus.at/" data-zta="dropdownMenuLinkListAnchor" class="z-dropdown-menu-list__anchor z-dropdown-menu-list__item-wrap" tabindex="0"><span class="z-dropdown-menu-list__image z-dropdown-menu-list__image--rounded"><img src="//images.ctfassets.net/w4bhfqu0yxyq/242aoYC4Qiwp6h8cAfJSUX/3740b24f667102f6baec1cdcd630d4de/AT_3x.png?fm=webp&amp;w=48" alt="Austria" width="24" height="24" loading="lazy"></span><div class="z-dropdown-menu-list__text-label">Austria / de</div></a></li><li data-zta="dropdownMenuLinkListItem" class="z-dropdown-menu-list__item"><a href="https://www.zooplus.be/" data-zta="dropdownMenuLinkListAnchor" class="z-dropdown-menu-list__anchor z-dropdown-menu-list__item-wrap" tabindex="0"><span class="z-dropdown-menu-list__image z-dropdown-menu-list__image--rounded"><img src="//images.ctfassets.net/w4bhfqu0yxyq/5fIGwratqasgUrGxOlb00e/da63f560b484edb183daac9332ddd348/BE_3x.png?fm=webp&amp;w=48" alt="Belgium" width="24" height="24" loading="lazy"></span><div class="z-dropdown-menu-list__text-label">Belgium / fr</div></a></li><li data-zta="dropdownMenuLinkListItem" class="z-dropdown-menu-list__item"><a href="https://www.zooplus.bg/" data-zta="dropdownMenuLinkListAnchor" class="z-dropdown-menu-list__anchor z-dropdown-menu-list__item-wrap" tabindex="0"><span class="z-dropdown-menu-list__image z-dropdown-menu-list__image--rounded"><img src="//images.ctfassets.net/w4bhfqu0yxyq/WSHX6Y5WT6ZPmPGuw18qv/65796b8f79c040b01481e3f592b1a082/BG_3x.png?fm=webp&amp;w=48" alt="Bulgaria" width="24" height="24" loading="lazy"></span><div class="z-dropdown-menu-list__text-label">Bulgaria / bg</div></a></li><li data-zta="dropdownMenuLinkListItem" class="z-dropdown-menu-list__item"><a href="https://www.zooplus.hr/" data-zta="dropdownMenuLinkListAnchor" class="z-dropdown-menu-list__anchor z-dropdown-menu-list__item-wrap" tabindex="0"><span class="z-dropdown-menu-list__image z-dropdown-menu-list__image--rounded"><img src="//images.ctfassets.net/w4bhfqu0yxyq/3vRWhOHiyrSlrlyC1SwTua/de20db0832289c624394d9d4527448a4/HR_3x.png?fm=webp&amp;w=48" alt="Croatia" width="24" height="24" loading="lazy"></span><div class="z-dropdown-menu-list__text-label">Croatia / hr</div></a></li><li data-zta="dropdownMenuLinkListItem" class="z-dropdown-menu-list__item"><a href="https://www.zoohit.cz/" data-zta="dropdownMenuLinkListAnchor" class="z-dropdown-menu-list__anchor z-dropdown-menu-list__item-wrap" tabindex="0"><span class="z-dropdown-menu-list__image z-dropdown-menu-list__image--rounded"><img src="//images.ctfassets.net/w4bhfqu0yxyq/749WuxigSMWDJjy5lsA1VY/1ab6b53c0e3e69d56fd34e00d979a200/CZ_3x.png?fm=webp&amp;w=48" alt="Czech Republic" width="24" height="24" loading="lazy"></span><div class="z-dropdown-menu-list__text-label">Czech Rep. / cs</div></a></li><li data-zta="dropdownMenuLinkListItem" class="z-dropdown-menu-list__item"><a href="https://www.zooplus.dk/" data-zta="dropdownMenuLinkListAnchor" class="z-dropdown-menu-list__anchor z-dropdown-menu-list__item-wrap" tabindex="0"><span class="z-dropdown-menu-list__image z-dropdown-menu-list__image--rounded"><img src="//images.ctfassets.net/w4bhfqu0yxyq/1tGF2Oq61uaSltaVUka3ed/9c5d23724e020f3be4d8055aaaf622de/DK_3x.png?fm=webp&amp;w=48" alt="Denmark" width="24" height="24" loading="lazy"></span><div class="z-dropdown-menu-list__text-label">Denmark / da</div></a></li><li data-zta="dropdownMenuLinkListItem" class="z-dropdown-menu-list__item"><a href="https://www.zooplus.fi/" data-zta="dropdownMenuLinkListAnchor" class="z-dropdown-menu-list__anchor z-dropdown-menu-list__item-wrap" tabindex="0"><span class="z-dropdown-menu-list__image z-dropdown-menu-list__image--rounded"><img src="//images.ctfassets.net/w4bhfqu0yxyq/1UeWe3wTWKkBTBoV3b6ZYc/31b393d67508f28161dfe2aa2b5b05bd/FI_3x-1-.png?fm=webp&amp;w=48" alt="Finland" width="24" height="24" loading="lazy"></span><div class="z-dropdown-menu-list__text-label">Finland / fi</div></a></li><li data-zta="dropdownMenuLinkListItem" class="z-dropdown-menu-list__item"><a href="https://www.zooplus.fr/" data-zta="dropdownMenuLinkListAnchor" class="z-dropdown-menu-list__anchor z-dropdown-menu-list__item-wrap" tabindex="0"><span class="z-dropdown-menu-list__image z-dropdown-menu-list__image--rounded"><img src="//images.ctfassets.net/w4bhfqu0yxyq/34bE8xOXj5N7wozXXGyhp6/6d58ea0871744a9acf4589a78f851e0d/FR_3x.png?fm=webp&amp;w=48" alt="France" width="24" height="24" loading="lazy"></span><div class="z-dropdown-menu-list__text-label">France / fr</div></a></li><li data-zta="dropdownMenuLinkListItem" class="z-dropdown-menu-list__item"><a href="https://www.zooplus.de/" data-zta="dropdownMenuLinkListAnchor" class="z-dropdown-menu-list__anchor z-dropdown-menu-list__item-wrap" tabindex="0"><span class="z-dropdown-menu-list__image z-dropdown-menu-list__image--rounded"><img src="//images.ctfassets.net/w4bhfqu0yxyq/6RRPZovTsbeNPxbgccnswj/0786db2b9dfd0aeaec87a959c11c42e6/DE_3x.png?fm=webp&amp;w=48" alt="Germany" width="24" height="24" loading="lazy"></span><div class="z-dropdown-menu-list__text-label">Germany / de</div></a></li><li data-zta="dropdownMenuLinkListItem" class="z-dropdown-menu-list__item"><a href="https://www.zooplus.gr/" data-zta="dropdownMenuLinkListAnchor" class="z-dropdown-menu-list__anchor z-dropdown-menu-list__item-wrap" tabindex="0"><span class="z-dropdown-menu-list__image z-dropdown-menu-list__image--rounded"><img src="//images.ctfassets.net/w4bhfqu0yxyq/6eAHgeDN9YxtrE46pSKUOH/f693ee4f17a94b42bbffe8f4c32855a4/GR_3x.png?fm=webp&amp;w=48" alt="Ελλάδα" width="24" height="24" loading="lazy"></span><div class="z-dropdown-menu-list__text-label">Greece / el</div></a></li><li data-zta="dropdownMenuLinkListItem" class="z-dropdown-menu-list__item"><a href="https://www.zooplus.hu/" data-zta="dropdownMenuLinkListAnchor" class="z-dropdown-menu-list__anchor z-dropdown-menu-list__item-wrap" tabindex="0"><span class="z-dropdown-menu-list__image z-dropdown-menu-list__image--rounded"><img src="//images.ctfassets.net/w4bhfqu0yxyq/7HjkvA6AEyvRztl3wJkAE0/e77427fadc9640ca277cf97e6ed9f455/HU_3x.png?fm=webp&amp;w=48" alt="Hungary" width="24" height="24" loading="lazy"></span><div class="z-dropdown-menu-list__text-label">Hungary / hu</div></a></li><li data-zta="dropdownMenuLinkListItem" class="z-dropdown-menu-list__item"><a href="https://www.zooplus.ie/" data-zta="dropdownMenuLinkListAnchor" class="z-dropdown-menu-list__anchor z-dropdown-menu-list__item-wrap" tabindex="0"><span class="z-dropdown-menu-list__image z-dropdown-menu-list__image--rounded"><img src="//images.ctfassets.net/w4bhfqu0yxyq/5W6qCjcxsR3R8GaPyremyw/b415ad3b618b382b7562117a523df79e/IE_3x.png?fm=webp&amp;w=48" alt="Ireland" width="24" height="24" loading="lazy"></span><div class="z-dropdown-menu-list__text-label">Ireland / en</div></a></li><li data-zta="dropdownMenuLinkListItem" class="z-dropdown-menu-list__item"><a href="https://www.zooplus.it/" data-zta="dropdownMenuLinkListAnchor" class="z-dropdown-menu-list__anchor z-dropdown-menu-list__item-wrap" tabindex="0"><span class="z-dropdown-menu-list__image z-dropdown-menu-list__image--rounded"><img src="//images.ctfassets.net/w4bhfqu0yxyq/7LbomLQSWVsMi1BCuYzb2T/f6684f355bbc22f2661463aac316d325/IT_3x.png?fm=webp&amp;w=48" alt="Italy" width="24" height="24" loading="lazy"></span><div class="z-dropdown-menu-list__text-label">Italy / it</div></a></li><li data-zta="dropdownMenuLinkListItem" class="z-dropdown-menu-list__item"><a href="https://www.zooplus.nl/" data-zta="dropdownMenuLinkListAnchor" class="z-dropdown-menu-list__anchor z-dropdown-menu-list__item-wrap" tabindex="0"><span class="z-dropdown-menu-list__image z-dropdown-menu-list__image--rounded"><img src="//images.ctfassets.net/w4bhfqu0yxyq/3KsPcEo1ciONMCxmOuYHnW/285f40f66e22962e4d79f2e6a08d4ee8/NL_3x.png?fm=webp&amp;w=48" alt="Netherlands " width="24" height="24" loading="lazy"></span><div class="z-dropdown-menu-list__text-label">Netherlands / nl</div></a></li><li data-zta="dropdownMenuLinkListItem" class="z-dropdown-menu-list__item"><a href="https://www.zooplus.no/" data-zta="dropdownMenuLinkListAnchor" class="z-dropdown-menu-list__anchor z-dropdown-menu-list__item-wrap" tabindex="0"><span class="z-dropdown-menu-list__image z-dropdown-menu-list__image--rounded"><img src="//images.ctfassets.net/w4bhfqu0yxyq/22jpLukVAg3PfDlx3ThaXy/1da6155ed7f2661411e08a3e8e374cc7/NO_3x.png?fm=webp&amp;w=48" alt="Noway" width="24" height="24" loading="lazy"></span><div class="z-dropdown-menu-list__text-label">Norway / no</div></a></li><li data-zta="dropdownMenuLinkListItem" class="z-dropdown-menu-list__item"><a href="https://www.zooplus.pl/" data-zta="dropdownMenuLinkListAnchor" class="z-dropdown-menu-list__anchor z-dropdown-menu-list__item-wrap" tabindex="0"><span class="z-dropdown-menu-list__image z-dropdown-menu-list__image--rounded"><img src="//images.ctfassets.net/w4bhfqu0yxyq/1t2qTayEAn7EV98PoDfUxj/652836aa51634cf1757e54d398d07227/PL_3x.png?fm=webp&amp;w=48" alt="Poland" width="24" height="24" loading="lazy"></span><div class="z-dropdown-menu-list__text-label">Poland / pl</div></a></li><li data-zta="dropdownMenuLinkListItem" class="z-dropdown-menu-list__item"><a href="https://www.zooplus.pt/" data-zta="dropdownMenuLinkListAnchor" class="z-dropdown-menu-list__anchor z-dropdown-menu-list__item-wrap" tabindex="0"><span class="z-dropdown-menu-list__image z-dropdown-menu-list__image--rounded"><img src="//images.ctfassets.net/w4bhfqu0yxyq/14uq4lcqvTkzL3s8hbUAvV/32892e1bd5ab9311612c810c6baeacce/PT_3x.png?fm=webp&amp;w=48" alt="Portugal" width="24" height="24" loading="lazy"></span><div class="z-dropdown-menu-list__text-label">Portugal / pt</div></a></li><li data-zta="dropdownMenuLinkListItem" class="z-dropdown-menu-list__item"><a href="https://www.zooplus.ro/" data-zta="dropdownMenuLinkListAnchor" class="z-dropdown-menu-list__anchor z-dropdown-menu-list__item-wrap" tabindex="0"><span class="z-dropdown-menu-list__image z-dropdown-menu-list__image--rounded"><img src="//images.ctfassets.net/w4bhfqu0yxyq/4wPPT7wefnpIERNR4jxqre/6826ecca059bac27d1a3daac5c9e0c3c/MicrosoftTeams-image__11_.png?fm=webp&amp;w=48" alt="romania" width="24" height="24" loading="lazy"></span><div class="z-dropdown-menu-list__text-label">Romania / ro</div></a></li><li data-zta="dropdownMenuLinkListItem" class="z-dropdown-menu-list__item"><a href="https://www.zoohit.sk/" data-zta="dropdownMenuLinkListAnchor" class="z-dropdown-menu-list__anchor z-dropdown-menu-list__item-wrap" tabindex="0"><span class="z-dropdown-menu-list__image z-dropdown-menu-list__image--rounded"><img src="//images.ctfassets.net/w4bhfqu0yxyq/6vSIWvPoUnnOYK38AvCR8z/6dfc1434550e37cf45ecdd4c9b7d905e/SK_3x.png?fm=webp&amp;w=48" alt="Slovakia" width="24" height="24" loading="lazy"></span><div class="z-dropdown-menu-list__text-label">Slovakia / sk</div></a></li><li data-zta="dropdownMenuLinkListItem" class="z-dropdown-menu-list__item"><a href="https://www.zoohit.si/" data-zta="dropdownMenuLinkListAnchor" class="z-dropdown-menu-list__anchor z-dropdown-menu-list__item-wrap" tabindex="0"><span class="z-dropdown-menu-list__image z-dropdown-menu-list__image--rounded"><img src="//images.ctfassets.net/w4bhfqu0yxyq/6Ohfve9OaSGOi2y0bQ74kV/e2656df32116f544c5bb40cb0bae0f91/SI_3x.png?fm=webp&amp;w=48" alt="Slovenia" width="24" height="24" loading="lazy"></span><div class="z-dropdown-menu-list__text-label">Slovenia / sl</div></a></li><li data-zta="dropdownMenuLinkListItem" class="z-dropdown-menu-list__item"><a href="https://www.zooplus.es/" data-zta="dropdownMenuLinkListAnchor" class="z-dropdown-menu-list__anchor z-dropdown-menu-list__item-wrap" tabindex="0"><span class="z-dropdown-menu-list__image z-dropdown-menu-list__image--rounded"><img src="//images.ctfassets.net/w4bhfqu0yxyq/PhoJRAosoLu8QjTxKNxkG/e744f84c4ef57af8cda9eca67c44f334/ES_3x.png?fm=webp&amp;w=48" alt="Spain" width="24" height="24" loading="lazy"></span><div class="z-dropdown-menu-list__text-label">Spain / es</div></a></li><li data-zta="dropdownMenuLinkListItem" class="z-dropdown-menu-list__item"><a href="https://www.zooplus.se/" data-zta="dropdownMenuLinkListAnchor" class="z-dropdown-menu-list__anchor z-dropdown-menu-list__item-wrap" tabindex="0"><span class="z-dropdown-menu-list__image z-dropdown-menu-list__image--rounded"><img src="//images.ctfassets.net/w4bhfqu0yxyq/2iiNWeanWU3kZsgVqORsqz/56e7cbff9d5c27390d186cf003d3b428/SE_3x-1-.png?fm=webp&amp;w=48" alt="Sweden" width="24" height="24" loading="lazy"></span><div class="z-dropdown-menu-list__text-label">Sweden / sv</div></a></li><li data-zta="dropdownMenuLinkListItem" class="z-dropdown-menu-list__item"><a href="https://www.zooplus.ch/" data-zta="dropdownMenuLinkListAnchor" class="z-dropdown-menu-list__anchor z-dropdown-menu-list__item-wrap" tabindex="0"><span class="z-dropdown-menu-list__image z-dropdown-menu-list__image--rounded"><img src="//images.ctfassets.net/w4bhfqu0yxyq/3H6LBKDkPX93VZOr1ZGwxa/007c8863060291b82b7aaf6a980ed58e/CH_3x.png?fm=webp&amp;w=48" alt="Switzerland" width="24" height="24" loading="lazy"></span><div class="z-dropdown-menu-list__text-label">Switzerland / de</div></a></li><li data-zta="dropdownMenuLinkListItem" class="z-dropdown-menu-list__item"><a href="https://www.zooplus.ch/fr/" data-zta="dropdownMenuLinkListAnchor" class="z-dropdown-menu-list__anchor z-dropdown-menu-list__item-wrap" tabindex="0"><span class="z-dropdown-menu-list__image z-dropdown-menu-list__image--rounded"><img src="//images.ctfassets.net/w4bhfqu0yxyq/3H6LBKDkPX93VZOr1ZGwxa/007c8863060291b82b7aaf6a980ed58e/CH_3x.png?fm=webp&amp;w=48" alt="Switzerland" width="24" height="24" loading="lazy"></span><div class="z-dropdown-menu-list__text-label">Switzerland / fr</div></a></li><li data-zta="dropdownMenuLinkListItem" class="z-dropdown-menu-list__item"><a href="https://www.zooplus.co.uk/" data-zta="dropdownMenuLinkListAnchor" class="z-dropdown-menu-list__anchor z-dropdown-menu-list__item-wrap" tabindex="0"><span class="z-dropdown-menu-list__image z-dropdown-menu-list__image--rounded"><img src="//images.ctfassets.net/w4bhfqu0yxyq/3nZETqeREdhtDO9e5Oly1v/c840c1ee7e8cd018f680367c9d691741/CO-UK_3x.png?fm=webp&amp;w=48" alt="Great Britain	" width="24" height="24" loading="lazy"></span><div class="z-dropdown-menu-list__text-label">UK / en</div></a></li><li data-zta="dropdownMenuLinkListItem" class="z-dropdown-menu-list__item"><a href="https://www.zooplus.com/" data-zta="dropdownMenuLinkListAnchor" class="z-dropdown-menu-list__anchor z-dropdown-menu-list__item-wrap" tabindex="0"><span class="z-dropdown-menu-list__image z-dropdown-menu-list__image--rounded"><img src="//images.ctfassets.net/w4bhfqu0yxyq/17S2qOZPq7OFrFpDba3PHD/97c85479ecffa015d0d445013a9295aa/COM_3x.png?fm=webp&amp;w=48" alt="Zooplus.com" width="24" height="24" loading="lazy"></span><div class="z-dropdown-menu-list__text-label">zooplus.com / en</div><svg fill="currentColor" width="24" height="24" xmlns="http://www.w3.org/2000/svg" viewBox="0 0 24 24" role="img" class="z-dropdown-menu-list__icon"><path d="M18.364 5.636A9 9 0 1 1 5.636 18.364 9 9 0 0 1 18.364 5.636Zm-1.5 1.989a.735.735 0 0 0-1.032.12l-5.78 7.31a.036.036 0 0 1-.05-.01l-1.81-2.569-.069-.084a.735.735 0 0 0-1.132.93l1.8 2.555.085.114a1.504 1.504 0 0 0 2.355-.055l5.754-7.28.06-.09a.735.735 0 0 0-.181-.941Z" fill-rule="evenodd"></path></svg></a></li></ul></div></div></div></div></div></div></div></section><section class="PurchaseDetails-module_paymentShippingAndTrust__0p7i3" data-sleek-node-id="532840"><div class="PurchaseDetails-module_paymentShippingAndTrustWrapper__ivpLy" data-sleek-node-id="cabdad"><div class="PurchaseDetails-module_paymentColumn__FfQIU" data-sleek-node-id="1c3a02"><h4 data-zta="H4UIC" class="z-h4" data-sleek-node-id="c4d905">Methods of Payment</h4><ul class="PurchaseDetails-module_logosContainer__DYXyD" data-sleek-node-id="4d905c"><li class="PurchaseDetails-module_logo__Wh43c" data-sleek-node-id="234466"><a data-zta="AnchorUIC" href="https://www.zooplus.com/info/legal/terms#8-payment-methods-invoices-and-vouchers" class="z-anchor" data-sleek-node-id="69eddc"><picture data-sleek-node-id="254c2e"><source src="//images.ctfassets.net/qp85kbzn8noe/4KDAn1ce6FiVUmL3xuzRmt/796905281ae70f7502b353d0304aa809/visa_3x.png?fl=progressive&amp;w=48&amp;q=85 48w" srcset="//images.ctfassets.net/qp85kbzn8noe/4KDAn1ce6FiVUmL3xuzRmt/796905281ae70f7502b353d0304aa809/visa_3x.png?fl=progressive&amp;w=48&amp;q=85 48w" type="image/webp" data-sleek-node-id="82fd15"><img src="//images.ctfassets.net/qp85kbzn8noe/4KDAn1ce6FiVUmL3xuzRmt/796905281ae70f7502b353d0304aa809/visa_3x.png?fl=progressive&amp;w=48&amp;q=85 48w" alt="Visa" loading="lazy" width="48" height="32" data-sleek-node-id="2fd15c"></picture></a></li><li class="PurchaseDetails-module_logo__Wh43c" data-sleek-node-id="34466c"><a data-zta="AnchorUIC" href="https://www.zooplus.com/info/legal/terms#8-payment-methods-invoices-and-vouchers" class="z-anchor" data-sleek-node-id="9eddc6"><picture data-sleek-node-id="54c2eb"><source src="//images.ctfassets.net/qp85kbzn8noe/3UBy7RWlXxP36xnioV9z4a/471e142676f9c2b54e9c38bdb260bb99/mastercard_3x.png?fl=progressive&amp;w=48&amp;q=85 48w" srcset="//images.ctfassets.net/qp85kbzn8noe/3UBy7RWlXxP36xnioV9z4a/471e142676f9c2b54e9c38bdb260bb99/mastercard_3x.png?fl=progressive&amp;w=48&amp;q=85 48w" type="image/webp" data-sleek-node-id="fd15c4"><img src="//images.ctfassets.net/qp85kbzn8noe/3UBy7RWlXxP36xnioV9z4a/471e142676f9c2b54e9c38bdb260bb99/mastercard_3x.png?fl=progressive&amp;w=48&amp;q=85 48w" alt="Mastercard" loading="lazy" width="48" height="32" data-sleek-node-id="d15c44"></picture></a></li><li class="PurchaseDetails-module_logo__Wh43c" data-sleek-node-id="4466cb"><a data-zta="AnchorUIC" href="https://www.zooplus.com/info/legal/terms#8-payment-methods-invoices-and-vouchers" class="z-anchor" data-sleek-node-id="eddc66"><picture data-sleek-node-id="4c2eb1"><source src="//images.ctfassets.net/qp85kbzn8noe/3pGqPgMr2RCQQo5ENswOQv/44067c1d18218061bc76e32d42525329/amex_3x.png?fl=progressive&amp;w=48&amp;q=85 48w" srcset="//images.ctfassets.net/qp85kbzn8noe/3pGqPgMr2RCQQo5ENswOQv/44067c1d18218061bc76e32d42525329/amex_3x.png?fl=progressive&amp;w=48&amp;q=85 48w" type="image/webp" data-sleek-node-id="15c444"><img src="//images.ctfassets.net/qp85kbzn8noe/3pGqPgMr2RCQQo5ENswOQv/44067c1d18218061bc76e32d42525329/amex_3x.png?fl=progressive&amp;w=48&amp;q=85 48w" alt="American Express" loading="lazy" width="48" height="32" data-sleek-node-id="5c4443"></picture></a></li><li class="PurchaseDetails-module_logo__Wh43c" data-sleek-node-id="466cbc"><a data-zta="AnchorUIC" href="https://www.zooplus.com/info/legal/terms#8-payment-methods-invoices-and-vouchers" class="z-anchor" data-sleek-node-id="ddc666"><picture data-sleek-node-id="c2eb10"><source src="//images.ctfassets.net/qp85kbzn8noe/7fC7f7ufg0yzXRLw1dMXmg/6926287bef534a6cb420346d8fe21f33/paypal_3x.png?fl=progressive&amp;w=48&amp;q=85 48w" srcset="//images.ctfassets.net/qp85kbzn8noe/7fC7f7ufg0yzXRLw1dMXmg/6926287bef534a6cb420346d8fe21f33/paypal_3x.png?fl=progressive&amp;w=48&amp;q=85 48w" type="image/webp" data-sleek-node-id="c44431"><img src="//images.ctfassets.net/qp85kbzn8noe/7fC7f7ufg0yzXRLw1dMXmg/6926287bef534a6cb420346d8fe21f33/paypal_3x.png?fl=progressive&amp;w=48&amp;q=85 48w" alt="PayPal" loading="lazy" width="48" height="32" data-sleek-node-id="44431c"></picture></a></li><li class="PurchaseDetails-module_logo__Wh43c" data-sleek-node-id="66cbc3"><a data-zta="AnchorUIC" href="https://www.zooplus.com/info/legal/terms#8-payment-methods-invoices-and-vouchers" class="z-anchor" data-sleek-node-id="dc6660"><picture data-sleek-node-id="2eb109"><source src="//images.ctfassets.net/qp85kbzn8noe/2nVYT5pI2XCJVoBkJ4zhC5/cb42173787468db92d50964c98c78154/Apple_Pay_3x.png?fl=progressive&amp;w=48&amp;q=85 48w" srcset="//images.ctfassets.net/qp85kbzn8noe/2nVYT5pI2XCJVoBkJ4zhC5/cb42173787468db92d50964c98c78154/Apple_Pay_3x.png?fl=progressive&amp;w=48&amp;q=85 48w" type="image/webp" data-sleek-node-id="4431c7"><img src="//images.ctfassets.net/qp85kbzn8noe/2nVYT5pI2XCJVoBkJ4zhC5/cb42173787468db92d50964c98c78154/Apple_Pay_3x.png?fl=progressive&amp;w=48&amp;q=85 48w" alt="Apple Pay" loading="lazy" width="48" height="32" data-sleek-node-id="431c7f"></picture></a></li><li class="PurchaseDetails-module_logoCustom__u5q68" data-sleek-node-id="6cbc31"><a data-zta="AnchorUIC" href="https://www.zooplus.com/info/legal/terms#8-payment-methods-invoices-and-vouchers" class="z-anchor" data-sleek-node-id="c66605"><span data-sleek-node-id="eb1094">Bank Transfer</span></a></li></ul></div><div class="PurchaseDetails-module_shippingColumn__6Zl0V" data-sleek-node-id="c3a024"><h4 data-zta="H4UIC" class="z-h4" data-sleek-node-id="d905cb">Delivery</h4><ul class="PurchaseDetails-module_logosContainer__DYXyD" data-sleek-node-id="905cb1"><li class="PurchaseDetails-module_logo__Wh43c" data-sleek-node-id="cbc313"><a data-zta="AnchorUIC" class="z-anchor" data-sleek-node-id="666057"><picture data-sleek-node-id="b1094f"><source src="//images.ctfassets.net/qp85kbzn8noe/3eagfi6Vxeb9tnnmlcPZpw/bf5d402a42a51061afd33228c5dd7f98/Free_Del.jpg?fl=progressive&amp;w=48&amp;q=85 48w" srcset="//images.ctfassets.net/qp85kbzn8noe/3eagfi6Vxeb9tnnmlcPZpw/bf5d402a42a51061afd33228c5dd7f98/Free_Del.jpg?fl=progressive&amp;w=48&amp;q=85 48w" type="image/webp" data-sleek-node-id="31c7f8"><img src="//images.ctfassets.net/qp85kbzn8noe/3eagfi6Vxeb9tnnmlcPZpw/bf5d402a42a51061afd33228c5dd7f98/Free_Del.jpg?fl=progressive&amp;w=48&amp;q=85 48w" alt="Free Delivery from €49 **" loading="lazy" width="48" height="32" data-sleek-node-id="1c7f83"></picture></a></li></ul></div><div class="PurchaseDetails-module_secureColumn__0T6Qa" data-sleek-node-id="3a0246"><h4 data-zta="H4UIC" class="z-h4"></h4><ul class="PurchaseDetails-module_logosContainer__DYXyD" data-sleek-node-id="05cb17"><li class="PurchaseDetails-module_logo__Wh43c" data-sleek-node-id="bc3137"><a data-zta="AnchorUIC" href="https://www.zooplus.com/info/about/security" class="z-anchor" data-sleek-node-id="660570"><picture data-sleek-node-id="1094fd"><source src="//images.ctfassets.net/qp85kbzn8noe/6fvRttZ0KyJ0Z9LBiE86yz/df0d4ff0a2f6f928ced7a602a58c6773/Encryption_3x.png?fl=progressive&amp;w=&amp;q=85 w" srcset="//images.ctfassets.net/qp85kbzn8noe/6fvRttZ0KyJ0Z9LBiE86yz/df0d4ff0a2f6f928ced7a602a58c6773/Encryption_3x.png?fl=progressive&amp;w=100&amp;q=85 100w" type="image/webp" data-sleek-node-id="c7f83b"><img src="//images.ctfassets.net/qp85kbzn8noe/6fvRttZ0KyJ0Z9LBiE86yz/df0d4ff0a2f6f928ced7a602a58c6773/Encryption_3x.png?fl=progressive&amp;w=&amp;q=85 w" alt="" loading="lazy" width="auto" height="auto" data-sleek-node-id="7f83bc"></picture></a></li></ul></div></div></section><section class="SocialAndApps-module_socialAndApps__OLYLe" data-sleek-node-id="328403"><div class="SocialAndApps-module_socialAndAppsWrapper__IEkOy" data-sleek-node-id="abdadc"><div class="SocialAndApps-module_socialColumn__c-cNg" data-sleek-node-id="a0246d"><h4 data-zta="H4UIC" class="z-h4" data-sleek-node-id="5cb178">Social</h4><ul class="SocialAndApps-module_socialList__SIeIo" data-sleek-node-id="cb178a"><li class="youtube" data-sleek-node-id="c31372"><a data-zta="AnchorUIC" href="https://www.youtube.com/zooplus" class="z-anchor z-anchor--neutral" data-sleek-node-id="60570f"><svg fill="currentColor" width="24" height="24" xmlns="http://www.w3.org/2000/svg" viewBox="0 0 24 24" role="img"><path d="M17.5 11.875a3.75 3.75 0 0 1 3.75 3.75v2.25a3.75 3.75 0 0 1-3.75 3.75H7a3.75 3.75 0 0 1-3.75-3.75v-2.25A3.75 3.75 0 0 1 7 11.875Zm0 1.5H7a2.25 2.25 0 0 0-2.25 2.25v2.25A2.25 2.25 0 0 0 7 20.125h10.5a2.25 2.25 0 0 0 2.25-2.25v-2.25a2.25 2.25 0 0 0-2.25-2.25Zm-6 2.063a.75.75 0 0 1 .743.648l.007.102v2.437a.75.75 0 0 1-1.233.574 1.351 1.351 0 0 1-1.61-1.194l-.007-.13v-1.688a.6.6 0 0 1 1.192-.097l.008.098v1.687c0 .083.067.15.15.15v-1.837a.75.75 0 0 1 .75-.75Zm1.875-1.913a.6.6 0 0 1 .592.503l.008.097v1.47a1.35 1.35 0 0 1 1.5 1.342v.938a1.35 1.35 0 0 1-1.82 1.266.6.6 0 0 1-.873-.434l-.007-.097v-4.485a.6.6 0 0 1 .6-.6Zm3.997 1.875c.746 0 1.35.604 1.35 1.35a.6.6 0 0 1-.502.592l-.098.008h-.9v.423a.255.255 0 0 0 .448.166.6.6 0 1 1 .905.787 1.455 1.455 0 0 1-2.543-.792l-.01-.157V16.75c0-.746.605-1.35 1.35-1.35Zm-8.107-1.125a.6.6 0 0 1 .097 1.192l-.097.008H8.35v3.135a.6.6 0 0 1-1.192.097l-.008-.097v-3.135h-.915a.6.6 0 0 1-.097-1.192l.097-.008h3.03Zm4.86 2.513a.15.15 0 0 0-.15.15v.937a.15.15 0 1 0 .3 0v-.937a.15.15 0 0 0-.15-.15ZM6.777 3.466l.073.084 1.649 2.2 1.651-2.2a.75.75 0 0 1 1.26.806l-.06.094-2.1 2.8v3.125a.75.75 0 0 1-.648.743l-.102.007a.75.75 0 0 1-.743-.648l-.007-.102V7.25l-2.1-2.8a.75.75 0 0 1 .066-.977L5.8 3.4a.75.75 0 0 1 .977.066ZM17.5 5.125a.75.75 0 0 1 .743.648l.007.102v4.5a.75.75 0 0 1-1.28.53l-.094.043a2.25 2.25 0 0 1-3.12-1.92l-.006-.153v.375a1.875 1.875 0 0 1-3.75 0V7a1.875 1.875 0 0 1 3.75 0V5.875a.75.75 0 0 1 1.493-.102l.007.102v3a.75.75 0 0 0 1.493.102l.007-.102v-3a.75.75 0 0 1 .75-.75Zm-5.625 1.5A.375.375 0 0 0 11.5 7v2.25a.375.375 0 0 0 .75 0V7a.375.375 0 0 0-.375-.375Z" fill-rule="evenodd"></path></svg></a></li></ul></div><div class="SocialAndApps-module_appColumn__e7ka5" data-sleek-node-id="0246de"><ul class="SocialAndApps-module_imageContainer__T8XpY" data-sleek-node-id="b178a9"><li data-sleek-node-id="313729"><a href="https://apps.apple.com/gb/app/zooplus/id582639260?utm-source=utm_source_teaser&amp;analytics-id=6m1fgbkwnn0h-6vpsYMTDDRaFm7hQuTxv2Q&amp;utm-source=utm_source_teaser&amp;analytics-id=qp85kbzn8noe-3UidkT3Wq3gS3Nq4BXuMar" data-sleek-node-id="0570fd"><picture data-sleek-node-id="094fdc"><source src="//images.ctfassets.net/qp85kbzn8noe/7Lt32WjaYr1eiKdEtXdFF9/85ecf58d247103c4dc9871bc3ea5cee8/_3x_Download_on_the_App_Store_Badge_UK.png?fm=webp&amp;w=&amp;q=85 w" srcset="//images.ctfassets.net/qp85kbzn8noe/7Lt32WjaYr1eiKdEtXdFF9/85ecf58d247103c4dc9871bc3ea5cee8/_3x_Download_on_the_App_Store_Badge_UK.png?fm=webp&amp;w=142&amp;q=85 142w" type="image/webp" data-sleek-node-id="f83bc9"><img src="//images.ctfassets.net/qp85kbzn8noe/7Lt32WjaYr1eiKdEtXdFF9/85ecf58d247103c4dc9871bc3ea5cee8/_3x_Download_on_the_App_Store_Badge_UK.png?fm=jpeg&amp;fl=progressive&amp;w=&amp;q=85 w" alt="App Store" loading="lazy" width="auto" height="42" data-sleek-node-id="83bc99"></picture></a></li><li data-sleek-node-id="13729d"><a href="https://play.google.com/store/apps/details?id=de.zooplus&amp;utm-source=utm_source_teaser&amp;analytics-id=6m1fgbkwnn0h-6f7VZinhXLvPOZ7oC2Di9m&amp;utm-source=utm_source_teaser&amp;analytics-id=qp85kbzn8noe-4UXY8izqM2GIKebg8OnRlu" data-sleek-node-id="570fdd"><picture data-sleek-node-id="94fdcc"><source src="//images.ctfassets.net/qp85kbzn8noe/3nVzhavFbVX29tGecSzBzz/f421a6d8f3a7b1a607ee5d7bd32dd7d8/_3x_google-play-badge_UK.png?fm=webp&amp;w=&amp;q=85 w" srcset="//images.ctfassets.net/qp85kbzn8noe/3nVzhavFbVX29tGecSzBzz/f421a6d8f3a7b1a607ee5d7bd32dd7d8/_3x_google-play-badge_UK.png?fm=webp&amp;w=142&amp;q=85 142w" type="image/webp" data-sleek-node-id="3bc997"><img src="//images.ctfassets.net/qp85kbzn8noe/3nVzhavFbVX29tGecSzBzz/f421a6d8f3a7b1a607ee5d7bd32dd7d8/_3x_google-play-badge_UK.png?fm=jpeg&amp;fl=progressive&amp;w=&amp;q=85 w" alt="Google Play" loading="lazy" width="auto" height="42" data-sleek-node-id="bc997a"></picture></a></li></ul></div></div></section><section class="LegalLinks-module_legalLinks__5Jdza" data-sleek-node-id="284038"><div class="LegalLinks-module_legalLinksWrapper__VU1B7" data-sleek-node-id="bdadc6"><ul class="LegalLinks-module_linkList__aPz8u" data-sleek-node-id="246ded"><li data-sleek-node-id="178a9e"><a data-zta="AnchorUIC" href="https://www.zooplus.com/info/about/zooplus" class="z-anchor z-anchor--neutral" data-sleek-node-id="3729db">About Us</a></li><li data-sleek-node-id="78a9e0"><a data-zta="AnchorUIC" href="https://careers.zooplus.com/" class="z-anchor z-anchor--neutral" data-sleek-node-id="729db2">Careers</a></li><li data-sleek-node-id="8a9e0d"><a data-zta="AnchorUIC" href="https://corporate.zooplus.com/en/" class="z-anchor z-anchor--neutral" data-sleek-node-id="29db21">Corporate Website</a></li><li data-sleek-node-id="a9e0dd"><a data-zta="AnchorUIC" href="https://www.zooplus.com/info/legal/imprint" class="z-anchor z-anchor--neutral" data-sleek-node-id="9db212">Imprint</a></li><li data-sleek-node-id="9e0dd5"><a data-zta="AnchorUIC" href="https://www.zooplus.com/info/legal/terms" class="z-anchor z-anchor--neutral" data-sleek-node-id="db212b">Terms &amp; Conditions</a></li><li data-sleek-node-id="e0dd5b"><a data-zta="AnchorUIC" href="https://www.zooplus.com/info/legal/DSA" class="z-anchor z-anchor--neutral" data-sleek-node-id="b212b7">DSA</a></li><li data-sleek-node-id="0dd5b3"><a data-zta="AnchorUIC" href="https://media.mediazs.com/bilder/1/WithdrawalzCOM13072022_1.pdf" class="z-anchor z-anchor--neutral" data-sleek-node-id="212b73">Withdrawal Form</a></li><li data-sleek-node-id="dd5b3c"><a data-zta="AnchorUIC" href="https://www.zooplus.com/info/legal/terms#8.-payment-methods,-invoices-and-credit-notes" class="z-anchor z-anchor--neutral" data-sleek-node-id="12b734">Methods of Payment</a></li><li data-sleek-node-id="d5b3c7"><a data-zta="AnchorUIC" href="https://www.zooplus.com/info/legal/disposal" class="z-anchor z-anchor--neutral" data-sleek-node-id="2b7346">WEEE</a></li><li data-sleek-node-id="5b3c71"><a data-zta="AnchorUIC" href="https://www.zooplus.com/info/legal/privacy" class="z-anchor z-anchor--neutral" data-sleek-node-id="b73467">Privacy</a></li></ul><span class="LegalLinks-module_copyright__72xVl" data-sleek-node-id="46ded1">© zooplus SE<!-- --> <!-- -->2024</span></div></section></section></div><div><div class="ImageFullscreenSwiper_imageSwiperFullscreen__fu2DV"></div></div></div></div><script id="__NEXT_DATA__" type="application/json">{"props":{"pageProps":{"appLevelProps":{"uri":{"protocol":"https","host":"zooplus.com","pathname":"/","query":{"domain":"zooplus.com","shopIdentifier":"1946560","path":"/shop/cats/canned_cat_food_pouches/encore/cans","language":""}},"params":{"domain":"zooplus.com","shopIdentifier":"1946560","path":"/shop/cats/canned_cat_food_pouches/encore/cans","language":""},"path":"/shop/cats/canned_cat_food_pouches/encore/cans","siteId":2,"domain":"zooplus.com","realm":"zooplus","country":"GB","locale":"en-GB","legacyLocale":"en-GB","language":"en","legacyLanguage":"en","requestCookies":{"optimizely_ab":"idpo-1390_rebranding_foundation_targeted_delivery.on"},"isLoggedIn":false,"petOwnerType":null,"settings":{"IOS_APP_ID":"582639260","catalog.discover.pricing-tooltip.enabled":"false","shop.codesnippet.maxymiser":"\u003cstyle\u003e .v3-h3 { font-size: var(--z-font-size-xl); line-height: 1.222222;} \u003c/style\u003e","shop.expected_delivery_date.max":"5","shop.expected_delivery_date.min":"1","shop.pdp.gshopping.merchant-return-days":"14","shop.public.seo.accordion.enabled.pages":"homepage,l2,l3,l4","shop.public.soft-redirect.expiration-days":"60","shop.public.soft-redirect.max-displays":"0","variant.returnpolicy.url":"https://support.zooplus.com/en/support/solutions/articles/76000048439-how-do-i-return-an-item-"},"toggles":{"shop.delivery_estimation.enabled":true,"shop.pdp.add-to-wishlist.enabled":true,"shop.pdp.review-section.enabled":false,"shop.public.article-based-discount.enabled":true,"shop.public.bonus-points.enabled":true,"shop.showBonusPoints.enabled":true},"header":{"siteId":2,"domain":"zooplus.com","showCart":true,"showSearch":true,"bundle":"zooplus","brand":"zooplus","locale":"en-GB","translationsLocale":"en_GB","showCategories":true,"categories":[{"animalType":"DOGS","children":[{"animalType":"DOGS","children":[{"animalType":"DOGS","children":[],"description":"Burns Dry Dog Food","extId":22584,"fullDescription":null,"level":4,"metaCanonical":null,"metaDescription":null,"metaKeywords":null,"metaPageTitle":null,"metaRobots":null,"path":"/shop/dogs/dry_dog_food/burns","pictureFile":null,"specials":[],"title":"Burns","type":"ANIMAL","whitespaceAfter":0,"highlighted":false,"active":false},{"animalType":"DOGS","children":[],"description":"Concept for Life Dry Dog Food","extId":240441,"fullDescription":null,"level":4,"metaCanonical":null,"metaDescription":null,"metaKeywords":null,"metaPageTitle":null,"metaRobots":null,"path":"/shop/dogs/dry_dog_food/concept_for_life","pictureFile":null,"specials":[],"title":"Concept for Life","type":"ANIMAL","whitespaceAfter":0,"highlighted":false,"active":false},{"animalType":"DOGS","children":[],"description":"Eukanuba Dog Food","extId":21612,"fullDescription":null,"level":4,"metaCanonical":null,"metaDescription":null,"metaKeywords":null,"metaPageTitle":null,"metaRobots":null,"path":"/shop/dogs/dry_dog_food/eukanuba","pictureFile":null,"specials":[],"title":"Eukanuba","type":"ANIMAL","whitespaceAfter":0,"highlighted":false,"active":false},{"animalType":"DOGS","children":[],"description":"Hill's Prescription Diet","extId":34649,"fullDescription":null,"level":4,"metaCanonical":null,"metaDescription":null,"metaKeywords":null,"metaPageTitle":null,"metaRobots":null,"path":"/shop/dogs/dry_dog_food/hills_prescription","pictureFile":null,"specials":[],"title":"Hill's Prescription Diet","type":"ANIMAL","whitespaceAfter":0,"highlighted":false,"active":false},{"animalType":"DOGS","children":[],"description":"Hill's Science Plan","extId":21632,"fullDescription":null,"level":4,"metaCanonical":null,"metaDescription":null,"metaKeywords":null,"metaPageTitle":null,"metaRobots":null,"path":"/shop/dogs/dry_dog_food/hills_science_plan","pictureFile":null,"specials":[],"title":"Hill's Science Plan","type":"ANIMAL","whitespaceAfter":0,"highlighted":false,"active":false},{"animalType":"DOGS","children":[],"description":"Markus Mühle","extId":21656,"fullDescription":null,"level":4,"metaCanonical":null,"metaDescription":null,"metaKeywords":null,"metaPageTitle":null,"metaRobots":null,"path":"/shop/dogs/dry_dog_food/markus_muehle","pictureFile":null,"specials":[],"title":"Markus Mühle","type":"ANIMAL","whitespaceAfter":0,"highlighted":false,"active":false},{"animalType":"DOGS","children":[],"description":"Rosie's Farm Dry Dog Food","extId":440740,"fullDescription":null,"level":4,"metaCanonical":null,"metaDescription":null,"metaKeywords":null,"metaPageTitle":null,"metaRobots":null,"path":"/shop/dogs/dry_dog_food/rosies_farm_dry","pictureFile":null,"specials":[],"title":"Rosie's Farm","type":"ANIMAL","whitespaceAfter":0,"highlighted":false,"active":false},{"animalType":"DOGS","children":[],"description":"Royal Canin Breed Dog Food","extId":21686,"fullDescription":null,"level":4,"metaCanonical":null,"metaDescription":null,"metaKeywords":null,"metaPageTitle":null,"metaRobots":null,"path":"/shop/dogs/dry_dog_food/royal_canin_breed","pictureFile":null,"specials":[],"title":"Royal Canin Breed","type":"ANIMAL","whitespaceAfter":0,"highlighted":false,"active":false},{"animalType":"DOGS","children":[],"description":"Royal Canin Size Dog Food","extId":21689,"fullDescription":null,"level":4,"metaCanonical":null,"metaDescription":null,"metaKeywords":null,"metaPageTitle":null,"metaRobots":null,"path":"/shop/dogs/dry_dog_food/royal_canin_size","pictureFile":"royalcanin_logo_10_1.gif","specials":[],"title":"Royal Canin Size","type":"ANIMAL","whitespaceAfter":0,"highlighted":false,"active":false},{"animalType":"DOGS","children":[],"description":"Royal Canin Care Nutrition","extId":333585,"fullDescription":null,"level":4,"metaCanonical":null,"metaDescription":null,"metaKeywords":null,"metaPageTitle":null,"metaRobots":null,"path":"/shop/dogs/dry_dog_food/royal_canin_care_nutrition","pictureFile":null,"specials":[],"title":"Royal Canin Care Nutrition ","type":"ANIMAL","whitespaceAfter":0,"highlighted":false,"active":false},{"animalType":"DOGS","children":[],"description":"Royal Canin Veterinary","extId":89075,"fullDescription":null,"level":4,"metaCanonical":null,"metaDescription":null,"metaKeywords":null,"metaPageTitle":null,"metaRobots":null,"path":"/shop/dogs/dry_dog_food/royal_canin_vet_diet","pictureFile":null,"specials":[],"title":"Royal Canin Veterinary","type":"ANIMAL","whitespaceAfter":0,"highlighted":false,"active":false},{"animalType":"DOGS","children":[],"description":"Taste of the Wild Dog Food","extId":53349,"fullDescription":null,"level":4,"metaCanonical":null,"metaDescription":null,"metaKeywords":null,"metaPageTitle":null,"metaRobots":null,"path":"/shop/dogs/dry_dog_food/taste_of_the_wild","pictureFile":null,"specials":[],"title":"Taste of the Wild","type":"ANIMAL","whitespaceAfter":0,"highlighted":false,"active":false},{"animalType":"DOGS","children":[],"description":"Wolf of Wilderness Dry Dog Food","extId":206813,"fullDescription":null,"level":4,"metaCanonical":null,"metaDescription":null,"metaKeywords":null,"metaPageTitle":null,"metaRobots":null,"path":"/shop/dogs/dry_dog_food/206813","pictureFile":null,"specials":[],"title":"Wolf of Wilderness","type":"ANIMAL","whitespaceAfter":1,"highlighted":false,"active":false}],"description":"Dry Dog Food","extId":21611,"fullDescription":null,"level":3,"metaCanonical":null,"metaDescription":null,"metaKeywords":null,"metaPageTitle":null,"metaRobots":null,"path":"/shop/dogs/dry_dog_food","pictureFile":"Dog_Dryfood_1000x1000_3.jpg","specials":[],"title":"Dry Dog Food","type":"ANIMAL","whitespaceAfter":0,"highlighted":false,"active":false},{"animalType":"DOGS","children":[{"animalType":"DOGS","children":[],"description":"Applaws Natural Dog Food","extId":21820,"fullDescription":null,"level":4,"metaCanonical":null,"metaDescription":null,"metaKeywords":null,"metaPageTitle":null,"metaRobots":null,"path":"/shop/dogs/canned_dog_food/applaws","pictureFile":null,"specials":[],"title":"Applaws","type":"ANIMAL","whitespaceAfter":0,"highlighted":false,"active":false},{"animalType":"DOGS","children":[],"description":"Burns Wet Dog Food","extId":41391,"fullDescription":null,"level":4,"metaCanonical":null,"metaDescription":null,"metaKeywords":null,"metaPageTitle":null,"metaRobots":null,"path":"/shop/dogs/canned_dog_food/burns_wet","pictureFile":null,"specials":[],"title":"Burns","type":"ANIMAL","whitespaceAfter":0,"highlighted":false,"active":false},{"animalType":"DOGS","children":[],"description":"Forthglade Wet Dog Food","extId":233574,"fullDescription":null,"level":4,"metaCanonical":null,"metaDescription":null,"metaKeywords":null,"metaPageTitle":null,"metaRobots":null,"path":"/shop/dogs/canned_dog_food/forthglade","pictureFile":null,"specials":[],"title":"Forthglade","type":"ANIMAL","whitespaceAfter":0,"highlighted":false,"active":false},{"animalType":"DOGS","children":[],"description":"Hill's Prescription Diet","extId":183724,"fullDescription":null,"level":4,"metaCanonical":null,"metaDescription":null,"metaKeywords":null,"metaPageTitle":null,"metaRobots":null,"path":"/shop/dogs/canned_dog_food/hills_prescription_diet","pictureFile":null,"specials":[],"title":"Hill's Prescription Diet","type":"ANIMAL","whitespaceAfter":0,"highlighted":false,"active":false},{"animalType":"DOGS","children":[],"description":"James Wellbeloved Pouches","extId":171799,"fullDescription":null,"level":4,"metaCanonical":null,"metaDescription":null,"metaKeywords":null,"metaPageTitle":null,"metaRobots":null,"path":"/shop/dogs/canned_dog_food/jameswellbeloved","pictureFile":null,"specials":[],"title":"James Wellbeloved","type":"ANIMAL","whitespaceAfter":0,"highlighted":false,"active":false},{"animalType":"DOGS","children":[],"description":"Lily's Kitchen Wet Dog Food","extId":126012,"fullDescription":null,"level":4,"metaCanonical":null,"metaDescription":null,"metaKeywords":null,"metaPageTitle":null,"metaRobots":null,"path":"/shop/dogs/canned_dog_food/lilys_kitchen_wet_dog_food","pictureFile":null,"specials":[],"title":"Lily's Kitchen","type":"ANIMAL","whitespaceAfter":0,"highlighted":false,"active":false},{"animalType":"DOGS","children":[],"description":"Lukullus Wet Dog Food","extId":21828,"fullDescription":null,"level":4,"metaCanonical":null,"metaDescription":null,"metaKeywords":null,"metaPageTitle":null,"metaRobots":null,"path":"/shop/dogs/canned_dog_food/lukullus","pictureFile":null,"specials":[],"title":"Lukullus","type":"ANIMAL","whitespaceAfter":0,"highlighted":false,"active":false},{"animalType":"DOGS","children":[],"description":"Pedigree Dog Food","extId":21862,"fullDescription":null,"level":4,"metaCanonical":null,"metaDescription":null,"metaKeywords":null,"metaPageTitle":null,"metaRobots":null,"path":"/shop/dogs/canned_dog_food/pedigree_pur","pictureFile":"pedigree_logo_1.gif","specials":[],"title":"Pedigree","type":"ANIMAL","whitespaceAfter":0,"highlighted":false,"active":false},{"animalType":"DOGS","children":[],"description":"Purizon Wet Dog Food","extId":483464,"fullDescription":null,"level":4,"metaCanonical":null,"metaDescription":null,"metaKeywords":null,"metaPageTitle":null,"metaRobots":null,"path":"/shop/dogs/canned_dog_food/purizon_wet_dog_food","pictureFile":null,"specials":[],"title":"Purizon","type":"ANIMAL","whitespaceAfter":0,"highlighted":false,"active":false},{"animalType":"DOGS","children":[],"description":"Rebel Belle - veggie \u0026 vegan wet food","extId":528739,"fullDescription":null,"level":4,"metaCanonical":null,"metaDescription":null,"metaKeywords":null,"metaPageTitle":null,"metaRobots":null,"path":"/shop/dogs/canned_dog_food/rebel_belle_wet_dog_food","pictureFile":null,"specials":[],"title":"Rebel Belle","type":"ANIMAL","whitespaceAfter":0,"highlighted":false,"active":false},{"animalType":"DOGS","children":[],"description":"RINTI Wet Dog Food","extId":21870,"fullDescription":null,"level":4,"metaCanonical":null,"metaDescription":null,"metaKeywords":null,"metaPageTitle":null,"metaRobots":null,"path":"/shop/dogs/canned_dog_food/rinti","pictureFile":"rinti_logo_1.gif","specials":[],"title":"RINTI","type":"ANIMAL","whitespaceAfter":0,"highlighted":false,"active":false},{"animalType":"DOGS","children":[],"description":"Rocco Wet Dog Food","extId":21881,"fullDescription":null,"level":4,"metaCanonical":null,"metaDescription":null,"metaKeywords":null,"metaPageTitle":null,"metaRobots":null,"path":"/shop/dogs/canned_dog_food/rocco","pictureFile":null,"specials":[],"title":"Rocco","type":"ANIMAL","whitespaceAfter":0,"highlighted":false,"active":false},{"animalType":"DOGS","children":[],"description":"Royal Canin Veterinary","extId":243888,"fullDescription":null,"level":4,"metaCanonical":null,"metaDescription":null,"metaKeywords":null,"metaPageTitle":null,"metaRobots":null,"path":"/shop/dogs/canned_dog_food/royal_canin_veterinary_diet","pictureFile":null,"specials":[],"title":"Royal Canin Veterinary","type":"ANIMAL","whitespaceAfter":0,"highlighted":false,"active":false},{"animalType":"DOGS","children":[],"description":"Wolf of Wilderness Wet Dog Food","extId":206789,"fullDescription":null,"level":4,"metaCanonical":null,"metaDescription":null,"metaKeywords":null,"metaPageTitle":null,"metaRobots":null,"path":"/shop/dogs/canned_dog_food/206789","pictureFile":null,"specials":[],"title":"Wolf of Wilderness","type":"ANIMAL","whitespaceAfter":1,"highlighted":false,"active":false},{"animalType":"DOGS","children":[],"description":"Briantos Wet Dog Food","extId":648265,"fullDescription":null,"level":4,"metaCanonical":null,"metaDescription":null,"metaKeywords":null,"metaPageTitle":null,"metaRobots":null,"path":"/shop/dogs/canned_dog_food/briantos","pictureFile":null,"specials":[],"title":"Briantos","type":"ANIMAL","whitespaceAfter":0,"highlighted":false,"active":false},{"animalType":"DOGS","children":[],"description":"Butcher's Dog Food","extId":43214,"fullDescription":null,"level":4,"metaCanonical":null,"metaDescription":null,"metaKeywords":null,"metaPageTitle":null,"metaRobots":null,"path":"/shop/dogs/canned_dog_food/butchers","pictureFile":null,"specials":[],"title":"Butcher's","type":"ANIMAL","whitespaceAfter":0,"highlighted":false,"active":false}],"description":"Wet Dog Food: Cans \u0026 Pouches","extId":21815,"fullDescription":null,"level":3,"metaCanonical":null,"metaDescription":null,"metaKeywords":null,"metaPageTitle":null,"metaRobots":null,"path":"/shop/dogs/canned_dog_food","pictureFile":"Dog_Wetfood_1000x1000_2.jpg","specials":[],"title":"Wet Dog Food","type":"ANIMAL","whitespaceAfter":0,"highlighted":false,"active":false},{"animalType":"DOGS","children":[],"description":"Dog Treats \u0026 Dog Bones","extId":21895,"fullDescription":null,"level":3,"metaCanonical":null,"metaDescription":null,"metaKeywords":null,"metaPageTitle":null,"metaRobots":null,"path":"/shop/dogs/dog_treats_chews","pictureFile":"Dog_Snacks_1000x1000_1.jpg","specials":[],"title":"Dog Treats \u0026 Dog Bones","type":"ANIMAL","whitespaceAfter":0,"highlighted":false,"active":false},{"animalType":"DOGS","children":[],"description":"Dog Supplements \u0026 Special Food","extId":21997,"fullDescription":null,"level":3,"metaCanonical":null,"metaDescription":null,"metaKeywords":null,"metaPageTitle":null,"metaRobots":null,"path":"/shop/dogs/supplements_specialty_food","pictureFile":"Dog_Supplements_1000x1000_UK_1.jpg","specials":[],"title":"Dog Supplements \u0026 Special Food","type":"ANIMAL","whitespaceAfter":0,"highlighted":false,"active":false},{"animalType":"DOGS","children":[],"description":"Dog Kennels, Dog Flaps \u0026 Gates","extId":22340,"fullDescription":null,"level":3,"metaCanonical":null,"metaDescription":null,"metaKeywords":null,"metaPageTitle":null,"metaRobots":null,"path":"/shop/dogs/dog_houses_flaps","pictureFile":"Dog_Kennel_1000x1000_1.jpg","specials":[],"title":"Dog Kennels, Dog Flaps \u0026 Gates","type":"ANIMAL","whitespaceAfter":0,"highlighted":false,"active":false},{"animalType":"DOGS","children":[],"description":"Dog Crates \u0026 Dog Travel","extId":22237,"fullDescription":null,"level":3,"metaCanonical":null,"metaDescription":null,"metaKeywords":null,"metaPageTitle":null,"metaRobots":null,"path":"/shop/dogs/dog_cages_carriers","pictureFile":"Dog_Transport_1000x1000_7.jpg","specials":[],"title":"Dog Crates \u0026 Dog Travel","type":"ANIMAL","whitespaceAfter":0,"highlighted":false,"active":false},{"animalType":"DOGS","children":[],"description":"Dog Beds \u0026 Baskets","extId":22058,"fullDescription":null,"level":3,"metaCanonical":null,"metaDescription":null,"metaKeywords":null,"metaPageTitle":null,"metaRobots":null,"path":"/shop/dogs/dog_beds_baskets","pictureFile":"Dog_Beds_1000x1000_1.jpg","specials":[],"title":"Dog Beds \u0026 Baskets","type":"ANIMAL","whitespaceAfter":0,"highlighted":false,"active":false},{"animalType":"DOGS","children":[],"description":"Dog Toys, Sports \u0026 Training","extId":22264,"fullDescription":null,"level":3,"metaCanonical":null,"metaDescription":null,"metaKeywords":null,"metaPageTitle":null,"metaRobots":null,"path":"/shop/dogs/dog_toys_dog_training","pictureFile":"Dog_Toys_Sports_Acc_1000x1000_1.jpg","specials":[],"title":"Dog Toys, Sports \u0026 Training","type":"ANIMAL","whitespaceAfter":0,"highlighted":false,"active":false},{"animalType":"DOGS","children":[],"description":"Dog Grooming \u0026 Care","extId":22308,"fullDescription":null,"level":3,"metaCanonical":null,"metaDescription":null,"metaKeywords":null,"metaPageTitle":null,"metaRobots":null,"path":"/shop/dogs/dog_grooming_care","pictureFile":"Dog_Grooming_Care_1000x1000_1.jpg","specials":[],"title":"Dog Grooming \u0026 Care","type":"ANIMAL","whitespaceAfter":0,"highlighted":false,"active":false},{"animalType":"DOGS","children":[],"description":"Dog Leads \u0026 Dog Collars","extId":22146,"fullDescription":null,"level":3,"metaCanonical":null,"metaDescription":null,"metaKeywords":null,"metaPageTitle":null,"metaRobots":null,"path":"/shop/dogs/dog_collars_dog_leads","pictureFile":"Dog_Leads_Collars_1000x1000_1.jpg","specials":[],"title":"Dog Leads \u0026 Dog Collars","type":"ANIMAL","whitespaceAfter":0,"highlighted":false,"active":false},{"animalType":"DOGS","children":[],"description":"Dog Bowls \u0026 Feeders","extId":22353,"fullDescription":null,"level":3,"metaCanonical":null,"metaDescription":null,"metaKeywords":null,"metaPageTitle":null,"metaRobots":null,"path":"/shop/dogs/dog_bowls_feeders","pictureFile":"Dog_Bowls_1000x1000_1.jpg","specials":[],"title":"Dog Bowls \u0026 Feeders","type":"ANIMAL","whitespaceAfter":0,"highlighted":false,"active":false},{"animalType":"DOGS","children":[],"description":"Dog Clothing","extId":48994,"fullDescription":null,"level":3,"metaCanonical":null,"metaDescription":null,"metaKeywords":null,"metaPageTitle":null,"metaRobots":null,"path":"/shop/dogs/dog_clothing","pictureFile":"Dog_Clothing_1000x1000_1.jpg","specials":[],"title":"Dog Clothing","type":"ANIMAL","whitespaceAfter":0,"highlighted":false,"active":false},{"animalType":"DOGS","children":[],"description":"Dog Technology","extId":303108,"fullDescription":null,"level":3,"metaCanonical":null,"metaDescription":null,"metaKeywords":null,"metaPageTitle":null,"metaRobots":null,"path":"/shop/dogs/technology","pictureFile":"Dog_flaps_1000x1000_1.jpg","specials":[],"title":"Dog Technology","type":"ANIMAL","whitespaceAfter":0,"highlighted":false,"active":false},{"animalType":"DOGS","children":[],"description":"Puppy Products","extId":47508,"fullDescription":null,"level":3,"metaCanonical":null,"metaDescription":null,"metaKeywords":null,"metaPageTitle":null,"metaRobots":null,"path":"/shop/dogs/puppy_products","pictureFile":"Puppy_Junior_1000x1000_1.jpg","specials":[],"title":"Puppy Products","type":"ANIMAL","whitespaceAfter":0,"highlighted":false,"active":false},{"animalType":"DOGS","children":[],"description":"Dog Breed Shop","extId":357914,"fullDescription":null,"level":3,"metaCanonical":null,"metaDescription":null,"metaKeywords":null,"metaPageTitle":null,"metaRobots":null,"path":"/shop/dogs/dog_breed_shop","pictureFile":"Dog_Breed_1000x1000_2.jpg","specials":[],"title":"Dog Breed Shop","type":"ANIMAL","whitespaceAfter":0,"highlighted":false,"active":false}],"description":"Dog Shop: Dog Supplies \u0026 Dog Accessories","extId":21610,"fullDescription":null,"level":2,"metaCanonical":null,"metaDescription":null,"metaKeywords":null,"metaPageTitle":null,"metaRobots":null,"path":"/shop/dogs","pictureFile":"Dog_adult_1000x1000px_1.jpg","specials":[{"animalType":"DOGS","children":[],"description":"Special Offers:Dog Supplies \u0026Accessories","extId":22419,"fullDescription":null,"level":4,"metaCanonical":null,"metaDescription":null,"metaKeywords":null,"metaPageTitle":null,"metaRobots":null,"path":"/specials/dogs/special_offers/food/34575","pictureFile":"Dog_Seasonal_1000x1000_2.jpg","specials":[],"title":"Dog Special Offers","type":"SPECIAL_OFFERS","whitespaceAfter":0,"highlighted":false,"active":false},{"animalType":"DOGS","children":[],"description":"Dog Food Trial Packs","extId":79969,"fullDescription":null,"level":3,"metaCanonical":null,"metaDescription":null,"metaKeywords":null,"metaPageTitle":null,"metaRobots":null,"path":"/specials/dogs/trial_specials","pictureFile":"Trialpacks_Dry_D_1000x1000_3.jpg","specials":[],"title":"Dog Trial Packs","type":"TRIAL_OFFERS","whitespaceAfter":0,"highlighted":false,"active":false},{"animalType":"DOGS","children":[],"description":"New Products: Dog Supplies \u0026 Accessories","extId":22418,"fullDescription":null,"level":3,"metaCanonical":null,"metaDescription":null,"metaKeywords":null,"metaPageTitle":null,"metaRobots":null,"path":"/specials/dogs/new_products","pictureFile":"Xmas_LP_Grids_Pet_D_1000x1000_INT_1.jpg","specials":[],"title":"Dog New Products","type":"NEW_PRODUCTS","whitespaceAfter":0,"highlighted":false,"active":false}],"title":"Dog","type":"ANIMAL","whitespaceAfter":0,"highlighted":false,"active":false},{"animalType":"CATS","children":[{"animalType":"CATS","children":[{"animalType":"CATS","children":[],"description":"Applaws","extId":23585,"fullDescription":null,"level":4,"metaCanonical":null,"metaDescription":null,"metaKeywords":null,"metaPageTitle":null,"metaRobots":null,"path":"/shop/cats/dry_cat_food/applaws","pictureFile":null,"specials":[],"title":"Applaws","type":"ANIMAL","whitespaceAfter":0,"highlighted":false,"active":false},{"animalType":"CATS","children":[],"description":"Concept for Life Dry Cat Food","extId":219109,"fullDescription":null,"level":4,"metaCanonical":null,"metaDescription":null,"metaKeywords":null,"metaPageTitle":null,"metaRobots":null,"path":"/shop/cats/dry_cat_food/concept_for_life_dry","pictureFile":null,"specials":[],"title":"Concept for Life","type":"ANIMAL","whitespaceAfter":0,"highlighted":false,"active":false},{"animalType":"CATS","children":[],"description":"Hill's Prescription Diet","extId":34650,"fullDescription":null,"level":4,"metaCanonical":null,"metaDescription":null,"metaKeywords":null,"metaPageTitle":null,"metaRobots":null,"path":"/shop/cats/dry_cat_food/hills_prescription","pictureFile":null,"specials":[],"title":"Hill's Prescription Diet","type":"ANIMAL","whitespaceAfter":0,"highlighted":false,"active":false},{"animalType":"CATS","children":[],"description":"Hill's Science Plan Dry Cat Food","extId":21173,"fullDescription":null,"level":4,"metaCanonical":null,"metaDescription":null,"metaKeywords":null,"metaPageTitle":null,"metaRobots":null,"path":"/shop/cats/dry_cat_food/hills_feline","pictureFile":null,"specials":[],"title":"Hill's Science Plan","type":"ANIMAL","whitespaceAfter":0,"highlighted":false,"active":false},{"animalType":"CATS","children":[],"description":"IAMS Cat Food","extId":21183,"fullDescription":null,"level":4,"metaCanonical":null,"metaDescription":null,"metaKeywords":null,"metaPageTitle":null,"metaRobots":null,"path":"/shop/cats/dry_cat_food/iams","pictureFile":"iams_logo_1.gif","specials":[],"title":"IAMS","type":"ANIMAL","whitespaceAfter":0,"highlighted":false,"active":false},{"animalType":"CATS","children":[],"description":"James Wellbeloved Cat Food","extId":21179,"fullDescription":null,"level":4,"metaCanonical":null,"metaDescription":null,"metaKeywords":null,"metaPageTitle":null,"metaRobots":null,"path":"/shop/cats/dry_cat_food/wellbeloved_catfood","pictureFile":null,"specials":[],"title":"James Wellbeloved","type":"ANIMAL","whitespaceAfter":0,"highlighted":false,"active":false},{"animalType":"CATS","children":[],"description":"PURINA ONE Cat Food","extId":43305,"fullDescription":null,"level":4,"metaCanonical":null,"metaDescription":null,"metaKeywords":null,"metaPageTitle":null,"metaRobots":null,"path":"/shop/cats/dry_cat_food/purina_one","pictureFile":null,"specials":[],"title":"PURINA ONE","type":"ANIMAL","whitespaceAfter":0,"highlighted":false,"active":false},{"animalType":"CATS","children":[],"description":"Purina Pro Plan Cat Food","extId":21190,"fullDescription":null,"level":4,"metaCanonical":null,"metaDescription":null,"metaKeywords":null,"metaPageTitle":null,"metaRobots":null,"path":"/shop/cats/dry_cat_food/purina_pro_plan","pictureFile":null,"specials":[],"title":"Purina Pro Plan","type":"ANIMAL","whitespaceAfter":0,"highlighted":false,"active":false},{"animalType":"CATS","children":[],"description":"Purizon Dry Cat Food","extId":151856,"fullDescription":null,"level":4,"metaCanonical":null,"metaDescription":null,"metaKeywords":null,"metaPageTitle":null,"metaRobots":null,"path":"/shop/cats/dry_cat_food/purizon_cat","pictureFile":null,"specials":[],"title":"Purizon","type":"ANIMAL","whitespaceAfter":0,"highlighted":false,"active":false},{"animalType":"CATS","children":[],"description":"Rosie's Farm Dry Cat Food","extId":539116,"fullDescription":null,"level":4,"metaCanonical":null,"metaDescription":null,"metaKeywords":null,"metaPageTitle":null,"metaRobots":null,"path":"/shop/cats/dry_cat_food/rosies_farm_dry","pictureFile":null,"specials":[],"title":"Rosie's Farm","type":"ANIMAL","whitespaceAfter":0,"highlighted":false,"active":false},{"animalType":"CATS","children":[],"description":"Royal Canin Feline","extId":21195,"fullDescription":null,"level":4,"metaCanonical":null,"metaDescription":null,"metaKeywords":null,"metaPageTitle":null,"metaRobots":null,"path":"/shop/cats/dry_cat_food/royal_canin","pictureFile":"royalcanin_logo_10_1.gif","specials":[],"title":"Royal Canin Feline","type":"ANIMAL","whitespaceAfter":0,"highlighted":false,"active":false},{"animalType":"CATS","children":[],"description":"Royal Canin Veterinary","extId":89076,"fullDescription":null,"level":4,"metaCanonical":null,"metaDescription":null,"metaKeywords":null,"metaPageTitle":null,"metaRobots":null,"path":"/shop/cats/dry_cat_food/royal_canin_vet_diet","pictureFile":null,"specials":[],"title":"Royal Canin Veterinary","type":"ANIMAL","whitespaceAfter":0,"highlighted":false,"active":false},{"animalType":"CATS","children":[],"description":"Sanabelle","extId":21202,"fullDescription":null,"level":4,"metaCanonical":null,"metaDescription":null,"metaKeywords":null,"metaPageTitle":null,"metaRobots":null,"path":"/shop/cats/dry_cat_food/sanabelle","pictureFile":null,"specials":[],"title":"Sanabelle","type":"ANIMAL","whitespaceAfter":0,"highlighted":false,"active":false},{"animalType":"CATS","children":[],"description":"Pan Mięsko","extId":670162,"fullDescription":null,"level":4,"metaCanonical":null,"metaDescription":null,"metaKeywords":null,"metaPageTitle":null,"metaRobots":null,"path":"/shop/cats/dry_cat_food/pan_miesko","pictureFile":null,"specials":[],"title":"Pan Mięsko","type":"ANIMAL","whitespaceAfter":0,"highlighted":false,"active":false}],"description":"Dry Cat Food","extId":21172,"fullDescription":null,"level":3,"metaCanonical":null,"metaDescription":null,"metaKeywords":null,"metaPageTitle":null,"metaRobots":null,"path":"/shop/cats/dry_cat_food","pictureFile":"Cat_Dryfood_1000x1000_1.jpg","specials":[],"title":"Dry Cat Food","type":"ANIMAL","whitespaceAfter":0,"highlighted":false,"active":false},{"animalType":"CATS","children":[{"animalType":"CATS","children":[],"description":"Almo Nature Cat Food","extId":21239,"fullDescription":null,"level":4,"metaCanonical":null,"metaDescription":null,"metaKeywords":null,"metaPageTitle":null,"metaRobots":null,"path":"/shop/cats/canned_cat_food_pouches/almo_nature","pictureFile":null,"specials":[],"title":"Almo Nature","type":"ANIMAL","whitespaceAfter":0,"highlighted":false,"active":false},{"animalType":"CATS","children":[],"description":"animonda Carny Wet Cat Food","extId":89671,"fullDescription":null,"level":4,"metaCanonical":null,"metaDescription":null,"metaKeywords":null,"metaPageTitle":null,"metaRobots":null,"path":"/shop/cats/canned_cat_food_pouches/anomonda_carny","pictureFile":null,"specials":[],"title":"animonda Carny","type":"ANIMAL","whitespaceAfter":0,"highlighted":false,"active":false},{"animalType":"CATS","children":[],"description":"Applaws Natural Cat Food","extId":21243,"fullDescription":null,"level":4,"metaCanonical":null,"metaDescription":null,"metaKeywords":null,"metaPageTitle":null,"metaRobots":null,"path":"/shop/cats/canned_cat_food_pouches/applaws","pictureFile":null,"specials":[],"title":"Applaws","type":"ANIMAL","whitespaceAfter":0,"highlighted":false,"active":false},{"animalType":"CATS","children":[],"description":"Cosma Wet Cat Food","extId":21246,"fullDescription":null,"level":4,"metaCanonical":null,"metaDescription":null,"metaKeywords":null,"metaPageTitle":null,"metaRobots":null,"path":"/shop/cats/canned_cat_food_pouches/cosma","pictureFile":null,"specials":[],"title":"Cosma","type":"ANIMAL","whitespaceAfter":0,"highlighted":false,"active":false},{"animalType":"CATS","children":[],"description":"Cosma Nature Wet Cat Food","extId":168881,"fullDescription":null,"level":4,"metaCanonical":null,"metaDescription":null,"metaKeywords":null,"metaPageTitle":null,"metaRobots":null,"path":"/shop/cats/canned_cat_food_pouches/cosma_nature","pictureFile":null,"specials":[],"title":"Cosma Nature","type":"ANIMAL","whitespaceAfter":0,"highlighted":false,"active":false},{"animalType":"CATS","children":[],"description":"Felix Cat Food","extId":21291,"fullDescription":null,"level":4,"metaCanonical":null,"metaDescription":null,"metaKeywords":null,"metaPageTitle":null,"metaRobots":null,"path":"/shop/cats/canned_cat_food_pouches/felix","pictureFile":null,"specials":[],"title":"Felix","type":"ANIMAL","whitespaceAfter":0,"highlighted":false,"active":false},{"animalType":"CATS","children":[],"description":"Gourmet Canned Cat Food","extId":21294,"fullDescription":null,"level":4,"metaCanonical":null,"metaDescription":null,"metaKeywords":null,"metaPageTitle":null,"metaRobots":null,"path":"/shop/cats/canned_cat_food_pouches/gourmet","pictureFile":null,"specials":[],"title":"Gourmet","type":"ANIMAL","whitespaceAfter":0,"highlighted":false,"active":false},{"animalType":"CATS","children":[],"description":"Hill's Prescription Diet Wet Cat Food","extId":72424,"fullDescription":null,"level":4,"metaCanonical":null,"metaDescription":null,"metaKeywords":null,"metaPageTitle":null,"metaRobots":null,"path":"/shop/cats/canned_cat_food_pouches/hills_prescription_diet_cat_food","pictureFile":null,"specials":[],"title":"Hill's Prescription Diet","type":"ANIMAL","whitespaceAfter":0,"highlighted":false,"active":false},{"animalType":"CATS","children":[],"description":"Royal Canin Wet Cat Food","extId":23068,"fullDescription":null,"level":4,"metaCanonical":null,"metaDescription":null,"metaKeywords":null,"metaPageTitle":null,"metaRobots":null,"path":"/shop/cats/canned_cat_food_pouches/royal_canin_wet_cat_food","pictureFile":null,"specials":[],"title":"Royal Canin","type":"ANIMAL","whitespaceAfter":0,"highlighted":false,"active":false},{"animalType":"CATS","children":[],"description":"Royal Canin Veterinary Wet Cat Food","extId":219820,"fullDescription":null,"level":4,"metaCanonical":null,"metaDescription":null,"metaKeywords":null,"metaPageTitle":null,"metaRobots":null,"path":"/shop/cats/canned_cat_food_pouches/royal_canin_vet_diet","pictureFile":null,"specials":[],"title":"Royal Canin Veterinary","type":"ANIMAL","whitespaceAfter":0,"highlighted":false,"active":false},{"animalType":"CATS","children":[],"description":"Sheba Cat Food","extId":21283,"fullDescription":null,"level":4,"metaCanonical":null,"metaDescription":null,"metaKeywords":null,"metaPageTitle":null,"metaRobots":null,"path":"/shop/cats/canned_cat_food_pouches/sheba","pictureFile":null,"specials":[],"title":"Sheba","type":"ANIMAL","whitespaceAfter":0,"highlighted":false,"active":false},{"animalType":"CATS","children":[],"description":"Whiskas Cat Food","extId":21297,"fullDescription":null,"level":4,"metaCanonical":null,"metaDescription":null,"metaKeywords":null,"metaPageTitle":null,"metaRobots":null,"path":"/shop/cats/canned_cat_food_pouches/whiskas","pictureFile":"whiskas_logo_1.gif","specials":[],"title":"Whiskas","type":"ANIMAL","whitespaceAfter":1,"highlighted":false,"active":false},{"animalType":"CATS","children":[],"description":"Brekkies","extId":680217,"fullDescription":null,"level":4,"metaCanonical":null,"metaDescription":null,"metaKeywords":null,"metaPageTitle":null,"metaRobots":null,"path":"/shop/cats/canned_cat_food_pouches/brekkies","pictureFile":null,"specials":[],"title":"Brekkies","type":"ANIMAL","whitespaceAfter":0,"highlighted":false,"active":false}],"description":"Wet Cat Food: Cans \u0026 Pouches","extId":21238,"fullDescription":null,"level":3,"metaCanonical":null,"metaDescription":null,"metaKeywords":null,"metaPageTitle":null,"metaRobots":null,"path":"/shop/cats/canned_cat_food_pouches","pictureFile":"Cat_Wetfood_1000x1000_1.jpg","specials":[],"title":"Wet Cat Food","type":"ANIMAL","whitespaceAfter":0,"highlighted":false,"active":true},{"animalType":"CATS","children":[],"description":"Cat Litter","extId":21298,"fullDescription":null,"level":3,"metaCanonical":null,"metaDescription":null,"metaKeywords":null,"metaPageTitle":null,"metaRobots":null,"path":"/shop/cats/cat_litter","pictureFile":"Cat_Litter_1000x1000_4.jpg","specials":[],"title":"Cat Litter","type":"ANIMAL","whitespaceAfter":0,"highlighted":false,"active":false},{"animalType":"CATS","children":[],"description":"Cat Litter Boxes \u0026 Litter Trays","extId":21361,"fullDescription":null,"level":3,"metaCanonical":null,"metaDescription":null,"metaKeywords":null,"metaPageTitle":null,"metaRobots":null,"path":"/shop/cats/cat_litter_litter_boxes","pictureFile":"Cat_Toilet_1000x1000_1.jpg","specials":[],"title":"Cat Litter Boxes \u0026 Litter Trays","type":"ANIMAL","whitespaceAfter":0,"highlighted":false,"active":false},{"animalType":"CATS","children":[],"description":"Cat Trees \u0026 Cat Scratching Posts","extId":21308,"fullDescription":null,"level":3,"metaCanonical":null,"metaDescription":null,"metaKeywords":null,"metaPageTitle":null,"metaRobots":null,"path":"/shop/cats/scratching_posts","pictureFile":"Cat_Scratchtree_1000x1000_1.jpg","specials":[],"title":"Cat Trees \u0026 Cat Scratching Posts","type":"ANIMAL","whitespaceAfter":0,"highlighted":false,"active":false},{"animalType":"CATS","children":[],"description":"Cat Baskets \u0026 Beds","extId":21406,"fullDescription":null,"level":3,"metaCanonical":null,"metaDescription":null,"metaKeywords":null,"metaPageTitle":null,"metaRobots":null,"path":"/shop/cats/cat_beds_baskets","pictureFile":"Cat_Beds_1000x1000_1.jpg","specials":[],"title":"Cat Baskets \u0026 Beds","type":"ANIMAL","whitespaceAfter":0,"highlighted":false,"active":false},{"animalType":"CATS","children":[],"description":"Cat Toys","extId":21384,"fullDescription":null,"level":3,"metaCanonical":null,"metaDescription":null,"metaKeywords":null,"metaPageTitle":null,"metaRobots":null,"path":"/shop/cats/cat_toys","pictureFile":"Cat_Toys_1000x1000_1.jpg","specials":[],"title":"Cat Toys","type":"ANIMAL","whitespaceAfter":0,"highlighted":false,"active":false},{"animalType":"CATS","children":[],"description":"Cat Bowls \u0026 Fountains","extId":21396,"fullDescription":null,"level":3,"metaCanonical":null,"metaDescription":null,"metaKeywords":null,"metaPageTitle":null,"metaRobots":null,"path":"/shop/cats/cat_bowls_feeders","pictureFile":"Cat_Bowls_1000x1000_1.jpg","specials":[],"title":"Cat Bowls \u0026 Fountains","type":"ANIMAL","whitespaceAfter":0,"highlighted":false,"active":false},{"animalType":"CATS","children":[],"description":"Cat Flaps \u0026 Nets","extId":21424,"fullDescription":null,"level":3,"metaCanonical":null,"metaDescription":null,"metaKeywords":null,"metaPageTitle":null,"metaRobots":null,"path":"/shop/cats/cat_flaps_nets","pictureFile":"Cat_Flaps_1000x1000px_1.jpg","specials":[],"title":"Cat Flaps \u0026 Nets","type":"ANIMAL","whitespaceAfter":0,"highlighted":false,"active":false},{"animalType":"CATS","children":[],"description":"Cat Treats \u0026 Snacks","extId":21347,"fullDescription":null,"level":3,"metaCanonical":null,"metaDescription":null,"metaKeywords":null,"metaPageTitle":null,"metaRobots":null,"path":"/shop/cats/cat_treats_catnip","pictureFile":"Cat_Snacks_1000x1000_1.jpg","specials":[],"title":"Cat Treats \u0026 Snacks","type":"ANIMAL","whitespaceAfter":0,"highlighted":false,"active":false},{"animalType":"CATS","children":[],"description":"Cat Care \u0026 Grooming","extId":129996,"fullDescription":null,"level":3,"metaCanonical":null,"metaDescription":null,"metaKeywords":null,"metaPageTitle":null,"metaRobots":null,"path":"/shop/cats/cat_care_grooming","pictureFile":"Cat_Grooming_Care_1000x1000_UK_2.jpg","specials":[],"title":"Cat Care \u0026 Grooming","type":"ANIMAL","whitespaceAfter":0,"highlighted":false,"active":false},{"animalType":"CATS","children":[],"description":"Cat Supplements \u0026 Specialty Food","extId":21327,"fullDescription":null,"level":3,"metaCanonical":null,"metaDescription":null,"metaKeywords":null,"metaPageTitle":null,"metaRobots":null,"path":"/shop/cats/supplements_specialty_cat_food","pictureFile":"Cat_Supplements_SpecialDiet_1000x1000_1.jpg","specials":[],"title":"Cat Supplements \u0026 Specialty Food","type":"ANIMAL","whitespaceAfter":0,"highlighted":false,"active":false},{"animalType":"CATS","children":[],"description":"Cat Carriers \u0026 Transport","extId":21442,"fullDescription":null,"level":3,"metaCanonical":null,"metaDescription":null,"metaKeywords":null,"metaPageTitle":null,"metaRobots":null,"path":"/shop/cats/cat_carriers_travel","pictureFile":"Cat_Transport_1000x1000_1.jpg","specials":[],"title":"Cat Carriers \u0026 Transport","type":"ANIMAL","whitespaceAfter":0,"highlighted":false,"active":false},{"animalType":"CATS","children":[],"description":"Kitten Products","extId":47765,"fullDescription":null,"level":3,"metaCanonical":null,"metaDescription":null,"metaKeywords":null,"metaPageTitle":null,"metaRobots":null,"path":"/shop/cats/kitten_products","pictureFile":"Cat_Kitten_General_1000x1000_1.jpg","specials":[],"title":"Kitten Products","type":"ANIMAL","whitespaceAfter":0,"highlighted":false,"active":false}],"description":"Cat Shop: Cat Supplies \u0026 Cat Accessories","extId":21171,"fullDescription":null,"level":2,"metaCanonical":null,"metaDescription":null,"metaKeywords":null,"metaPageTitle":null,"metaRobots":null,"path":"/shop/cats","pictureFile":"Cat_Breed_MaineCoon_1000x1000_2.jpg","specials":[{"animalType":"CATS","children":[],"description":"Special Offers: Cat Food \u0026 Supplies","extId":22420,"fullDescription":null,"level":4,"metaCanonical":null,"metaDescription":null,"metaKeywords":null,"metaPageTitle":null,"metaRobots":null,"path":"/specials/cats/special_offers/food/34878","pictureFile":"Cat_Seasonal_1000x1000_2.jpg","specials":[],"title":"Cat Special Offers","type":"SPECIAL_OFFERS","whitespaceAfter":0,"highlighted":false,"active":false},{"animalType":"CATS","children":[],"description":"Cat Food Trial Packs","extId":80069,"fullDescription":null,"level":3,"metaCanonical":null,"metaDescription":null,"metaKeywords":null,"metaPageTitle":null,"metaRobots":null,"path":"/specials/cats/trial_specials","pictureFile":"Trialpacks_Dry_C_1000x1000_2.jpg","specials":[],"title":"Cat Trial Packs","type":"TRIAL_OFFERS","whitespaceAfter":0,"highlighted":false,"active":false},{"animalType":"CATS","children":[],"description":"New Products: Cat Supplies \u0026 Accessories","extId":22421,"fullDescription":null,"level":3,"metaCanonical":null,"metaDescription":null,"metaKeywords":null,"metaPageTitle":null,"metaRobots":null,"path":"/specials/cats/new_products","pictureFile":"Xmas_LP_Grids_Pet_C_1000x1000_INT_1.jpg","specials":[],"title":"Cat New Products","type":"NEW_PRODUCTS","whitespaceAfter":0,"highlighted":false,"active":false}],"title":"Cat","type":"ANIMAL","whitespaceAfter":0,"highlighted":false,"active":true},{"animalType":"RODENTS","children":[{"animalType":"RODENTS","children":[{"animalType":"RODENTS","children":[],"description":"Rabbit Cages","extId":21125,"fullDescription":null,"level":4,"metaCanonical":null,"metaDescription":null,"metaKeywords":null,"metaPageTitle":null,"metaRobots":null,"path":"/shop/rodents/cages/rabbit_cage","pictureFile":null,"specials":[],"title":"Rabbit Cages","type":"ANIMAL","whitespaceAfter":0,"highlighted":false,"active":false},{"animalType":"RODENTS","children":[],"description":"Hamster Cages","extId":21129,"fullDescription":null,"level":4,"metaCanonical":null,"metaDescription":null,"metaKeywords":null,"metaPageTitle":null,"metaRobots":null,"path":"/shop/rodents/cages/hamster_mouse_cages","pictureFile":null,"specials":[],"title":"Hamster Cages","type":"ANIMAL","whitespaceAfter":0,"highlighted":false,"active":false},{"animalType":"RODENTS","children":[],"description":"Guinea Pig Cages","extId":21127,"fullDescription":null,"level":4,"metaCanonical":null,"metaDescription":null,"metaKeywords":null,"metaPageTitle":null,"metaRobots":null,"path":"/shop/rodents/cages/guinea_pig_cages","pictureFile":null,"specials":[],"title":"Guinea Pig Cages","type":"ANIMAL","whitespaceAfter":0,"highlighted":false,"active":false},{"animalType":"RODENTS","children":[],"description":"Rat Cages","extId":21128,"fullDescription":null,"level":4,"metaCanonical":null,"metaDescription":null,"metaKeywords":null,"metaPageTitle":null,"metaRobots":null,"path":"/shop/rodents/cages/rat_cage","pictureFile":null,"specials":[],"title":"Rat Cages","type":"ANIMAL","whitespaceAfter":0,"highlighted":false,"active":false},{"animalType":"RODENTS","children":[],"description":"Chinchilla Cages","extId":21126,"fullDescription":null,"level":4,"metaCanonical":null,"metaDescription":null,"metaKeywords":null,"metaPageTitle":null,"metaRobots":null,"path":"/shop/rodents/cages/chinchilla_cages","pictureFile":null,"specials":[],"title":"Chinchilla Cages","type":"ANIMAL","whitespaceAfter":0,"highlighted":false,"active":false},{"animalType":"RODENTS","children":[],"description":"Mouse Cages","extId":21130,"fullDescription":null,"level":4,"metaCanonical":null,"metaDescription":null,"metaKeywords":null,"metaPageTitle":null,"metaRobots":null,"path":"/shop/rodents/cages/mouse_cages","pictureFile":null,"specials":[],"title":"Mouse Cages","type":"ANIMAL","whitespaceAfter":0,"highlighted":false,"active":false},{"animalType":"RODENTS","children":[],"description":"Ferret Cages","extId":21131,"fullDescription":null,"level":4,"metaCanonical":null,"metaDescription":null,"metaKeywords":null,"metaPageTitle":null,"metaRobots":null,"path":"/shop/rodents/cages/ferret_cage","pictureFile":null,"specials":[],"title":"Ferret Cages","type":"ANIMAL","whitespaceAfter":0,"highlighted":false,"active":false},{"animalType":"RODENTS","children":[],"description":"Transport Cages for Small Pets","extId":21133,"fullDescription":null,"level":4,"metaCanonical":null,"metaDescription":null,"metaKeywords":null,"metaPageTitle":null,"metaRobots":null,"path":"/shop/rodents/cages/transport_cages","pictureFile":null,"specials":[],"title":"Transport Cages","type":"ANIMAL","whitespaceAfter":0,"highlighted":false,"active":false}],"description":"Small Pet Cages","extId":21119,"fullDescription":null,"level":3,"metaCanonical":null,"metaDescription":null,"metaKeywords":null,"metaPageTitle":null,"metaRobots":null,"path":"/shop/rodents/cages","pictureFile":"2017_07_SmallPetCages_1000x1000_2_1.jpg","specials":[],"title":"Small Pet Cages","type":"ANIMAL","whitespaceAfter":0,"highlighted":false,"active":false},{"animalType":"RODENTS","children":[{"animalType":"RODENTS","children":[],"description":"Favourites: Rabbit \u0026 Guinea Pig Hutches","extId":95849,"fullDescription":null,"level":4,"metaCanonical":null,"metaDescription":null,"metaKeywords":null,"metaPageTitle":null,"metaRobots":null,"path":"/shop/rodents/rabbit_guineapig_hutches/customer_favourites","pictureFile":null,"specials":[],"title":"★ Customer Favourites","type":"ANIMAL","whitespaceAfter":0,"highlighted":false,"active":false},{"animalType":"RODENTS","children":[],"description":"Rabbit \u0026 Guinea Pig Hutches with Runs","extId":95660,"fullDescription":null,"level":4,"metaCanonical":null,"metaDescription":null,"metaKeywords":null,"metaPageTitle":null,"metaRobots":null,"path":"/shop/rodents/rabbit_guineapig_hutches/with_runs","pictureFile":null,"specials":[],"title":"Hutches with Runs","type":"ANIMAL","whitespaceAfter":0,"highlighted":false,"active":false},{"animalType":"RODENTS","children":[],"description":"Single Storey Hutches for Rabbits \u0026 Guinea Pigs","extId":95641,"fullDescription":null,"level":4,"metaCanonical":null,"metaDescription":null,"metaKeywords":null,"metaPageTitle":null,"metaRobots":null,"path":"/shop/rodents/rabbit_guineapig_hutches/single_storey_hutch","pictureFile":null,"specials":[],"title":"Single Storey Hutches","type":"ANIMAL","whitespaceAfter":0,"highlighted":false,"active":false},{"animalType":"RODENTS","children":[],"description":"Double Storey Hutches for Rabbits \u0026 Guinea Pigs","extId":95661,"fullDescription":null,"level":4,"metaCanonical":null,"metaDescription":null,"metaKeywords":null,"metaPageTitle":null,"metaRobots":null,"path":"/shop/rodents/rabbit_guineapig_hutches/double_storey_hutches","pictureFile":null,"specials":[],"title":"Double Storey Hutches","type":"ANIMAL","whitespaceAfter":0,"highlighted":false,"active":false}],"description":"Rabbit \u0026 Guinea Pig Hutches","extId":95559,"fullDescription":null,"level":3,"metaCanonical":null,"metaDescription":null,"metaKeywords":null,"metaPageTitle":null,"metaRobots":null,"path":"/shop/rodents/rabbit_guineapig_hutches","pictureFile":"2017_07_HutchesRabbitGuineaPig_1000x1000_1.jpg","specials":[],"title":"Rabbit \u0026 Guinea Pig Hutches","type":"ANIMAL","whitespaceAfter":0,"highlighted":false,"active":false},{"animalType":"RODENTS","children":[],"description":"Runs \u0026 Fencing for Small Pets","extId":95667,"fullDescription":null,"level":3,"metaCanonical":null,"metaDescription":null,"metaKeywords":null,"metaPageTitle":null,"metaRobots":null,"path":"/shop/rodents/runs_fencing","pictureFile":"2017_07_RunsEnclosures_1000x1000_1.jpg","specials":[],"title":"Runs \u0026 Fencing","type":"ANIMAL","whitespaceAfter":0,"highlighted":false,"active":false},{"animalType":"RODENTS","children":[],"description":"Small Pet Food","extId":21054,"fullDescription":null,"level":3,"metaCanonical":null,"metaDescription":null,"metaKeywords":null,"metaPageTitle":null,"metaRobots":null,"path":"/shop/rodents/food","pictureFile":"2017_07_SmallPetFood_1000x1000_1.jpg","specials":[],"title":"Small Pet Food","type":"ANIMAL","whitespaceAfter":0,"highlighted":false,"active":false},{"animalType":"RODENTS","children":[],"description":"Cage Accessories","extId":21138,"fullDescription":null,"level":3,"metaCanonical":null,"metaDescription":null,"metaKeywords":null,"metaPageTitle":null,"metaRobots":null,"path":"/shop/rodents/accessories","pictureFile":"2017_07_CageAccessories_1000x1000_1.jpg","specials":[],"title":"Cage Accessories","type":"ANIMAL","whitespaceAfter":0,"highlighted":false,"active":false},{"animalType":"RODENTS","children":[],"description":"Snacks \u0026 Supplements","extId":21100,"fullDescription":null,"level":3,"metaCanonical":null,"metaDescription":null,"metaKeywords":null,"metaPageTitle":null,"metaRobots":null,"path":"/shop/rodents/snacks_supplements","pictureFile":"2017_07_SnacksSupplements_1000x1000_1.jpg","specials":[],"title":"Snacks \u0026 Supplements","type":"ANIMAL","whitespaceAfter":0,"highlighted":false,"active":false},{"animalType":"RODENTS","children":[],"description":"Hay \u0026 Straw","extId":112089,"fullDescription":null,"level":3,"metaCanonical":null,"metaDescription":null,"metaKeywords":null,"metaPageTitle":null,"metaRobots":null,"path":"/shop/rodents/hay_straw_bedding","pictureFile":"2017_07_StrawBedding_1000x1000_2.jpg","specials":[],"title":"Hay \u0026 Straw","type":"ANIMAL","whitespaceAfter":0,"highlighted":false,"active":false},{"animalType":"RODENTS","children":[],"description":"Care \u0026 Grooming","extId":21154,"fullDescription":null,"level":3,"metaCanonical":null,"metaDescription":null,"metaKeywords":null,"metaPageTitle":null,"metaRobots":null,"path":"/shop/rodents/care_grooming","pictureFile":"2017_07_CareGrooming_1000x1000_1.jpg","specials":[],"title":"Care \u0026 Grooming","type":"ANIMAL","whitespaceAfter":0,"highlighted":false,"active":false},{"animalType":"RODENTS","children":[],"description":"Toys \u0026 Travel","extId":21163,"fullDescription":null,"level":3,"metaCanonical":null,"metaDescription":null,"metaKeywords":null,"metaPageTitle":null,"metaRobots":null,"path":"/shop/rodents/toys_transport","pictureFile":"2017_07_ToysTravel_1000x1000_1.jpg","specials":[],"title":"Toys \u0026 Travel","type":"ANIMAL","whitespaceAfter":1,"highlighted":false,"active":false},{"animalType":"RODENTS","children":[],"description":"Rabbit","extId":301823,"fullDescription":null,"level":3,"metaCanonical":null,"metaDescription":null,"metaKeywords":null,"metaPageTitle":null,"metaRobots":null,"path":"/shop/rodents/rabbits","pictureFile":"Rabbit_1000x1000_4.jpg","specials":[],"title":"Rabbit","type":"ANIMAL","whitespaceAfter":0,"highlighted":false,"active":false},{"animalType":"RODENTS","children":[],"description":"Guinea Pig","extId":301881,"fullDescription":null,"level":3,"metaCanonical":null,"metaDescription":null,"metaKeywords":null,"metaPageTitle":null,"metaRobots":null,"path":"/shop/rodents/guinea_pig","pictureFile":"GuineaPig_1000x1000_3.jpg","specials":[],"title":"Guinea Pig","type":"ANIMAL","whitespaceAfter":0,"highlighted":false,"active":false},{"animalType":"RODENTS","children":[],"description":"Hamster","extId":301899,"fullDescription":null,"level":3,"metaCanonical":null,"metaDescription":null,"metaKeywords":null,"metaPageTitle":null,"metaRobots":null,"path":"/shop/rodents/hamster","pictureFile":"Hamster_1000x1000_4.jpg","specials":[],"title":"Hamster","type":"ANIMAL","whitespaceAfter":0,"highlighted":false,"active":false},{"animalType":"RODENTS","children":[],"description":"Rat","extId":301853,"fullDescription":null,"level":3,"metaCanonical":null,"metaDescription":null,"metaKeywords":null,"metaPageTitle":null,"metaRobots":null,"path":"/shop/rodents/rat","pictureFile":"Rat_1000x1000_3.jpg","specials":[],"title":"Rat","type":"ANIMAL","whitespaceAfter":0,"highlighted":false,"active":false},{"animalType":"RODENTS","children":[],"description":"Mouse","extId":301917,"fullDescription":null,"level":3,"metaCanonical":null,"metaDescription":null,"metaKeywords":null,"metaPageTitle":null,"metaRobots":null,"path":"/shop/rodents/mouse","pictureFile":"Mouse_1000x1000_2.jpg","specials":[],"title":"Mouse","type":"ANIMAL","whitespaceAfter":0,"highlighted":false,"active":false},{"animalType":"RODENTS","children":[],"description":"Chinchilla","extId":301994,"fullDescription":null,"level":3,"metaCanonical":null,"metaDescription":null,"metaKeywords":null,"metaPageTitle":null,"metaRobots":null,"path":"/shop/rodents/chinchilla","pictureFile":"Chinchilla_1000x1000_3.jpg","specials":[],"title":"Chinchilla","type":"ANIMAL","whitespaceAfter":0,"highlighted":false,"active":false},{"animalType":"RODENTS","children":[],"description":"Gerbil","extId":301965,"fullDescription":null,"level":3,"metaCanonical":null,"metaDescription":null,"metaKeywords":null,"metaPageTitle":null,"metaRobots":null,"path":"/shop/rodents/gerbil","pictureFile":"Gerbil_1000x1000_3.jpg","specials":[],"title":"Gerbil","type":"ANIMAL","whitespaceAfter":0,"highlighted":false,"active":false},{"animalType":"RODENTS","children":[],"description":"Degu","extId":301977,"fullDescription":null,"level":3,"metaCanonical":null,"metaDescription":null,"metaKeywords":null,"metaPageTitle":null,"metaRobots":null,"path":"/shop/rodents/degu","pictureFile":"Degu_1000x1000_3.jpg","specials":[],"title":"Degu","type":"ANIMAL","whitespaceAfter":0,"highlighted":false,"active":false},{"animalType":"RODENTS","children":[],"description":"Ferret","extId":301938,"fullDescription":null,"level":3,"metaCanonical":null,"metaDescription":null,"metaKeywords":null,"metaPageTitle":null,"metaRobots":null,"path":"/shop/rodents/ferret","pictureFile":"Ferret_1000x1000_3.jpg","specials":[],"title":"Ferret","type":"ANIMAL","whitespaceAfter":0,"highlighted":false,"active":false}],"description":"Small Pets Supplies \u0026 Accessories","extId":21053,"fullDescription":null,"level":2,"metaCanonical":null,"metaDescription":null,"metaKeywords":null,"metaPageTitle":null,"metaRobots":null,"path":"/shop/rodents","pictureFile":"Rodent_AllGoups_1000x1000_1.jpg","specials":[{"animalType":"RODENTS","children":[],"description":"Special Offer: Small Pet Food \u0026 Supplies","extId":22424,"fullDescription":null,"level":4,"metaCanonical":null,"metaDescription":null,"metaKeywords":null,"metaPageTitle":null,"metaRobots":null,"path":"/specials/rodents/special_offers/cages_and_pens/34886","pictureFile":"General_Offers_S_1000x1000_2.jpg","specials":[],"title":"Small Pet Special Offers","type":"SPECIAL_OFFERS","whitespaceAfter":0,"highlighted":false,"active":false},{"animalType":"RODENTS","children":[],"description":"New Products: Small Animal Supplies","extId":22425,"fullDescription":null,"level":3,"metaCanonical":null,"metaDescription":null,"metaKeywords":null,"metaPageTitle":null,"metaRobots":null,"path":"/specials/rodents/new_products","pictureFile":"NewProducts_S_1000x1000_INT_3.jpg","specials":[],"title":"Small Pet New Products","type":"NEW_PRODUCTS","whitespaceAfter":0,"highlighted":false,"active":false}],"title":"Small Pet","type":"ANIMAL","whitespaceAfter":0,"highlighted":false,"active":false},{"animalType":"BIRDS","children":[{"animalType":"BIRDS","children":[{"animalType":"BIRDS","children":[],"description":"Parrot Food","extId":21018,"fullDescription":null,"level":4,"metaCanonical":null,"metaDescription":null,"metaKeywords":null,"metaPageTitle":null,"metaRobots":null,"path":"/shop/birds/bird_food/parrot","pictureFile":null,"specials":[],"title":"Parrot Food","type":"ANIMAL","whitespaceAfter":0,"highlighted":false,"active":false},{"animalType":"BIRDS","children":[],"description":"Large Parakeet \u0026 Cockatiel Food","extId":21016,"fullDescription":null,"level":4,"metaCanonical":null,"metaDescription":null,"metaKeywords":null,"metaPageTitle":null,"metaRobots":null,"path":"/shop/birds/bird_food/large_parakeet","pictureFile":null,"specials":[],"title":"Large Parakeet \u0026 Cockatiel","type":"ANIMAL","whitespaceAfter":0,"highlighted":false,"active":false},{"animalType":"BIRDS","children":[],"description":"Budgie Food","extId":21015,"fullDescription":null,"level":4,"metaCanonical":null,"metaDescription":null,"metaKeywords":null,"metaPageTitle":null,"metaRobots":null,"path":"/shop/birds/bird_food/parakeet","pictureFile":null,"specials":[],"title":"Budgie Food","type":"ANIMAL","whitespaceAfter":0,"highlighted":false,"active":false},{"animalType":"BIRDS","children":[],"description":"Canary Food","extId":21017,"fullDescription":null,"level":4,"metaCanonical":null,"metaDescription":null,"metaKeywords":null,"metaPageTitle":null,"metaRobots":null,"path":"/shop/birds/bird_food/canary_food","pictureFile":null,"specials":[],"title":"Canary Food","type":"ANIMAL","whitespaceAfter":1,"highlighted":false,"active":false}],"description":"Bird Food","extId":21014,"fullDescription":null,"level":3,"metaCanonical":null,"metaDescription":null,"metaKeywords":null,"metaPageTitle":null,"metaRobots":null,"path":"/shop/birds/bird_food","pictureFile":"BirdFood_1000x1000px_1.jpg","specials":[],"title":"Bird Food","type":"ANIMAL","whitespaceAfter":0,"highlighted":false,"active":false},{"animalType":"BIRDS","children":[{"animalType":"BIRDS","children":[],"description":"Budgerigar Cages","extId":21025,"fullDescription":null,"level":4,"metaCanonical":null,"metaDescription":null,"metaKeywords":null,"metaPageTitle":null,"metaRobots":null,"path":"/shop/birds/bird_cages_and_accessories/parakeet_cages","pictureFile":null,"specials":[],"title":"Budgerigar Cages","type":"ANIMAL","whitespaceAfter":0,"highlighted":false,"active":false},{"animalType":"BIRDS","children":[],"description":"Large Parakeet Cages","extId":21026,"fullDescription":null,"level":4,"metaCanonical":null,"metaDescription":null,"metaKeywords":null,"metaPageTitle":null,"metaRobots":null,"path":"/shop/birds/bird_cages_and_accessories/large_parakeet_cages","pictureFile":null,"specials":[],"title":"Large Parakeet Cages","type":"ANIMAL","whitespaceAfter":0,"highlighted":false,"active":false},{"animalType":"BIRDS","children":[],"description":"Canary Cages","extId":21027,"fullDescription":null,"level":4,"metaCanonical":null,"metaDescription":null,"metaKeywords":null,"metaPageTitle":null,"metaRobots":null,"path":"/shop/birds/bird_cages_and_accessories/canary_cages","pictureFile":null,"specials":[],"title":"Canary Cages","type":"ANIMAL","whitespaceAfter":0,"highlighted":false,"active":false},{"animalType":"BIRDS","children":[],"description":"Parrot Cages","extId":21028,"fullDescription":null,"level":4,"metaCanonical":null,"metaDescription":null,"metaKeywords":null,"metaPageTitle":null,"metaRobots":null,"path":"/shop/birds/bird_cages_and_accessories/parrot_cages","pictureFile":null,"specials":[],"title":"Parrot Cages","type":"ANIMAL","whitespaceAfter":0,"highlighted":false,"active":false},{"animalType":"BIRDS","children":[],"description":"Aviaries","extId":21029,"fullDescription":null,"level":4,"metaCanonical":null,"metaDescription":null,"metaKeywords":null,"metaPageTitle":null,"metaRobots":null,"path":"/shop/birds/bird_cages_and_accessories/aviaries","pictureFile":null,"specials":[],"title":"Aviaries","type":"ANIMAL","whitespaceAfter":0,"highlighted":false,"active":false},{"animalType":"BIRDS","children":[],"description":"Transport Cages","extId":21031,"fullDescription":null,"level":4,"metaCanonical":null,"metaDescription":null,"metaKeywords":null,"metaPageTitle":null,"metaRobots":null,"path":"/shop/birds/bird_cages_and_accessories/transportation_and_safety","pictureFile":null,"specials":[],"title":"Transport Cages","type":"ANIMAL","whitespaceAfter":0,"highlighted":false,"active":false}],"description":"Bird Cages","extId":21024,"fullDescription":null,"level":3,"metaCanonical":null,"metaDescription":null,"metaKeywords":null,"metaPageTitle":null,"metaRobots":null,"path":"/shop/birds/bird_cages_and_accessories","pictureFile":"BirdcageAndAviary_1000x1000px_02_1.jpg","specials":[],"title":"Bird Cages","type":"ANIMAL","whitespaceAfter":0,"highlighted":false,"active":false},{"animalType":"BIRDS","children":[],"description":"Bird Cage Accessories","extId":21032,"fullDescription":null,"level":3,"metaCanonical":null,"metaDescription":null,"metaKeywords":null,"metaPageTitle":null,"metaRobots":null,"path":"/shop/birds/cage_accessories","pictureFile":"BirdAccessories_1000x1000px_01_1.jpg","specials":[],"title":"Bird Cage Accessories","type":"ANIMAL","whitespaceAfter":0,"highlighted":false,"active":false},{"animalType":"BIRDS","children":[],"description":"Bird Snacks \u0026 Crackers","extId":21020,"fullDescription":null,"level":3,"metaCanonical":null,"metaDescription":null,"metaKeywords":null,"metaPageTitle":null,"metaRobots":null,"path":"/shop/birds/snacks_and_supplements","pictureFile":"SnacksAndCrackers_1000x1000px_05_1.jpg","specials":[],"title":"Bird Snacks \u0026 Crackers","type":"ANIMAL","whitespaceAfter":0,"highlighted":false,"active":false},{"animalType":"BIRDS","children":[],"description":"Bird Toys","extId":21049,"fullDescription":null,"level":3,"metaCanonical":null,"metaDescription":null,"metaKeywords":null,"metaPageTitle":null,"metaRobots":null,"path":"/shop/birds/toys","pictureFile":"BirdToys_1000x1000px_01_1.jpg","specials":[],"title":"Bird Toys","type":"ANIMAL","whitespaceAfter":0,"highlighted":false,"active":false},{"animalType":"BIRDS","children":[],"description":"Bird Food Supplements","extId":21038,"fullDescription":null,"level":3,"metaCanonical":null,"metaDescription":null,"metaKeywords":null,"metaPageTitle":null,"metaRobots":null,"path":"/shop/birds/supplements","pictureFile":"FoodSuppliments_1000x1000px_1.jpg","specials":[],"title":"Bird Food Supplements","type":"ANIMAL","whitespaceAfter":0,"highlighted":false,"active":false},{"animalType":"BIRDS","children":[],"description":"Bird Cage Bedding \u0026 Litter","extId":21044,"fullDescription":null,"level":3,"metaCanonical":null,"metaDescription":null,"metaKeywords":null,"metaPageTitle":null,"metaRobots":null,"path":"/shop/birds/bedding_and_litter","pictureFile":"LitterAndCare_1000x1000px_1.jpg","specials":[],"title":"Bird Cage Bedding \u0026 Litter","type":"ANIMAL","whitespaceAfter":0,"highlighted":false,"active":false},{"animalType":"BIRDS","children":[],"description":"Wild Birds","extId":31438,"fullDescription":null,"level":3,"metaCanonical":null,"metaDescription":null,"metaKeywords":null,"metaPageTitle":null,"metaRobots":null,"path":"/shop/birds/wild_birds","pictureFile":"Wildbirds_1000x1000px_03_1.jpg","specials":[],"title":"Wild Birds","type":"ANIMAL","whitespaceAfter":0,"highlighted":false,"active":false}],"description":"Bird Supplies \u0026 Accessories","extId":21013,"fullDescription":null,"level":2,"metaCanonical":null,"metaDescription":null,"metaKeywords":null,"metaPageTitle":null,"metaRobots":null,"path":"/shop/birds","pictureFile":"Birds_ProductsByBirdSpecies_1000x1000px_1.jpg","specials":[{"animalType":"BIRDS","children":[],"description":"Bird Supplies \u0026 Accessories","extId":22426,"fullDescription":null,"level":4,"metaCanonical":null,"metaDescription":null,"metaKeywords":null,"metaPageTitle":null,"metaRobots":null,"path":"/specials/birds/special_offers/cages/34900","pictureFile":"General_Offers_B_1000x1000_2.jpg","specials":[],"title":"Bird Special Offers","type":"SPECIAL_OFFERS","whitespaceAfter":0,"highlighted":false,"active":false},{"animalType":"BIRDS","children":[],"description":"New Products: Bird Supplies","extId":22427,"fullDescription":null,"level":3,"metaCanonical":null,"metaDescription":null,"metaKeywords":null,"metaPageTitle":null,"metaRobots":null,"path":"/specials/birds/new_products","pictureFile":"NewProducts_B_1000x1000_INT_3.jpg","specials":[],"title":"Bird New Products","type":"NEW_PRODUCTS","whitespaceAfter":0,"highlighted":false,"active":false}],"title":"Bird","type":"ANIMAL","whitespaceAfter":0,"highlighted":false,"active":false},{"animalType":"FISH","children":[{"animalType":"FISH","children":[{"animalType":"FISH","children":[],"description":"Fish Flakes","extId":20824,"fullDescription":null,"level":4,"metaCanonical":null,"metaDescription":null,"metaKeywords":null,"metaPageTitle":null,"metaRobots":null,"path":"/shop/fish/food/fish_flakes","pictureFile":null,"specials":[],"title":"Fish Flakes","type":"ANIMAL","whitespaceAfter":0,"highlighted":false,"active":false},{"animalType":"FISH","children":[],"description":"Food Tabs","extId":20829,"fullDescription":null,"level":4,"metaCanonical":null,"metaDescription":null,"metaKeywords":null,"metaPageTitle":null,"metaRobots":null,"path":"/shop/fish/food/food_tabs","pictureFile":null,"specials":[],"title":"Food Tabs","type":"ANIMAL","whitespaceAfter":0,"highlighted":false,"active":false},{"animalType":"FISH","children":[],"description":"Granules/Pellets/Sticks","extId":20835,"fullDescription":null,"level":4,"metaCanonical":null,"metaDescription":null,"metaKeywords":null,"metaPageTitle":null,"metaRobots":null,"path":"/shop/fish/food/granules_pellets_and_sticks","pictureFile":null,"specials":[],"title":"Granules/Pellets/Sticks","type":"ANIMAL","whitespaceAfter":0,"highlighted":false,"active":false},{"animalType":"FISH","children":[],"description":"Specialty Foods","extId":20841,"fullDescription":null,"level":4,"metaCanonical":null,"metaDescription":null,"metaKeywords":null,"metaPageTitle":null,"metaRobots":null,"path":"/shop/fish/food/specialty_food","pictureFile":null,"specials":[],"title":"Specialty Foods","type":"ANIMAL","whitespaceAfter":0,"highlighted":false,"active":false},{"animalType":"FISH","children":[],"description":"Holiday Food","extId":20845,"fullDescription":null,"level":4,"metaCanonical":null,"metaDescription":null,"metaKeywords":null,"metaPageTitle":null,"metaRobots":null,"path":"/shop/fish/food/holiday_food","pictureFile":null,"specials":[],"title":"Holiday Food","type":"ANIMAL","whitespaceAfter":0,"highlighted":false,"active":false},{"animalType":"FISH","children":[],"description":"Crustaceans","extId":20846,"fullDescription":null,"level":4,"metaCanonical":null,"metaDescription":null,"metaKeywords":null,"metaPageTitle":null,"metaRobots":null,"path":"/shop/fish/food/crustacean_food","pictureFile":null,"specials":[],"title":"Crustaceans","type":"ANIMAL","whitespaceAfter":0,"highlighted":false,"active":false},{"animalType":"FISH","children":[],"description":"Bottom Feeders","extId":20847,"fullDescription":null,"level":4,"metaCanonical":null,"metaDescription":null,"metaKeywords":null,"metaPageTitle":null,"metaRobots":null,"path":"/shop/fish/food/bottom_feeders","pictureFile":null,"specials":[],"title":"Bottom Feeders","type":"ANIMAL","whitespaceAfter":0,"highlighted":false,"active":false},{"animalType":"FISH","children":[],"description":"Discus \u0026 Cichlids","extId":20853,"fullDescription":null,"level":4,"metaCanonical":null,"metaDescription":null,"metaKeywords":null,"metaPageTitle":null,"metaRobots":null,"path":"/shop/fish/food/discus_chichlids","pictureFile":null,"specials":[],"title":"Discus \u0026 Cichlids","type":"ANIMAL","whitespaceAfter":0,"highlighted":false,"active":false},{"animalType":"FISH","children":[],"description":"Turtle \u0026 Tortoise Food","extId":182898,"fullDescription":null,"level":4,"metaCanonical":null,"metaDescription":null,"metaKeywords":null,"metaPageTitle":null,"metaRobots":null,"path":"/shop/fish/food/tortoise_turtle_food","pictureFile":null,"specials":[],"title":"Turtle \u0026 Tortoise Food","type":"ANIMAL","whitespaceAfter":0,"highlighted":false,"active":false},{"animalType":"FISH","children":[],"description":"Medication / Vitamins","extId":20854,"fullDescription":null,"level":4,"metaCanonical":null,"metaDescription":null,"metaKeywords":null,"metaPageTitle":null,"metaRobots":null,"path":"/shop/fish/food/medication_and_vitamins","pictureFile":null,"specials":[],"title":"Medication / Vitamins","type":"ANIMAL","whitespaceAfter":0,"highlighted":false,"active":false}],"description":"Fish Food","extId":20823,"fullDescription":null,"level":3,"metaCanonical":null,"metaDescription":null,"metaKeywords":null,"metaPageTitle":null,"metaRobots":null,"path":"/shop/fish/food","pictureFile":"iStock514643304_1.jpg","specials":[],"title":"Fish Food","type":"ANIMAL","whitespaceAfter":0,"highlighted":false,"active":false},{"animalType":"FISH","children":[{"animalType":"FISH","children":[],"description":"Water Conditioners","extId":20856,"fullDescription":null,"level":4,"metaCanonical":null,"metaDescription":null,"metaKeywords":null,"metaPageTitle":null,"metaRobots":null,"path":"/shop/fish/water_and_plant_care/water_conditioner","pictureFile":null,"specials":[],"title":"Water Conditioners","type":"ANIMAL","whitespaceAfter":0,"highlighted":false,"active":false},{"animalType":"FISH","children":[],"description":"Water Care","extId":20862,"fullDescription":null,"level":4,"metaCanonical":null,"metaDescription":null,"metaKeywords":null,"metaPageTitle":null,"metaRobots":null,"path":"/shop/fish/water_and_plant_care/water_care","pictureFile":null,"specials":[],"title":"Water Care","type":"ANIMAL","whitespaceAfter":0,"highlighted":false,"active":false},{"animalType":"FISH","children":[],"description":"Algae Control","extId":20867,"fullDescription":null,"level":4,"metaCanonical":null,"metaDescription":null,"metaKeywords":null,"metaPageTitle":null,"metaRobots":null,"path":"/shop/fish/water_and_plant_care/algae_combat","pictureFile":null,"specials":[],"title":"Algae Control","type":"ANIMAL","whitespaceAfter":0,"highlighted":false,"active":false},{"animalType":"FISH","children":[],"description":"Cleaning \u0026 Accessories","extId":20873,"fullDescription":null,"level":4,"metaCanonical":null,"metaDescription":null,"metaKeywords":null,"metaPageTitle":null,"metaRobots":null,"path":"/shop/fish/water_and_plant_care/cleaning_equipment","pictureFile":null,"specials":[],"title":"Cleaning \u0026 Accessories","type":"ANIMAL","whitespaceAfter":0,"highlighted":false,"active":false},{"animalType":"FISH","children":[],"description":"Tetra Water Care","extId":20886,"fullDescription":null,"level":4,"metaCanonical":null,"metaDescription":null,"metaKeywords":null,"metaPageTitle":null,"metaRobots":null,"path":"/shop/fish/water_and_plant_care/tetra_water_care","pictureFile":null,"specials":[],"title":"Tetra Water Care","type":"ANIMAL","whitespaceAfter":0,"highlighted":false,"active":false}],"description":"Water Care","extId":20855,"fullDescription":null,"level":3,"metaCanonical":null,"metaDescription":null,"metaKeywords":null,"metaPageTitle":null,"metaRobots":null,"path":"/shop/fish/water_and_plant_care","pictureFile":"wasserpflege_1000x1000_1.jpg","specials":[],"title":"Water Care","type":"ANIMAL","whitespaceAfter":0,"highlighted":false,"active":false},{"animalType":"FISH","children":[],"description":"Garden Pond","extId":20980,"fullDescription":null,"level":3,"metaCanonical":null,"metaDescription":null,"metaKeywords":null,"metaPageTitle":null,"metaRobots":null,"path":"/shop/fish/pond","pictureFile":"fotolia_104115261_ret_1.jpg","specials":[],"title":"Garden Pond","type":"ANIMAL","whitespaceAfter":0,"highlighted":false,"active":false}],"description":"Aquarium and Pond Supplies","extId":20822,"fullDescription":null,"level":2,"metaCanonical":null,"metaDescription":null,"metaKeywords":null,"metaPageTitle":null,"metaRobots":null,"path":"/shop/fish","pictureFile":"Fish_SeawaterAquarium_1000x1000px_1.jpg","specials":[],"title":"Aquatic","type":"ANIMAL","whitespaceAfter":0,"highlighted":false,"active":false},{"animalType":"REPTILES","children":[{"animalType":"REPTILES","children":[{"animalType":"REPTILES","children":[],"description":"Concept for Life Vet Diet Dog Food","extId":347832,"fullDescription":null,"level":4,"metaCanonical":null,"metaDescription":null,"metaKeywords":null,"metaPageTitle":null,"metaRobots":null,"path":"/shop/veterinary_food/dog_vet_food/concept_for_life_veterinary_dog","pictureFile":null,"specials":[],"title":"Concept for Life Veterinary Diet","type":"ANIMAL","whitespaceAfter":0,"highlighted":false,"active":false},{"animalType":"REPTILES","children":[],"description":"Hill's Prescription Diet Canine","extId":150559,"fullDescription":null,"level":4,"metaCanonical":null,"metaDescription":null,"metaKeywords":null,"metaPageTitle":null,"metaRobots":null,"path":"/shop/veterinary_food/dog_vet_food/hills_prescription_food","pictureFile":null,"specials":[],"title":"Hill's Prescription Diet Canine","type":"ANIMAL","whitespaceAfter":0,"highlighted":false,"active":false},{"animalType":"REPTILES","children":[],"description":"Integra Protect Dog Food","extId":176753,"fullDescription":null,"level":4,"metaCanonical":null,"metaDescription":null,"metaKeywords":null,"metaPageTitle":null,"metaRobots":null,"path":"/shop/veterinary_food/dog_vet_food/integra_protect_vet_food","pictureFile":null,"specials":[],"title":"Integra Protect","type":"ANIMAL","whitespaceAfter":0,"highlighted":false,"active":false},{"animalType":"REPTILES","children":[],"description":"Purina Veterinary Diet Dog Food","extId":150614,"fullDescription":null,"level":4,"metaCanonical":null,"metaDescription":null,"metaKeywords":null,"metaPageTitle":null,"metaRobots":null,"path":"/shop/veterinary_food/dog_vet_food/purina_vet_food","pictureFile":null,"specials":[],"title":"Purina Veterinary Diet","type":"ANIMAL","whitespaceAfter":0,"highlighted":false,"active":false},{"animalType":"REPTILES","children":[],"description":"Royal Canin Veterinary Diet","extId":150557,"fullDescription":null,"level":4,"metaCanonical":null,"metaDescription":null,"metaKeywords":null,"metaPageTitle":null,"metaRobots":null,"path":"/shop/veterinary_food/dog_vet_food/royal_canin_veterinary_food","pictureFile":null,"specials":[],"title":"Royal Canin Veterinary Diet","type":"ANIMAL","whitespaceAfter":0,"highlighted":false,"active":false},{"animalType":"REPTILES","children":[],"description":"Rocco Diet Care Dog Food","extId":348734,"fullDescription":null,"level":4,"metaCanonical":null,"metaDescription":null,"metaKeywords":null,"metaPageTitle":null,"metaRobots":null,"path":"/shop/veterinary_food/dog_vet_food/rocco_diet_care","pictureFile":null,"specials":[],"title":"Rocco Diet Care","type":"ANIMAL","whitespaceAfter":0,"highlighted":false,"active":false},{"animalType":"REPTILES","children":[],"description":"Virbac VetComplex Dog Food","extId":150611,"fullDescription":null,"level":4,"metaCanonical":null,"metaDescription":null,"metaKeywords":null,"metaPageTitle":null,"metaRobots":null,"path":"/shop/veterinary_food/dog_vet_food/virbac_vet_food","pictureFile":null,"specials":[],"title":"Virbac VetComplex","type":"ANIMAL","whitespaceAfter":0,"highlighted":false,"active":false}],"description":"Dog Vet Food \u0026 Specialist Food","extId":150056,"fullDescription":null,"level":3,"metaCanonical":null,"metaDescription":null,"metaKeywords":null,"metaPageTitle":null,"metaRobots":null,"path":"/shop/veterinary_food/dog_vet_food","pictureFile":"2018_03_VET_Dog_1000x1000_DE_6.jpg","specials":[],"title":"Dog Vet Food \u0026 Specialist Food","type":"ANIMAL","whitespaceAfter":0,"highlighted":false,"active":false},{"animalType":"REPTILES","children":[{"animalType":"REPTILES","children":[],"description":"Hill's Prescription Diet Feline","extId":150691,"fullDescription":null,"level":4,"metaCanonical":null,"metaDescription":null,"metaKeywords":null,"metaPageTitle":null,"metaRobots":null,"path":"/shop/veterinary_food/cat_vet_food/hills_prescription_food","pictureFile":null,"specials":[],"title":"Hill's Prescription Diet","type":"ANIMAL","whitespaceAfter":0,"highlighted":false,"active":false},{"animalType":"REPTILES","children":[],"description":"Royal Canin Veterinary","extId":150692,"fullDescription":null,"level":4,"metaCanonical":null,"metaDescription":null,"metaKeywords":null,"metaPageTitle":null,"metaRobots":null,"path":"/shop/veterinary_food/cat_vet_food/royal_canin_feline_vet_food","pictureFile":null,"specials":[],"title":"Royal Canin Veterinary","type":"ANIMAL","whitespaceAfter":0,"highlighted":false,"active":false},{"animalType":"REPTILES","children":[],"description":"Purina Veterinary Diets","extId":257629,"fullDescription":null,"level":4,"metaCanonical":null,"metaDescription":null,"metaKeywords":null,"metaPageTitle":null,"metaRobots":null,"path":"/shop/veterinary_food/cat_vet_food/purina_veterinary_diets","pictureFile":null,"specials":[],"title":"Purina Veterinary Diets","type":"ANIMAL","whitespaceAfter":0,"highlighted":false,"active":false},{"animalType":"REPTILES","children":[],"description":"beaphar Special Cat Diet","extId":177576,"fullDescription":null,"level":4,"metaCanonical":null,"metaDescription":null,"metaKeywords":null,"metaPageTitle":null,"metaRobots":null,"path":"/shop/veterinary_food/cat_vet_food/beaphar","pictureFile":null,"specials":[],"title":"beaphar Special Diet","type":"ANIMAL","whitespaceAfter":0,"highlighted":false,"active":false},{"animalType":"REPTILES","children":[],"description":"Concept for Life Vet Diet Cat Food","extId":340116,"fullDescription":null,"level":4,"metaCanonical":null,"metaDescription":null,"metaKeywords":null,"metaPageTitle":null,"metaRobots":null,"path":"/shop/veterinary_food/cat_vet_food/concept_life_life_veterinary_cat","pictureFile":null,"specials":[],"title":"Concept for Life Veterinary Diet ","type":"ANIMAL","whitespaceAfter":0,"highlighted":false,"active":false},{"animalType":"REPTILES","children":[],"description":"Integra Protect Cat Food","extId":150693,"fullDescription":null,"level":4,"metaCanonical":null,"metaDescription":null,"metaKeywords":null,"metaPageTitle":null,"metaRobots":null,"path":"/shop/veterinary_food/cat_vet_food/integra_vet_food","pictureFile":null,"specials":[],"title":"Integra Protect","type":"ANIMAL","whitespaceAfter":0,"highlighted":false,"active":false},{"animalType":"REPTILES","children":[],"description":"Virbac VetComplex Cat Food","extId":150695,"fullDescription":null,"level":4,"metaCanonical":null,"metaDescription":null,"metaKeywords":null,"metaPageTitle":null,"metaRobots":null,"path":"/shop/veterinary_food/cat_vet_food/virbac_vet_food","pictureFile":null,"specials":[],"title":"Virbac VetComplex","type":"ANIMAL","whitespaceAfter":0,"highlighted":false,"active":false},{"animalType":"REPTILES","children":[],"description":"Smilla Veterinary Diet Cat Food","extId":350117,"fullDescription":null,"level":4,"metaCanonical":null,"metaDescription":null,"metaKeywords":null,"metaPageTitle":null,"metaRobots":null,"path":"/shop/veterinary_food/cat_vet_food/smilla_vet_diet","pictureFile":null,"specials":[],"title":"Smilla Veterinary Diet","type":"ANIMAL","whitespaceAfter":0,"highlighted":false,"active":false}],"description":"Cat Vet Food \u0026 Specialist Food","extId":150089,"fullDescription":null,"level":3,"metaCanonical":null,"metaDescription":null,"metaKeywords":null,"metaPageTitle":null,"metaRobots":null,"path":"/shop/veterinary_food/cat_vet_food","pictureFile":"2018_03_VET_Cat_1000x1000_DE_5.jpg","specials":[],"title":"Cat Vet Food \u0026 Specialist Food","type":"ANIMAL","whitespaceAfter":0,"highlighted":false,"active":false},{"animalType":"REPTILES","children":[],"description":"Shop by Ailment","extId":333036,"fullDescription":null,"level":3,"metaCanonical":null,"metaDescription":null,"metaKeywords":null,"metaPageTitle":null,"metaRobots":null,"path":"/shop/veterinary_food/ailments","pictureFile":"Daily_Question_1000x1000_1.jpg","specials":[],"title":"Ailments","type":"ANIMAL","whitespaceAfter":0,"highlighted":false,"active":false}],"description":"Veterinary Food and Specialist Food","extId":150052,"fullDescription":null,"level":2,"metaCanonical":null,"metaDescription":null,"metaKeywords":null,"metaPageTitle":null,"metaRobots":null,"path":"/shop/veterinary_food","pictureFile":"DryFood_VET_1000x1000_1.jpg","specials":[],"title":"+ Vet","type":"ANIMAL","whitespaceAfter":0,"highlighted":false,"active":false},{"animalType":null,"children":[{"animalType":null,"children":[],"description":"Applaws Pet Food","extId":106520,"fullDescription":null,"level":3,"metaCanonical":null,"metaDescription":null,"metaKeywords":null,"metaPageTitle":null,"metaRobots":null,"path":"/shop/top_brands/applaws","pictureFile":"logo_Applaws_1000x1000_1_1.jpg","specials":[],"title":"Applaws","type":null,"whitespaceAfter":0,"highlighted":false,"active":false},{"animalType":null,"children":[],"description":"Burns Pet Food","extId":106945,"fullDescription":null,"level":3,"metaCanonical":null,"metaDescription":null,"metaKeywords":null,"metaPageTitle":null,"metaRobots":null,"path":"/shop/top_brands/burns","pictureFile":"logo_Burns_1000x1000_1.jpg","specials":[],"title":"Burns","type":null,"whitespaceAfter":0,"highlighted":false,"active":false},{"animalType":null,"children":[],"description":"Concept for Life Pet Food","extId":306514,"fullDescription":null,"level":3,"metaCanonical":null,"metaDescription":null,"metaKeywords":null,"metaPageTitle":null,"metaRobots":null,"path":"/shop/top_brands/concept_for_life_range","pictureFile":"logo_CFL_1000x1000_2.jpg","specials":[],"title":"Concept for Life","type":null,"whitespaceAfter":0,"highlighted":false,"active":false},{"animalType":null,"children":[],"description":"Encore Pet Food","extId":323563,"fullDescription":null,"level":3,"metaCanonical":null,"metaDescription":null,"metaKeywords":null,"metaPageTitle":null,"metaRobots":null,"path":"/shop/top_brands/encore","pictureFile":"logo_Encore_1000x1000_1.jpg","specials":[],"title":"Encore","type":null,"whitespaceAfter":0,"highlighted":false,"active":false},{"animalType":null,"children":[],"description":"Eukanuba Pet Food","extId":128218,"fullDescription":null,"level":3,"metaCanonical":null,"metaDescription":null,"metaKeywords":null,"metaPageTitle":null,"metaRobots":null,"path":"/shop/top_brands/eukanuba","pictureFile":"logo_Eukanuba_1000x1000_7.jpg","specials":[],"title":"Eukanuba","type":null,"whitespaceAfter":0,"highlighted":false,"active":false},{"animalType":null,"children":[],"description":"Felix Cat Food","extId":179925,"fullDescription":null,"level":3,"metaCanonical":null,"metaDescription":null,"metaKeywords":null,"metaPageTitle":null,"metaRobots":null,"path":"/shop/top_brands/felix","pictureFile":"logo_Felix_1000x1000_8.jpg","specials":[],"title":"Felix","type":null,"whitespaceAfter":0,"highlighted":false,"active":false},{"animalType":null,"children":[],"description":"Furminator Deshedding Tools","extId":295552,"fullDescription":null,"level":3,"metaCanonical":null,"metaDescription":null,"metaKeywords":null,"metaPageTitle":null,"metaRobots":null,"path":"/shop/top_brands/furminator","pictureFile":"logo_Furminator_1000x1000_1_1.jpg","specials":[],"title":"Furminator","type":null,"whitespaceAfter":0,"highlighted":false,"active":false},{"animalType":null,"children":[],"description":"Hill's Science Plan","extId":107015,"fullDescription":null,"level":3,"metaCanonical":null,"metaDescription":null,"metaKeywords":null,"metaPageTitle":null,"metaRobots":null,"path":"/shop/top_brands/hills","pictureFile":"logo_Hills_1000x1000_3.jpg","specials":[],"title":"Hill's Science Plan","type":null,"whitespaceAfter":0,"highlighted":false,"active":false},{"animalType":null,"children":[],"description":"Hill's Prescription Diet Pet Food","extId":269593,"fullDescription":null,"level":3,"metaCanonical":null,"metaDescription":null,"metaKeywords":null,"metaPageTitle":null,"metaRobots":null,"path":"/shop/top_brands/hills_prescription_diet","pictureFile":"logo_HillsPrescriptionDiet_1000x1000_5.jpg","specials":[],"title":"Hill's Prescription Diet","type":null,"whitespaceAfter":0,"highlighted":false,"active":false},{"animalType":null,"children":[],"description":"IAMS Pet Food","extId":128207,"fullDescription":null,"level":3,"metaCanonical":null,"metaDescription":null,"metaKeywords":null,"metaPageTitle":null,"metaRobots":null,"path":"/shop/top_brands/iams","pictureFile":"logo_Iams_1000x1000_7.jpg","specials":[],"title":"IAMS","type":null,"whitespaceAfter":0,"highlighted":false,"active":false},{"animalType":null,"children":[],"description":"Lukullus Pet Food","extId":563179,"fullDescription":null,"level":3,"metaCanonical":null,"metaDescription":null,"metaKeywords":null,"metaPageTitle":null,"metaRobots":null,"path":"/shop/top_brands/lukullus","pictureFile":"logo_Lukullus_1000x1000_2.jpg","specials":[],"title":"Lukullus","type":null,"whitespaceAfter":0,"highlighted":false,"active":false},{"animalType":null,"children":[],"description":"Pedigree Dog Food","extId":255012,"fullDescription":null,"level":3,"metaCanonical":null,"metaDescription":null,"metaKeywords":null,"metaPageTitle":null,"metaRobots":null,"path":"/shop/top_brands/pedigree","pictureFile":"logo_Pedigree_1000x1000_4.jpg","specials":[],"title":"Pedigree","type":null,"whitespaceAfter":0,"highlighted":false,"active":false},{"animalType":null,"children":[],"description":"Porta 21 Cat Food","extId":128204,"fullDescription":null,"level":3,"metaCanonical":null,"metaDescription":null,"metaKeywords":null,"metaPageTitle":null,"metaRobots":null,"path":"/shop/top_brands/porta_21_cat_food","pictureFile":"logo_Porta21_1000x1000_4.jpg","specials":[],"title":"Porta 21","type":null,"whitespaceAfter":0,"highlighted":false,"active":false},{"animalType":null,"children":[],"description":"Rebel Belle","extId":532319,"fullDescription":null,"level":3,"metaCanonical":null,"metaDescription":null,"metaKeywords":null,"metaPageTitle":null,"metaRobots":null,"path":"/shop/top_brands/rebelbelle","pictureFile":"RebelBelle_Header_Logo_1000x1000_INT_1.jpg","specials":[],"title":"Rebel Belle","type":null,"whitespaceAfter":0,"highlighted":false,"active":false},{"animalType":null,"children":[],"description":"Rosie's Farm","extId":538927,"fullDescription":null,"level":3,"metaCanonical":null,"metaDescription":null,"metaKeywords":null,"metaPageTitle":null,"metaRobots":null,"path":"/shop/top_brands/rosies_farm","pictureFile":"logo_RosiesFarm_1000x1000_1.jpg","specials":[],"title":"Rosie's Farm","type":null,"whitespaceAfter":0,"highlighted":false,"active":false},{"animalType":null,"children":[],"description":"Royal Canin Pet Food","extId":106951,"fullDescription":null,"level":3,"metaCanonical":null,"metaDescription":null,"metaKeywords":null,"metaPageTitle":null,"metaRobots":null,"path":"/shop/top_brands/royal_canin","pictureFile":"logo_RoyalCanin_1000x1000_7.jpg","specials":[],"title":"Royal Canin","type":null,"whitespaceAfter":0,"highlighted":false,"active":false},{"animalType":null,"children":[],"description":"Royal Canin Veterinary Pet Food","extId":255119,"fullDescription":null,"level":3,"metaCanonical":null,"metaDescription":null,"metaKeywords":null,"metaPageTitle":null,"metaRobots":null,"path":"/shop/top_brands/royal_canin_veterinary_diet","pictureFile":"logo_RC_VeterinaryDiet_1000x1000_5.jpg","specials":[],"title":"Royal Canin Veterinary","type":null,"whitespaceAfter":0,"highlighted":false,"active":false},{"animalType":null,"children":[],"description":"Simpsons Premium Dog Food","extId":249980,"fullDescription":null,"level":3,"metaCanonical":null,"metaDescription":null,"metaKeywords":null,"metaPageTitle":null,"metaRobots":null,"path":"/shop/top_brands/simpsons_premium_dog","pictureFile":"logo_Simpsons_1000x1000_2.jpg","specials":[],"title":"Simpsons Premium","type":null,"whitespaceAfter":0,"highlighted":false,"active":false},{"animalType":null,"children":[],"description":"Taste of the Wild","extId":264001,"fullDescription":null,"level":3,"metaCanonical":null,"metaDescription":null,"metaKeywords":null,"metaPageTitle":null,"metaRobots":null,"path":"/shop/top_brands/taste_of_the_wild","pictureFile":"logo_TasteOfTheWild_1000x1000_1_1.jpg","specials":[],"title":"Taste of the Wild","type":null,"whitespaceAfter":0,"highlighted":false,"active":false},{"animalType":null,"children":[],"description":"Whiskas","extId":255122,"fullDescription":null,"level":3,"metaCanonical":null,"metaDescription":null,"metaKeywords":null,"metaPageTitle":null,"metaRobots":null,"path":"/shop/top_brands/whiskas","pictureFile":"logo_Whiskas_1000x1000_4.jpg","specials":[],"title":"Whiskas","type":null,"whitespaceAfter":0,"highlighted":false,"active":false},{"animalType":null,"children":[],"description":"Wolf of Wilderness Dog Food","extId":282627,"fullDescription":null,"level":3,"metaCanonical":null,"metaDescription":null,"metaKeywords":null,"metaPageTitle":null,"metaRobots":null,"path":"/shop/top_brands/wolf_of_wilderness","pictureFile":"logo_Wolf_of_Wilderness_1000x1000_3.jpg","specials":[],"title":"Wolf of Wilderness","type":null,"whitespaceAfter":0,"highlighted":false,"active":false}],"description":"Shop by Brand for Pet Food \u0026 Accessories","extId":106289,"fullDescription":null,"level":2,"metaCanonical":null,"metaDescription":null,"metaKeywords":null,"metaPageTitle":null,"metaRobots":null,"path":"/shop/top_brands","pictureFile":"Favorits_General_1000x1000_1.jpg","specials":[],"title":"Top Brands","type":"BRANDS","whitespaceAfter":0,"highlighted":false,"active":false},{"animalType":null,"children":[{"animalType":null,"children":[],"description":"September Food Offers","extId":298011,"fullDescription":null,"level":3,"metaCanonical":null,"metaDescription":null,"metaKeywords":null,"metaPageTitle":null,"metaRobots":null,"path":"/shop/pet_supplies_specials/food_offers_ie","pictureFile":"General_Offers_ALL_1000x1000_5.jpg","specials":[],"title":"September Food Offers","type":null,"whitespaceAfter":0,"highlighted":false,"active":false},{"animalType":null,"children":[],"description":"New Products","extId":230215,"fullDescription":null,"level":3,"metaCanonical":null,"metaDescription":null,"metaKeywords":null,"metaPageTitle":null,"metaRobots":null,"path":"/shop/pet_supplies_specials/new_products","pictureFile":"NewProducts_1000x1000_IE_1.jpg","specials":[],"title":"New Products","type":null,"whitespaceAfter":0,"highlighted":false,"active":false},{"animalType":null,"children":[],"description":"Trial Packs","extId":299487,"fullDescription":null,"level":3,"metaCanonical":null,"metaDescription":null,"metaKeywords":null,"metaPageTitle":null,"metaRobots":null,"path":"/shop/pet_supplies_specials/trial_packs","pictureFile":"Trialpacks_General_1000x1000_3.jpg","specials":[],"title":"Trial Packs","type":null,"whitespaceAfter":0,"highlighted":false,"active":false},{"animalType":null,"children":[],"description":"Clearance Sale","extId":41142,"fullDescription":null,"level":3,"metaCanonical":null,"metaDescription":null,"metaKeywords":null,"metaPageTitle":null,"metaRobots":null,"path":"/shop/pet_supplies_specials/clearance","pictureFile":"Clearance_General_1000x1000_4.jpg","specials":[],"title":"Clearance Sale","type":null,"whitespaceAfter":0,"highlighted":true,"active":false},{"animalType":null,"children":[],"description":"Seasonal Specials","extId":22367,"fullDescription":null,"level":3,"metaCanonical":null,"metaDescription":null,"metaKeywords":null,"metaPageTitle":null,"metaRobots":null,"path":"/shop/pet_supplies_specials/pet_supplies_seasonal","pictureFile":"Seasonal_Offers_Spring_1000x1000_1.jpg","specials":[],"title":"Seasonal Specials","type":null,"whitespaceAfter":0,"highlighted":false,"active":false},{"animalType":null,"children":[],"description":"Working / Active Dogs","extId":253343,"fullDescription":null,"level":3,"metaCanonical":null,"metaDescription":null,"metaKeywords":null,"metaPageTitle":null,"metaRobots":null,"path":"/shop/pet_supplies_specials/working_dogs","pictureFile":"Dog_Dryfood_1000x1000_PT_1.jpg","specials":[],"title":"Working / Active Dogs","type":null,"whitespaceAfter":0,"highlighted":false,"active":false},{"animalType":null,"children":[],"description":"Summer ","extId":671565,"fullDescription":null,"level":3,"metaCanonical":null,"metaDescription":null,"metaKeywords":null,"metaPageTitle":null,"metaRobots":null,"path":"/shop/pet_supplies_specials/summer","pictureFile":"Summer_WetFood_App_PictureID_1000x1000_INT_1.jpg","specials":[],"title":"Summer","type":null,"whitespaceAfter":0,"highlighted":false,"active":false}],"description":"Pet supplies at their very best for you!","extId":22366,"fullDescription":null,"level":2,"metaCanonical":null,"metaDescription":null,"metaKeywords":null,"metaPageTitle":null,"metaRobots":null,"path":"/shop/pet_supplies_specials","pictureFile":"General_Offers_ALL_1000x1000_1.jpg","specials":[{"animalType":"DOGS","children":[],"description":"Special Offers:Dog Supplies \u0026Accessories","extId":22419,"fullDescription":null,"level":4,"metaCanonical":null,"metaDescription":null,"metaKeywords":null,"metaPageTitle":null,"metaRobots":null,"path":"/specials/dogs/special_offers/food/34575","pictureFile":"Dog_Seasonal_1000x1000_2.jpg","specials":[],"title":"Dog","type":"SPECIAL_OFFERS","whitespaceAfter":0,"highlighted":false,"active":false},{"animalType":"CATS","children":[],"description":"Special Offers: Cat Food \u0026 Supplies","extId":22420,"fullDescription":null,"level":4,"metaCanonical":null,"metaDescription":null,"metaKeywords":null,"metaPageTitle":null,"metaRobots":null,"path":"/specials/cats/special_offers/food/34878","pictureFile":"Cat_Seasonal_1000x1000_2.jpg","specials":[],"title":"Cat","type":"SPECIAL_OFFERS","whitespaceAfter":0,"highlighted":false,"active":false},{"animalType":"RODENTS","children":[],"description":"Special Offer: Small Pet Food \u0026 Supplies","extId":22424,"fullDescription":null,"level":4,"metaCanonical":null,"metaDescription":null,"metaKeywords":null,"metaPageTitle":null,"metaRobots":null,"path":"/specials/rodents/special_offers/cages_and_pens/34886","pictureFile":"General_Offers_S_1000x1000_2.jpg","specials":[],"title":"Small Pet","type":"SPECIAL_OFFERS","whitespaceAfter":0,"highlighted":false,"active":false},{"animalType":"BIRDS","children":[],"description":"Bird Supplies \u0026 Accessories","extId":22426,"fullDescription":null,"level":4,"metaCanonical":null,"metaDescription":null,"metaKeywords":null,"metaPageTitle":null,"metaRobots":null,"path":"/specials/birds/special_offers/cages/34900","pictureFile":"General_Offers_B_1000x1000_2.jpg","specials":[],"title":"Bird","type":"SPECIAL_OFFERS","whitespaceAfter":0,"highlighted":false,"active":false}],"title":"Special Offers ","type":"OFFERS","whitespaceAfter":0,"highlighted":false,"active":false}],"translations":{"shop.header.search.autocomplete.title.suggestion":"Search suggestions for","shop.header.accessible.catalog.menu":"Menu","shop.header.search.autocomplete.title.products":"Products","shop.header.minicart.flyout.header":"Your Shopping Basket","shop.header.main.navigation.title":"zooplus main menu","shop.header.top.reorder":"Re-order","shop.header.top.help":"Contact us","shop.header.burger.navigation.shop.by":"Shop by","general.sponsored.products":"Sponsored","shop.header.minicart.flyout.empty.header":"Your Shopping Basket is empty :(","shop.header.accessible.account.menu":"my zooplus Menu","shop.header.minicart.flyout.total":"Total","shop.header.account.login":"Login","shop.header.search.label":"Search","shop.header.burger.navigation.all.products":"All categories","shop.header.account.reorder":"Re-order","shop.header.app.download.text":"Use app","shop.header.accessible.secure.payment.alternative":"Secure Payment SSL","shop.header.account.orderoverview":"My orders","shop.header.account.flyout.accessible.description":"Press ENTER to open \"my zooplus\" menu","shop.header.app.banner.subline":"Available in App Store","shop.header.search.placeholder":"Search the store","shop.header.account.salutation":"Welcome back","shop.header.account.bonusprogram":"Rewards","shop.header.burger.navigation.category":"Shop by Category","shop.header.cart.button.label":"Shopping Basket","shop.header.account.logout":"Logout","shop.header.accessible.logo.alternative":"zooplus logo","shop.header.main.navigation.category.accessible.button.label":"Open category menu","shop.header.minicart.flyout.empty.text":"There are no products in your shopping basket","shop.header.search.autocomplete.title.services":"Service","shop.header.search.autocomplete.separator":"» in","shop.header.accessible.search.menu":"Search Menu","shop.header.callcenter":"+44 1865 951301","shop.header.account.overview":"my zooplus","shop.header.app.banner.text":"The zooplus app","shop.header.account.customerId":"Customer Number","shop.header.multilanguage.accessible.text":"Change language to ${language}","shop.header.minicart.flyout.button":"Go to Basket","shop.header.top.account":"my zooplus","shop.header.categories.all.products.link":"View all"},"componentAvailable":true,"exorbyteId":"2643","exorbytePathKey":"2643_zooplus_com_15","helpLink":"/contact_us","bonuspointsAvailable":true,"multilanguage":false,"availableLanguages":null,"originalHost":"zooplus.com","securityIconsDataLoc":"{{service:header-security-icons}}/shop-header-logos/v1/zooplus.com/en-GB","shippingFeeDataLoc":"{{service:header-delivery-information}}/shop-header-delivery-information/v1/zooplus.com/en-GB","securityIconsURL":"https://content-bff.public.zooplus.net/shop-header-logos/v1/zooplus.com/en-GB","shippingFeeURL":"https://content-bff.public.zooplus.net/shop-header-delivery-information/v1/zooplus.com/en-GB","discountBannerURL":"https://content-bff.public.zooplus.net/discount-banner/v1/zooplus.com/en-GB/main","hoppsSearchEnabled":true,"hoppsSearchUrl":"/hopps-search/api/v1/sites/2/en/suggest","mediaServerURL":"https://cdn-prod.shphdrp.ext.aws.zooplus.io/3.25.0","vendorAssetsURL":"https://cdn.public.zooplus.net","iosAppId":"582639260","androidApp":{"id":"de.zooplus","rating":4.9,"showAgainInDays":30},"searchFlyoutOpen":true,"appIconUri":"//media.mediazs.com/bilder/1/zooplusappicon108pxradius_1.png","smartAppBannerV2Enabled":true,"uiEnhancementsSHOP10258Enabled":true,"uiEnhancementsSHOP10527Enabled":true,"appBannerAndroidDisabled":true,"searchFlyoutSponsoredTagEnabled":true,"headerVersion":"3.25.0","selectedTheme":"zooplus2024","isNextJS":true,"pageWidth":"narrow"},"footerProps":{"stage":"prod","locale":"en-GB","domain":"zooplus.com","footerModel":{"metadata":{"id":"79iKLUC6aCjw7CEtK6FkDB","contentType":"shopFooter"},"legalDisclaimer":"\u003cp\u003e*RRP= Recommended Retail Price \u003ca href=\"https://www.zooplus.com/info/about/shippingcosts\" class=\"v3-link\"\u003e** Conditions apply\u003c/a\u003e\u003c/p\u003e","legalLinks":[{"metadata":{"id":"5xG9QzE5J5KS0GQgm84lwS","contentType":"linkItem"},"linkText":"About Us","targetLink":"https://www.zooplus.com/info/about/zooplus"},{"metadata":{"id":"utknhgEcOYKep82swNMTu","contentType":"linkItem"},"linkText":"Careers","targetLink":"https://careers.zooplus.com/"},{"metadata":{"id":"2s3zrsRB7HDS37Af4NHUJS","contentType":"linkItem"},"linkText":"Corporate Website","targetLink":"https://corporate.zooplus.com/en/"},{"metadata":{"id":"3qHe0mF9TKB0Dpq8Bw47ly","contentType":"linkItem"},"linkText":"Imprint","targetLink":"https://www.zooplus.com/info/legal/imprint"},{"metadata":{"id":"BdyXoPxCvJQGIvde0klIq","contentType":"linkItem"},"linkText":"Terms \u0026 Conditions","targetLink":"https://www.zooplus.com/info/legal/terms"},{"metadata":{"id":"fjI40wWG3AQFGg2itCIpD","contentType":"linkItem"},"linkText":"DSA","targetLink":"https://www.zooplus.com/info/legal/DSA"},{"metadata":{"id":"5eapYb5jFSabxpslbSoetp","contentType":"linkItem"},"linkText":"Withdrawal Form","targetLink":"https://media.mediazs.com/bilder/1/WithdrawalzCOM13072022_1.pdf"},{"metadata":{"id":"42IBoR7ohuyK4Hp6cd23Q7","contentType":"linkItem"},"linkText":"Methods of Payment","targetLink":"https://www.zooplus.com/info/legal/terms#8.-payment-methods,-invoices-and-credit-notes"},{"metadata":{"id":"VLWiZhvHBmPH9f6etzh1s","contentType":"linkItem"},"linkText":"WEEE","targetLink":"https://www.zooplus.com/info/legal/disposal"},{"metadata":{"id":"7hOnFFqb38wR9dwghoGG3N","contentType":"linkItem"},"linkText":"Privacy","targetLink":"https://www.zooplus.com/info/legal/privacy"}],"footerPurchaseDetails":{"metadata":{"id":"33CGugedBMdt46CIpkQIrb","contentType":"footerPurchaseDetails"},"paymentOptionsHeadline":"Methods of Payment","paymentOptionsImages":[{"metadata":{"id":"4gRWOrUA3VzJIYYUeRyjNP","contentType":"logoImage"},"altText":"Visa","image":"//images.ctfassets.net/qp85kbzn8noe/4KDAn1ce6FiVUmL3xuzRmt/796905281ae70f7502b353d0304aa809/visa_3x.png","targetLink":"https://www.zooplus.com/info/legal/terms#8-payment-methods-invoices-and-vouchers"},{"metadata":{"id":"3LitH6u8MVKDi4f5BvKhtX","contentType":"logoImage"},"altText":"Mastercard","image":"//images.ctfassets.net/qp85kbzn8noe/3UBy7RWlXxP36xnioV9z4a/471e142676f9c2b54e9c38bdb260bb99/mastercard_3x.png","targetLink":"https://www.zooplus.com/info/legal/terms#8-payment-methods-invoices-and-vouchers"},{"metadata":{"id":"53kv56QKQqhWQFefBeAVSp","contentType":"logoImage"},"altText":"American Express","image":"//images.ctfassets.net/qp85kbzn8noe/3pGqPgMr2RCQQo5ENswOQv/44067c1d18218061bc76e32d42525329/amex_3x.png","targetLink":"https://www.zooplus.com/info/legal/terms#8-payment-methods-invoices-and-vouchers"},{"metadata":{"id":"6EyvB2vBhLKm6hXDY2gnJu","contentType":"logoImage"},"altText":"PayPal","image":"//images.ctfassets.net/qp85kbzn8noe/7fC7f7ufg0yzXRLw1dMXmg/6926287bef534a6cb420346d8fe21f33/paypal_3x.png","targetLink":"https://www.zooplus.com/info/legal/terms#8-payment-methods-invoices-and-vouchers"},{"metadata":{"id":"394YfcDYMCEas8gLsjY0Ji","contentType":"logoImage"},"altText":"Apple Pay","image":"//images.ctfassets.net/qp85kbzn8noe/2nVYT5pI2XCJVoBkJ4zhC5/cb42173787468db92d50964c98c78154/Apple_Pay_3x.png","targetLink":"https://www.zooplus.com/info/legal/terms#8-payment-methods-invoices-and-vouchers"},{"metadata":{"id":"67DHSndJM1cxJxqkFtX6Ix","contentType":"linkItem"},"linkText":"Bank Transfer","targetLink":"https://www.zooplus.com/info/legal/terms#8-payment-methods-invoices-and-vouchers"}],"shippingOptionsHeadline":"Delivery","shippingOptionsImages":[{"metadata":{"id":"3504ZRwEd8BP1bOekPSKWI","contentType":"logoImage"},"altText":"Free Delivery from €49 **","image":"//images.ctfassets.net/qp85kbzn8noe/3eagfi6Vxeb9tnnmlcPZpw/bf5d402a42a51061afd33228c5dd7f98/Free_Del.jpg","targetLink":null}],"securePaymentHeadline":null,"securePaymentImages":[{"metadata":{"id":"1q8Cu180wJBGWnJprDni9c","contentType":"shopHeaderLogo"},"image":"//images.ctfassets.net/qp85kbzn8noe/6fvRttZ0KyJ0Z9LBiE86yz/df0d4ff0a2f6f928ced7a602a58c6773/Encryption_3x.png","targetLink":"https://www.zooplus.com/info/about/security"}]},"footerNewsletterBanner":{"metadata":{"id":"d94cwm8UvGmKlhyCkTZBC","contentType":"footerNewsletterBanner"},"newsletterHeadline":"Do not miss out on personalised offers, discounts and coupons!","bonusPointsNumber":24,"bonusPointsText":"years in business celebrating pet love","petListPlaceholder":"Please select pet type","petList":[{"metadata":{"id":"aNyGoYrWALIVzgjSAbPyN","contentType":"petItem"},"pet":"DOG","petName":"Dogs"},{"metadata":{"id":"69cUkH7iksXf49dj5sNYVY","contentType":"petItem"},"pet":"CAT","petName":"Cats"},{"metadata":{"id":"42sYROzoglHPzWzzcJw6wq","contentType":"petItem"},"pet":"FISH","petName":"Fish"},{"metadata":{"id":"2fT5LOhErlFqAA6qByw6DS","contentType":"petItem"},"pet":"BIRD","petName":"Birds"},{"metadata":{"id":"1VlDxl6CaziN2p14pIUJHd","contentType":"petItem"},"pet":"SMALL_ANIMALS","petName":"Small Pets"}],"petSelectionButtonText":"Save","petErrorMessage":"Please choose the category of Newsletter you wish to receive.","emailInputPlaceholder":"Email address","emailErrorMessage":"Please enter a valid email address","subscriptionButtonText":"Subscribe","alreadySubscribedErrorMessage":"This email is already registered. Please login to change preferences.","genericSubscriptionErrorMessage":"An error occurred. Please try again later.","disclaimerText":"\u003cp\u003eYes, I want to subscribe to the newsletter and receive personalised, exclusive and current information about products, services, promotions, offers and discounts from zooplus via email and advertising partners. As a thank you, I will receive a welcome gift coupon code for 333 zooplus Loyalty Points, that I can redeem in the Rewards Shop. I have to confirm my subscription by email. After 48 hours I can receive a reminder. I can unsubscribe at any time via the unsubscribe link in every newsletter. I agree that my email address may be used for marketing purposes and may be passed on to our partners. I understand that I have the right to object to this at any time. More information can be found in our \u003ca href=\"https://www.zooplus.com/info/legal/privacy\" class=\"vundefined-link\"\u003ePrivacy Policy\u003c/a\u003e.\u0026nbsp;\u003c/p\u003e","confirmationHeadline":"Subscribe to our newsletter \u0026 get 333 zooPoints!","confirmationText":"\u003cp\u003e\u003cb\u003eProcessing... \u003c/b\u003eThe email address {userEmail} will be added to the distribution list for the newsletter(s) you have requested.\u003c/p\u003e\u003cp\u003e\u003cb\u003eOne last step!\u003c/b\u003e In order to confirm and activate your subscription, you will need to click on the link provided in the confirmation email. \u003c/p\u003e\u003cp\u003e\u003cb\u003ePlease note: You must click on the link in order to activate your subscription and claim your newsletter discount.\u003c/b\u003e\u003c/p\u003e\u003cp\u003eAfter this confirmation, you will receive the zooplus Newsletter regularly starting with the next issue.\u0026nbsp;\u003c/p\u003e","confirmationButtonText":"Close"},"footerInfoLinks":{"metadata":{"id":"3h9SwCU9oHSd2nn7sbFXgT","contentType":"footerInfoLinks"},"headline1":"Services","linkList1":[{"metadata":{"id":"6MvFMicVPSQpk4kT2Tuknb","contentType":"linkItem"},"linkText":"my zooplus","targetLink":"https://www.zooplus.com/account"},{"metadata":{"id":"SORkfv1z9Ixsu10835HKu","contentType":"linkItem"},"linkText":"Help","targetLink":"https://www.zooplus.com/contact_us"},{"metadata":{"id":"5Tdyb6tswBt09VGKAhY5zN","contentType":"linkItem"},"linkText":"Contact","targetLink":"https://www.zooplus.com/contact_us"},{"metadata":{"id":"67C4wVNE9SX4EFSdT2W1wS","contentType":"linkItem"},"linkText":"Shipping \u0026 Delivery","targetLink":"https://www.zooplus.com/info/about/shippingcosts"},{"metadata":{"id":"1VKfR9Y0Yhkb7k45tgIHjW","contentType":"linkItem"},"linkText":"Returns","targetLink":"https://www.zooplus.com/info/about/returns"}],"headline2":"Advantages","linkList2":[{"metadata":{"id":"6WhV3DiOkMVLOgkC0ZwHYU","contentType":"linkItem"},"linkText":"Loyalty Programme","targetLink":"https://www.zooplus.com/bonuspoints/overview"},{"metadata":{"id":"3VwYSVOZoDHOALNBaEjuk0","contentType":"linkItem"},"linkText":"Refer a Friend","targetLink":"https://www.zooplus.com/invitations/overview"},{"metadata":{"id":"2uaEllwvuRlHQ8zKFyPPcf","contentType":"linkItem"},"linkText":"Newsletter","targetLink":"https://www.zooplus.com/newsletter"},{"metadata":{"id":"6Z014HO8ZHHrKHANM2u29u","contentType":"linkItem"},"linkText":"zooplus Repeat","targetLink":"https://www.zooplus.com/info/about/subscription"}],"headline3":"Shopping","linkList3":[{"metadata":{"id":"7msDkWDwVGQjpN41xOfpML","contentType":"linkItem"},"linkText":"Special Offers","targetLink":"https://www.zooplus.com/shop/pet_supplies_specials"},{"metadata":{"id":"4Jglfo101FTMBC92hDTXYP","contentType":"linkItem"},"linkText":"Clearance Sale","targetLink":"https://www.zooplus.com/shop/pet_supplies_specials/clearance"},{"metadata":{"id":"5m7VdcTOptL5ijwbJx0DKv","contentType":"linkItem"},"linkText":"Seasonal Specials","targetLink":"https://www.zooplus.com/shop/pet_supplies_specials/pet_supplies_seasonal"}],"countrySelectorHeadline":"Choose your country","countries":[{"targetLink":"https://www.zoohit.cz/","countryName":"Czech Rep. / cs","flag":{"metadata":{"id":"43Kid66AUnAYeS8OfJh9EX","contentType":"flag"},"altText":"Czech Republic","image":"//images.ctfassets.net/w4bhfqu0yxyq/749WuxigSMWDJjy5lsA1VY/1ab6b53c0e3e69d56fd34e00d979a200/CZ_3x.png"},"isCurrentShop":false},{"targetLink":"https://www.zoohit.si/","countryName":"Slovenia / sl","flag":{"metadata":{"id":"32JZEEMK9200SygeZiPAgn","contentType":"flag"},"altText":"Slovenia","image":"//images.ctfassets.net/w4bhfqu0yxyq/6Ohfve9OaSGOi2y0bQ74kV/e2656df32116f544c5bb40cb0bae0f91/SI_3x.png"},"isCurrentShop":false},{"targetLink":"https://www.zoohit.sk/","countryName":"Slovakia / sk","flag":{"metadata":{"id":"2bwqX6h0LjllHSpqX4dMDZ","contentType":"flag"},"altText":"Slovakia","image":"//images.ctfassets.net/w4bhfqu0yxyq/6vSIWvPoUnnOYK38AvCR8z/6dfc1434550e37cf45ecdd4c9b7d905e/SK_3x.png"},"isCurrentShop":false},{"targetLink":"https://www.zooplus.at/","countryName":"Austria / de","flag":{"metadata":{"id":"4HssVZgPktuek6fwlNbybk","contentType":"flag"},"altText":"Austria","image":"//images.ctfassets.net/w4bhfqu0yxyq/242aoYC4Qiwp6h8cAfJSUX/3740b24f667102f6baec1cdcd630d4de/AT_3x.png"},"isCurrentShop":false},{"targetLink":"https://www.zooplus.be/","countryName":"Belgium / fr","flag":{"metadata":{"id":"69LXLMzH1jkOxh9MKkNZrJ","contentType":"flag"},"altText":"Belgium","image":"//images.ctfassets.net/w4bhfqu0yxyq/5fIGwratqasgUrGxOlb00e/da63f560b484edb183daac9332ddd348/BE_3x.png"},"isCurrentShop":false},{"targetLink":"https://www.zooplus.bg/","countryName":"Bulgaria / bg","flag":{"metadata":{"id":"23Jw29uYtu6ZCEfP6tkiPa","contentType":"flag"},"altText":"Bulgaria","image":"//images.ctfassets.net/w4bhfqu0yxyq/WSHX6Y5WT6ZPmPGuw18qv/65796b8f79c040b01481e3f592b1a082/BG_3x.png"},"isCurrentShop":false},{"targetLink":"https://www.zooplus.ch/","countryName":"Switzerland / de","flag":{"metadata":{"id":"4R5H2H3BXgGNDnFQeMM7DI","contentType":"flag"},"altText":"Switzerland","image":"//images.ctfassets.net/w4bhfqu0yxyq/3H6LBKDkPX93VZOr1ZGwxa/007c8863060291b82b7aaf6a980ed58e/CH_3x.png"},"isCurrentShop":false},{"targetLink":"https://www.zooplus.ch/fr/","countryName":"Switzerland / fr","flag":{"metadata":{"id":"4R5H2H3BXgGNDnFQeMM7DI","contentType":"flag"},"altText":"Switzerland","image":"//images.ctfassets.net/w4bhfqu0yxyq/3H6LBKDkPX93VZOr1ZGwxa/007c8863060291b82b7aaf6a980ed58e/CH_3x.png"},"isCurrentShop":false},{"targetLink":"https://www.zooplus.co.uk/","countryName":"UK / en","flag":{"metadata":{"id":"23iM6zGD0NcfN4u67966GQ","contentType":"flag"},"altText":"Great Britain\t","image":"//images.ctfassets.net/w4bhfqu0yxyq/3nZETqeREdhtDO9e5Oly1v/c840c1ee7e8cd018f680367c9d691741/CO-UK_3x.png"},"isCurrentShop":false},{"targetLink":"https://www.zooplus.com/","countryName":"zooplus.com / en","flag":{"metadata":{"id":"29POlg5cPMtBkowe5G29ah","contentType":"flag"},"altText":"Zooplus.com","image":"//images.ctfassets.net/w4bhfqu0yxyq/17S2qOZPq7OFrFpDba3PHD/97c85479ecffa015d0d445013a9295aa/COM_3x.png"},"isCurrentShop":true},{"targetLink":"https://www.zooplus.de/","countryName":"Germany / de","flag":{"metadata":{"id":"7Kc283iahddOwBXiLFHXCx","contentType":"flag"},"altText":"Germany","image":"//images.ctfassets.net/w4bhfqu0yxyq/6RRPZovTsbeNPxbgccnswj/0786db2b9dfd0aeaec87a959c11c42e6/DE_3x.png"},"isCurrentShop":false},{"targetLink":"https://www.zooplus.dk/","countryName":"Denmark / da","flag":{"metadata":{"id":"1W5PdXF8qLlXLbhRJNqalD","contentType":"flag"},"altText":"Denmark","image":"//images.ctfassets.net/w4bhfqu0yxyq/1tGF2Oq61uaSltaVUka3ed/9c5d23724e020f3be4d8055aaaf622de/DK_3x.png"},"isCurrentShop":false},{"targetLink":"https://www.zooplus.es/","countryName":"Spain / es","flag":{"metadata":{"id":"NsSnbu7pGWIn0UXH0N2XY","contentType":"flag"},"altText":"Spain","image":"//images.ctfassets.net/w4bhfqu0yxyq/PhoJRAosoLu8QjTxKNxkG/e744f84c4ef57af8cda9eca67c44f334/ES_3x.png"},"isCurrentShop":false},{"targetLink":"https://www.zooplus.fi/","countryName":"Finland / fi","flag":{"metadata":{"id":"6ceiH6oJx7fjRq7mdYFIoP","contentType":"flag"},"altText":"Finland","image":"//images.ctfassets.net/w4bhfqu0yxyq/1UeWe3wTWKkBTBoV3b6ZYc/31b393d67508f28161dfe2aa2b5b05bd/FI_3x-1-.png"},"isCurrentShop":false},{"targetLink":"https://www.zooplus.fr/","countryName":"France / fr","flag":{"metadata":{"id":"3Xs6EcHB8U9bzf6BZKJlEC","contentType":"flag"},"altText":"France","image":"//images.ctfassets.net/w4bhfqu0yxyq/34bE8xOXj5N7wozXXGyhp6/6d58ea0871744a9acf4589a78f851e0d/FR_3x.png"},"isCurrentShop":false},{"targetLink":"https://www.zooplus.gr/","countryName":"Greece / el","flag":{"metadata":{"id":"4hqNl5Lvf0MUBULZmYz14I","contentType":"flag"},"altText":"Ελλάδα","image":"//images.ctfassets.net/w4bhfqu0yxyq/6eAHgeDN9YxtrE46pSKUOH/f693ee4f17a94b42bbffe8f4c32855a4/GR_3x.png"},"isCurrentShop":false},{"targetLink":"https://www.zooplus.hr/","countryName":"Croatia / hr","flag":{"metadata":{"id":"5dYIbTo2DP3KdvJKVquUP1","contentType":"flag"},"altText":"Croatia","image":"//images.ctfassets.net/w4bhfqu0yxyq/3vRWhOHiyrSlrlyC1SwTua/de20db0832289c624394d9d4527448a4/HR_3x.png"},"isCurrentShop":false},{"targetLink":"https://www.zooplus.hu/","countryName":"Hungary / hu","flag":{"metadata":{"id":"3JjNSWr43f4LRj452Zcwcb","contentType":"flag"},"altText":"Hungary","image":"//images.ctfassets.net/w4bhfqu0yxyq/7HjkvA6AEyvRztl3wJkAE0/e77427fadc9640ca277cf97e6ed9f455/HU_3x.png"},"isCurrentShop":false},{"targetLink":"https://www.zooplus.ie/","countryName":"Ireland / en","flag":{"metadata":{"id":"3KuRaPxkPQiYYvkNFoX5ks","contentType":"flag"},"altText":"Ireland","image":"//images.ctfassets.net/w4bhfqu0yxyq/5W6qCjcxsR3R8GaPyremyw/b415ad3b618b382b7562117a523df79e/IE_3x.png"},"isCurrentShop":false},{"targetLink":"https://www.zooplus.it/","countryName":"Italy / it","flag":{"metadata":{"id":"4rGYzsdTOYP5bJXFqIkvvb","contentType":"flag"},"altText":"Italy","image":"//images.ctfassets.net/w4bhfqu0yxyq/7LbomLQSWVsMi1BCuYzb2T/f6684f355bbc22f2661463aac316d325/IT_3x.png"},"isCurrentShop":false},{"targetLink":"https://www.zooplus.nl/","countryName":"Netherlands / nl","flag":{"metadata":{"id":"27BLzCCc8Mwyzta3UeE7is","contentType":"flag"},"altText":"Netherlands ","image":"//images.ctfassets.net/w4bhfqu0yxyq/3KsPcEo1ciONMCxmOuYHnW/285f40f66e22962e4d79f2e6a08d4ee8/NL_3x.png"},"isCurrentShop":false},{"targetLink":"https://www.zooplus.no/","countryName":"Norway / no","flag":{"metadata":{"id":"5vURXVTxd5gtY3wClkkTld","contentType":"flag"},"altText":"Noway","image":"//images.ctfassets.net/w4bhfqu0yxyq/22jpLukVAg3PfDlx3ThaXy/1da6155ed7f2661411e08a3e8e374cc7/NO_3x.png"},"isCurrentShop":false},{"targetLink":"https://www.zooplus.pl/","countryName":"Poland / pl","flag":{"metadata":{"id":"56WfYttzWGm8MNTp9ddfX8","contentType":"flag"},"altText":"Poland","image":"//images.ctfassets.net/w4bhfqu0yxyq/1t2qTayEAn7EV98PoDfUxj/652836aa51634cf1757e54d398d07227/PL_3x.png"},"isCurrentShop":false},{"targetLink":"https://www.zooplus.pt/","countryName":"Portugal / pt","flag":{"metadata":{"id":"71IgAYTyljoPtNybYVQs8r","contentType":"flag"},"altText":"Portugal","image":"//images.ctfassets.net/w4bhfqu0yxyq/14uq4lcqvTkzL3s8hbUAvV/32892e1bd5ab9311612c810c6baeacce/PT_3x.png"},"isCurrentShop":false},{"targetLink":"https://www.zooplus.ro/","countryName":"Romania / ro","flag":{"metadata":{"id":"7GveGRr1qCBeu2n59lGTea","contentType":"flag"},"altText":"romania","image":"//images.ctfassets.net/w4bhfqu0yxyq/4wPPT7wefnpIERNR4jxqre/6826ecca059bac27d1a3daac5c9e0c3c/MicrosoftTeams-image__11_.png"},"isCurrentShop":false},{"targetLink":"https://www.zooplus.se/","countryName":"Sweden / sv","flag":{"metadata":{"id":"3PQvdMTUzwSgSMB16HRiAj","contentType":"flag"},"altText":"Sweden","image":"//images.ctfassets.net/w4bhfqu0yxyq/2iiNWeanWU3kZsgVqORsqz/56e7cbff9d5c27390d186cf003d3b428/SE_3x-1-.png"},"isCurrentShop":false}]},"footerSocialAndApps":{"metadata":{"id":"5qcbJG5b8mvNVxauBhSekc","contentType":"footerSocialAndApps"},"headline":"Social","facebookLink":null,"instagramLink":null,"twitterLink":null,"youtubeLink":"https://www.youtube.com/zooplus","pinterestLink":null,"zooplusBlogLink":null,"zooplusPodcastLink":null,"appBadges":[{"metadata":{"id":"4oT8puVsWsKZtSWRVykmkI","contentType":"appBadge"},"altText":"App Store","image":"//images.ctfassets.net/qp85kbzn8noe/7Lt32WjaYr1eiKdEtXdFF9/85ecf58d247103c4dc9871bc3ea5cee8/_3x_Download_on_the_App_Store_Badge_UK.png","targetLink":"https://apps.apple.com/gb/app/zooplus/id582639260?utm-source=utm_source_teaser\u0026analytics-id=6m1fgbkwnn0h-6vpsYMTDDRaFm7hQuTxv2Q\u0026utm-source=utm_source_teaser\u0026analytics-id=qp85kbzn8noe-3UidkT3Wq3gS3Nq4BXuMar"},{"metadata":{"id":"3H7k4WCYvagvLdxPl4i485","contentType":"appBadge"},"altText":"Google Play","image":"//images.ctfassets.net/qp85kbzn8noe/3nVzhavFbVX29tGecSzBzz/f421a6d8f3a7b1a607ee5d7bd32dd7d8/_3x_google-play-badge_UK.png","targetLink":"https://play.google.com/store/apps/details?id=de.zooplus\u0026utm-source=utm_source_teaser\u0026analytics-id=6m1fgbkwnn0h-6f7VZinhXLvPOZ7oC2Di9m\u0026utm-source=utm_source_teaser\u0026analytics-id=qp85kbzn8noe-4UXY8izqM2GIKebg8OnRlu"}]}}},"isE2e":false,"localization":{"zooplus.beforePrice.set_article":"individually priced  {0}","product.sort.by":"Sort by","autoshipment.first.order.discount":"Get −{firstOrderDiscountPercentage}% off (up to a maximum of £20.00) on your first order and −{futureOrdersDiscountPercentage}% off on every following one","productDetail.tabs.title.description":"Product description","catalog.explore.pdp.customerpicture.number_many":"{count} customer photos","leaveFeedback.agreeTerms.textWithLink":"I agree to \u003ca href=\"javaScript:content_box_open();\"\u003ethe terms of participation\u003c/a\u003e","stockreminder.error.invalidemail":"Invalid email address","viewFeedback.title":"Customer review","confirmedFeedback.title":"Thank you for your review","shop.header.minicart.flyout.total":"Total","catalog.explore.pdp.review.number_other":"{count} reviews","expectedDeliveryDate.text":"Delivery in {0}-{1} working days","shop.dynamic-bundle.add-to-cart-button":"Add all to basket","product.details.seller.drawer.privacyPolicy":"Privacy policy","shop.discover.filter.accordion.search.no_results_text":"Please double-check the spelling or try other search terms.","shop.header.app.download.text":"Use app","general.button.viewAll":"View All","product.category.newproduct":"New Products!","product.category.trialaction":"Trial Offers","autoshipment.variant.list.label":"zooplus Repeat","shop.photoOverlay.Discount":"{0}% off","shop.photoOverlay.upToDiscount":"Up to {0}% off","general.empty.field":"Please fill out the {0} field.","accessibility.add.to.cart":"Add to basket","search.exorbyte.facetSummary.removeAll":"Remove all","variant.customerpicture.label":"Customer Photos","zooplus.search.placeholder":"Search the store","stockreminder.subheader":"Stock reminder","catalog.explore.pdp.review.number_many":"","shop.header.main.navigation.title":"zooplus main menu","product.rating_other":"{0} stars","search.exorbyte.toolbar.sortBy.lowestPrice":"Lowest price","productDetail.tabs.title.feedingrecommendation":"Feeding guide","autoshipment.filter.caption":"Save 5% on current standard price of all zooplus Repeat items","pictureUpload.display.title_many":"{0} customer product photos for","logout.title":"Logout","shop.allcategories.text":"All categories","general.page.text":"Page {0}","search.exorbyte.types.category":"Category","shop.header.accessible.secure.payment.alternative":"Secure Payment SSL","product.rating.sort.bybestrating":"Highest rating","catalog.explore.pdp.customerpicture.number_one":"{count} customer photo","m.catalog.product.variants":"Varieties","shop.header.account.salutation":"Welcome back","shop.header.burger.navigation.category":"Shop by Category","expectedDeliveryDate.dso.text":"Delivery time according to product details","checkout.bpa.popover.title":"Info","search.exorbyte.results.resultsTitle":"Results for \u003ci\u003eyour search term\u003c/i\u003e","catalog.discover.plp.seller":"Sold and shipped by:","price.metaStandardPrice":"Was","general.whileStocksLast":"Only available while stocks last!","mzp.reorder.article.personalized.discount.expire.date":"You’ve unlocked a special discount that will be applied at checkout. This discount is valid until {date}","shop.dynamic-bundle.header":"Frequently bought together","shop.header.accessible.catalog.menu":"Menu","price.metaReducedDiscountPrice":"Now","product.details.seller.drawer.returnPolicy":"Return policy","product.article.badge.new":"new","checkout.bpa.popover.text":"No further coupons can be applied to this item.","expectedDeliveryDate.dialog":"Deliveries take place within 1-2 working days.\u003cbr\u003e\u003cbr\u003eThis may vary slightly depending on the payment method, availability, your location and public holidays. Orders fulfilled from our EU fulfillment centers are likely to take an additional 2-3 days. In ‘my zooplus’, you can track the status of your order at any time from receipt of order to delivery.","general.language.select":"Select language","general.button.previous":"Previous","shop.header.burger.navigation.shop.by":"Shop by","shop.header.accessible.account.menu":"my zooplus Menu","shop.dynamic-bundle.collapsible-toggle.label":"Buy all","shop.header.account.login":"Login","shop.public.soft-redirect.label.title":"You are currently on {0} Would you like to shop in your preferred language","mzp.reorder.article.personalized.discount.active":"{discount} Deal unlocked","bonuspoints.title":"zooplus Loyalty Programme","checkout.bpa.price.text":"Info","catalog.discover.plp.more-variants":"{0} further variants available","productDetail.tabs.title.reviews":"Reviews","shop.header.account.bonusprogram":"Rewards","leaveFeedback.productfeedback.experience":"Your experience with this product...","general.button.submit":"Submit","price.reduced":"Now","expectedDeliveryDate.dialog.title":"Delivery time information","shop.discover.top_categories.heading":"Popular categories","helpProductEvaluation.link.text":"Learn how we manage reviews","shop.stockreminder.termsofuse.warning":"When you use our Stock Reminder Service you automatically accept the","stockreminder.error.generic":"Oops, something went wrong","product.details.accessibility.rating":"Rating","product.details.seller.drawer.termsAndConditions":"Terms and conditions","product.rating.all":"All stars","productReview.noreviews":"No reviews found.","shop.header.accessible.search.menu":"Search Menu","shop.header.search.autocomplete.title.services":"Service","price.refPriceAriaLabel":"More information","general.active.customer.zooplus":"10","general.info.additional.shippingcosts":"Additional \u003ca href=\"javaScript:content_box_open(\u0026apos;shippingcosts\u0026apos;);\"\u003eshipping costs\u003c/a\u003e may apply.","shop.header.callcenter":"+44 1865 951301","search.exorbyte.toolbar.sortBy.rating":"Reviews","productReview.reviewcount.for":"{0} reviews for","productDetail.tabs.title.ingredients":"Ingredients","shop.header.multilanguage.accessible.text":"Change language to ${language}","shop.advantages-box.heading":"Your benefits","search.exorbyte.results.noResultsTitle":"We’re sorry, but we couldn’t find any matches for \u003ci\u003eyour search term\u003c/i\u003e","productReview.reviewcount.for.singular":"{0} review for","accessibility.decrease.cart.quantity":"Decrease quantity in basket","catalog.explore.pdp.review.fetchError.details":"The content could not be loaded. Please try again later.","stockreminder.thanks":"Thank you for your interest. \u003cbr/\u003e We'll let you know when this item is back in stock again. We hope you enjoy the rest of your shopping at zooplus!","mzp.reorder.article.personalized.discount.badge":"Flash Deal","shop.header.minicart.flyout.empty.header":"Your Shopping Basket is empty :(","search.exorbyte.results.numResultsPhrase":"{{res_from}} - {{res_to}} of {{res_total}} products","productDetail.back.title":"back","leaveFeedback.rating.title":"Your rating","general.error.title":"Error","price.abd.discount.label":"discount","shop.header.burger.navigation.all.products":"All categories","expectedDeliveryDate.link":"more","general.terms.termsofuse":"Terms of Use","product.rating.sort.bydate":"Newest first","shop.header.account.orderoverview":"My orders","shop.header.account.flyout.accessible.description":"Press ENTER to open \"my zooplus\" menu","viewFeedback.link.text":"Write your review","shop.header.app.banner.subline":"Available in App Store","product.actions":"On Sale Now","search.exorbyte.toolbar.sortBy.newest":"Newest","shop.product.article.discount.inactive":"Apply voucher - save {0}","shop.header.main.navigation.category.accessible.button.label":"Open category menu","general.more.information":"...further information","price.standard":"Was","accessibility.cart.item.count":"Number of items","shop.header.account.overview":"my zooplus","catalog.explore.pdp.review.disclaimer.translated":"Translated from {0} by zooplus","variant.list.article.label":"Choose item","search.filter.show-more":"Show all filters","shop.header.search.autocomplete.title.suggestion":"Search suggestions for","variant.list.article.count":"{count} options","autoshipment.socialproof":"{socialProof}+ subscriptions already created","variant.add.to.cart.autoshipment":"Item added as zooplus Repeat to basket","shop.discover.level3.link_cloud.heading":"Haven't found what you're looking for?","shop.header.top.reorder":"Re-order","variant.returnpolicy.url":"https://support.zooplus.co.uk/en/support/solutions/76000004043#Returns%E2%80%AF\u0026_Claims__UK__Returns","shop.advantages-box.usp1":"Activate zooplus Repeat and save 5% every time","shop.advantages-box.usp3":"Over 8000 products to choose from","shop.advantages-box.usp2":"Trusted by over 10 million customers","detailsDisplay.review.number":"{0,choice,0#{0} reviews|1#1 review|1\u003c{0} reviews}","backToPDP.link.text":"Back to product","shop.discover.total.products.number":"{0} products","autoshipment.icon.alt":"autoshipment-icon","search.filter.submit":"Submit","shop.header.burger.navigation.all.categories":"All categories","product.article.discount.inactive":"Apply voucher - Save","upvote.tooltip.title":"Helpful","catalog.explore.pdp.customerpicture.number":"{count} customer photos","leaveFeedback.required":"Required fields","general.button.next":"Next","general.emailaddress":"Email Address","shop.header.minicart.flyout.empty.text":"There are no products in your shopping basket","catalog.explore.pdp.customerpicture.number_other":"{count} customer photos","general.show-less":"less","leaveFeedback.pageText":"We would like to remind you that product reviews are for exchange of experiences between zooplus customers about a specific product. \u003cb\u003eFor any product-related enquiries we ask that you\\n\u003ca href=\"{1}\"\u003econtact us\u003c/a\u003e. \u003c/b\u003e","product.rating.sort.upvotes":"Most Helpful first","shop.public.soft-redirect.label.redirect.site":"Go to {0}","general.field":"The field {0} must be a minimum of {1} characters with a maximum length of {2} characters.","general.price.allPricesWithTax":"All prices include statutory VAT. ","shop.header.search.autocomplete.separator":"» in","search.exorbyte.show.products.text":"See {0} products","expectedDeliveryDate.dso.link":"More information","pictureUpload.display.showMorePictures":"Show more photos","shop.header.categories.all.products.link":"View all","shop.discover.all.products":"All products","general.button.close":"Close","product.leaveFeedback.rating.verygood":"very good","autoshipment.info.label":"Save up to \u003cb\u003e35%\u003c/b\u003e discount on your first order","general.error.generic":"Oops, something went wrong","shop.header.minicart.flyout.header":"Your Shopping Basket","catalog.discover.plp.view-product-details":"View product details","catalog.discover.plp.view-variants":"View {0} variants","search.filter.show-less":"Show fewer filters","general.sponsored.products":"Sponsored","leaveFeedback.agreeTerms.error":"Please agree to the terms of participation","general.show-more":"more","shop.product.article.discount.active":"Voucher applied - {0} deducted at checkout","productDetail.tabs.title.analyticalconstituents":"Analytical constituents","autoshipment.single.delivery":"One-time delivery","leaveFeedback.feedbackTitle.title":"Please enter a title for your review","detailDisplay.customerPictures.upload":"Upload your product photo","shop.header.account.reorder":"Re-order","review.total.number":"Overall Rating ({0})","shop.public.soft-redirect.label.current.site":"Stay at {0}","meta.default.description.site":"zooplus offers you the best Online Pet Shop experience. Save up to 50% on big brand pet supplies for cats, dogs and other pets. Get all you need at zooplus.","leaveFeedback.email.title":"Your email address","pictureUpload.display.breadcrumbTitle":"Customer pictures","product.leaveFeedback.rating.poor":"poor","product.details.seller.drawer.withdrawalPolicy":"Withdrawal","reset.filters.text":"Reset filters","search.exorbyte.facetSummary.displayName":"Your selection","header.service.reorder":"Re-Order","zooplus.tooltip.min30Days.text":"Lowest price in the 30 days prior to the discount","product.details.accessibility.notRated":"Not Rated","product.rating.sort.byworstrating":"Lowest rated","general.login":"Login","search.exorbyte.to":"to","price.supplierReduced":"Our Price","shop.product.article.discount.relative.label":"Save {0}","variant.add.to.cart":"Item already added to basket","zooplus.actualPrice.set_article_text":"Now","catalog.explore.pdp.review.fetchError.retryButton":"Retry","confirmedFeedback.successful":"Thank you for taking the time to review this product. Here at zooplus we check each review individually so your review will not appear immediately. We publish all reviews that are acceptable within our netiquette guidelines. Please see our \u003ca href=\"/content/help_product_evaluation\"\u003eReview Publication Policy\u003c/a\u003e for further information.","product.back.title":"back to product","general.search.productSearch":"Product search","leaveFeedback.productfeedback.title":"My Product Review","general.price.from":"from","search.exorbyte.results.noResultsMessage":"Please try your search again: check for any errors or try similar words. If you still can't find what you are looking for, please contact our \u003ca href=\"/contact_us/\"\u003ecustomer service team\u003c/a\u003e for assistance or to suggest that we add a specific product to our shop.","product.rating_one":"{0} star","shop.discover.filter.accordion.search.no_results":"No results found","price.megapackStandard":"Was","shop.header.search.label":"Search","leaveFeedback.pageIntroduction":"Did your pet enjoy this product? Share your feedback by posting a review. Product evaluations should provide relevant, helpful information - if you have any enquiries about the product please contact \u003ca href=\"{1}\"\u003ecustomer service\u003c/a\u003e.","pictureUpload.display.goToUpload":"Upload your photo now!","shop.header.search.placeholder":"Search the store","product.filter.by":"Filter by","productdetail.document.downloadLink":"Download {0}.{1}","productReview.inviteFirstReview":"Be the first to review this product.","stockreminder.error.conflict":"You've already registered with this email for this item","accessibility.increase.cart.quantity":"Increase quantity in basket","price.megapackReduced":"Now","product.details.seller":"Sold and shipped by our partner","leaveFeedback.name.title":"Your name","product.article.discount.active":"Voucher applied - Save","shop.dynamic-bundle.total-price":"Total price","homepage.cat.container.title":"Cat Shop","productDetail.tabs.title.documents":"Additional information","pictureUpload.display.sharePhotos":"Do you have a product photo of {0} that you want to share?","shop.header.app.banner.text":"The zooplus app","shop.private.label.product.text.localized":"zooplus choice","search.exorbyte.facet.category":"Select category","shop.header.top.account":"my zooplus","product.details.stockreminder.notavailable":"Sold out","catalog.explore.pdp.review.fetchError.header":"Something went wrong","general.form.send":"Send","price.supplierStandard":"RRP*","pictureUpload.display.title":"{0} customer product photos for","shop.product.expected.availability":"Due back in stock in {0} days - approx. {1}","shop.header.search.autocomplete.title.products":"Products","stockreminder.header":"Currently out of stock","productDetail.link.to.analyticalconstituents":"Go to analytical constituents","product.details.seller.drawer.title":"Seller information","variant.returnpolicy.label":"Return Policy","shop.header.top.help":"Contact us","catalog.explore.pdp.review.disclaimer.copied":"Originally published in {0}","homepage.dog.container.title":"Dog Shop","product.category.specialoffer":"Special Offers","general.deliveryDate":"Delivery Date","leaveFeedback.title2":"Your review of","productReview.latest.reviews":"Latest user reviews","price.metaStandardDiscountPrice":"Now","shop.private.label.product.text":"zooplus choice","price.metaReducedPrice":"Was","product.details.stockreminder.notifyme":"Notify me when available","search.filter.cancel":"Cancel","leaveFeedback.publicViewable":"Display your name with this review","search.exorbyte.toolbar.sortBy.relevance":"Top sellers","shop.discover.filter.accordion.search.placeholder":"Search","variant.selection.discountPresenceIndicator":"% Voucher available","mzp.reorder.article.personalized.discount.inactive":"Click to unlock deal","product.morePictures":"More photos ({0})","shop.header.cart.button.label":"Shopping Basket","variant.selection.placeholder":"Please select an option","variant.customerpicture.allpictures":"See all photos","search.exorbyte.toolbar.sortBy.highestPrice":"Highest price","catalog.explore.pdp.review.number_one":"{count} review","shop.header.account.logout":"Logout","shop.header.accessible.logo.alternative":"zooplus logo","leaveFeedback.comments.title":"Type your review in the space below","stockreminder.termsofuse.text":"You agree that availability notifications will be sent to the email address provided. If the desired product is not available within a certain time frame, zooplus will inform you, and may send you suitable product recommendations or vouchers up to 30 days after your request for notification. For more information, please see our \u003ca href=\"/info/legal/privacy\" target=\"_blank\"\u003ePrivacy Policy\u003c/a\u003e.","general.email.error":"The email address you entered appears to be incorrect.","homepage.title.site":"Pet Supplies at zooplus Online Pet Shop, Pet Food \u0026 Pet Accessories.","shop.general.info":"\u003ca href=\\\" /info/about/free_delivery\\\"\u003e \u003cb\u003eFREE Delivery on ALL Orders* \u003e\u003e\u003c/b\u003e\u003c/a\u003e","shop.header.account.customerId":"Customer Number","search.filter.head":"Filter by","shop.header.minicart.flyout.button":"Go to Basket"},"optimizelyDecisions":{"idpo-1390_rebranding_foundation":{"flagKey":"idpo-1390_rebranding_foundation","flagRule":"targeted_delivery","ruleKey":"idpo-1390_rebranding_foundation_targeted_delivery","variationKey":"on"}},"pageWidth":"narrow"},"pageLevelProps":{"name":"@shop/pdp","feedbackConfirmation":null,"serverSideABD":{},"productDetails":{"sites":{"siteId":2,"countryCode":"GB","locale":"en-gb","logoLocation":"https://media.zooplus.com/bilder/0/zooplus_0.png"},"product":{"shopIdentifier":1946560,"groupId":320606,"mainCategoryId":320606,"groupPath":"/shop/cats/canned_cat_food_pouches/encore/cans/1946560","title":"Encore Cans in Broth Saver Pack 24 x 70g","brands":["Encore"],"summary":"Mixed packs of delicious wet food for cats, in a variety of gluten-free and protein-rich flavours, made with pure natural ingredients for essential nutrients and beneficial omega-3 fatty acids.","description":"Encore Cans in Broth Saver Pack 24 x 70g is a high-quality wet food for cats, made with\u0026nbsp;\u003cstrong\u003enatural ingredients\u003c/strong\u003e\u0026nbsp;and a high meat- or fish content. It is \u003cstrong\u003egluten-free\u003c/strong\u003e\u0026nbsp;and contains no preservatives, which can make this food appealing to nutritionally-conscious cat owners. The\u0026nbsp;\u003cstrong\u003eprotein-rich\u0026nbsp;\u003c/strong\u003efood can help to support your cat's lean muscle mass, acting as the ideal supplement to dry food.\u003cbr\u003e\nNot only is this\u0026nbsp;Encore Cans in Broth Saver Pack 24 x 70g wet food particularly tasty, it is also a source of beneficial omega-3 fatty acids, which can help to promote healthy skin and a glossy coat. The high moisture content of this dish can help to support sufficient fluid intake. As this food is gluten-free, it is easy to digest and the perfect choice for cats with more sensitive stomachs.\u003cbr\u003e\n\u003cbr\u003e\n\u003cstrong\u003eEncore Cans in Broth Saver Pack 24 x 70g at a glance:\u003c/strong\u003e\n\u003cul\u003e\n\t\u003cli\u003eHigh-quality wet food for cats\u003c/li\u003e\n\t\u003cli\u003e\u003cstrong\u003eRecipe with 100% natural ingredient:\u0026nbsp;\u003c/strong\u003eno preservatives\u003c/li\u003e\n\t\u003cli\u003e\u003cstrong\u003eHigh meat- or fish content:\u0026nbsp;\u003c/strong\u003eprovides plenty of protein\u003c/li\u003e\n\t\u003cli\u003e\u003cstrong\u003eGluten-free:\u0026nbsp;\u003c/strong\u003ealso suitable for cats with a sensitive stomach\u003c/li\u003e\n\t\u003cli\u003e\u003cstrong\u003eOmega-3 fatty acids:\u0026nbsp;\u003c/strong\u003ecan keep skin healthy and coat glossy\u003c/li\u003e\n\t\u003cli\u003e\u003cstrong\u003eHigh moisture content:\u0026nbsp;\u003c/strong\u003eto support sufficient fluid intake in cats that struggle to drink enough water\u003c/li\u003e\n\t\u003cli\u003e\u003cstrong\u003eDesigned as a supplementary food:\u0026nbsp;\u003c/strong\u003ecan be served with dry food\u003c/li\u003e\n\t\u003cli\u003e\u003cstrong\u003eSaver Pack:\u0026nbsp;\u003c/strong\u003efor stocking up and saving\u003c/li\u003e\n\u003c/ul\u003e\n\u003cstrong\u003eThe Chicken Selection contains the following flavour varieties:\u003c/strong\u003e\n\n\u003cul\u003e\n\t\u003cli\u003e5 x 70g\u0026nbsp;Chicken Breast\u003c/li\u003e\n\t\u003cli\u003e4 x 70g\u0026nbsp;Chicken Breast \u0026amp; Cheese\u003c/li\u003e\n\t\u003cli\u003e3 x 70g\u0026nbsp;Chicken Breast with Ham\u003c/li\u003e\n\u003c/ul\u003e\n\u003cstrong\u003eThe Fish Selection contains the following flavour varieties:\u003c/strong\u003e\n\n\u003cul\u003e\n\t\u003cli\u003e5 x 70g\u0026nbsp;Tuna with Shrimp\u003c/li\u003e\n\t\u003cli\u003e4 x 70g\u0026nbsp;Ocean Fish\u003c/li\u003e\n\t\u003cli\u003e3 x 70g\u0026nbsp;Sardine with Tuna Fillet\u003c/li\u003e\n\u003c/ul\u003e\n\u003cstrong\u003eThe Finest Selection contains the following flavour varieties:\u003c/strong\u003e\n\n\u003cul\u003e\n\t\u003cli\u003e2 x 70g\u0026nbsp;Tuna with Shrimp\u003c/li\u003e\n\t\u003cli\u003e2 x 70g\u0026nbsp;Ocean Fish\u003c/li\u003e\n\t\u003cli\u003e2 x 70g\u0026nbsp;Sardine with Tuna Fillet\u003c/li\u003e\n\t\u003cli\u003e2 x 70g\u0026nbsp;Chicken Breast\u003c/li\u003e\n\t\u003cli\u003e2 x 70g Chicken Breast \u0026amp; Cheese\u003c/li\u003e\n\t\u003cli\u003e2 x 70g\u0026nbsp;Chicken Breast with Ham\u003c/li\u003e\n\u003c/ul\u003e\n","ingredientsText":"\u003cstrong\u003eIngredients:\u003c/strong\u003e\u003cbr\u003e\n\u003cem\u003e\u003cstrong\u003eChicken Selection:\u003c/strong\u003e\u003cbr\u003e\nChicken Breast:\u003c/em\u003e\u003cbr\u003e\nChicken breast (75%), chicken broth, rice.\u003cbr\u003e\n\u003cem\u003eChicken Breast \u0026amp; Cheese:\u003c/em\u003e\u003cbr\u003e\nChicken breast (70%), chicken broth, cheese (5%), rice.\u003cbr\u003e\n\u003cem\u003eChicken Breast with Ham:\u003c/em\u003e\u003cbr\u003e\nChicken breast (75%), chicken broth, ham (5%), rice.\u003cbr\u003e\n\u003cbr\u003e\n\u003cem\u003e\u003cstrong\u003eFish Selection:\u003c/strong\u003e\u003cbr\u003e\nOcean Fish:\u003c/em\u003e\u003cbr\u003e\nMackerel (45%), tuna fillet (30%), fish broth, rice.\u003cbr\u003e\n\u003cem\u003eTuna with Shrimp:\u003c/em\u003e\u003cbr\u003e\nTuna fillet (55%), fish broth, shrimp (20%), rice.\u003cbr\u003e\n\u003cem\u003eSardine with Tuna Fillet:\u003c/em\u003e\u003cbr\u003e\nSardine (40%), tuna fillet (35%), fish broth, rice.\u003cbr\u003e\n\u003cbr\u003e\n\u003cem\u003e\u003cstrong\u003eFinest Selection:\u003c/strong\u003e\u003cbr\u003e\nChicken Breast:\u003c/em\u003e\u003cbr\u003e\nChicken breast (75%), chicken broth, rice.\u003cbr\u003e\n\u003cem\u003eChicken Breast \u0026amp; Cheese:\u003c/em\u003e\u003cbr\u003e\nChicken breast (70%), chicken broth, cheese (5%), rice.\u003cbr\u003e\n\u003cem\u003eChicken Breast with Ham:\u003c/em\u003e\u003cbr\u003e\nChicken breast (75%), chicken broth, ham (5%), rice.\u003cbr\u003e\n\u003cem\u003eOcean Fish:\u003c/em\u003e\u003cbr\u003e\nMackerel (45%), tuna fillet (30%), fish broth, rice.\u003cbr\u003e\n\u003cem\u003eTuna with Shrimp:\u003c/em\u003e\u003cbr\u003e\nTuna fillet (55%), fish broth, shrimp (20%), rice.\u003cbr\u003e\n\u003cem\u003eSardine with Tuna Fillet:\u003c/em\u003e\u003cbr\u003e\nSardine (40%), tuna fillet (35%), fish broth, rice.\u003cbr\u003e\n\u003cbr\u003e\n\u003cstrong\u003eAdditives per kg:\u003c/strong\u003e\u003cbr\u003e\nAccording to the manufacturer this product contains no additives.\u003cbr\u003e\n\u003cbr\u003e\n\u003cstrong\u003eAnalytical components:\u003c/strong\u003e\u003cbr\u003e\n\u003cem\u003e\u003cstrong\u003eChicken Selection:\u003c/strong\u003e\u003cbr\u003e\nChicken Breast:\u003c/em\u003e\u003cbr\u003e\nProtein (14%), crude fibre (1%), crude fat (0.3%), crude ash (2%), moisture (83%).\u003cbr\u003e\n\u003cem\u003eChicken Breast \u0026amp; Cheese:\u003c/em\u003e\u003cbr\u003e\nProtein (14%), crude fibre (1%), crude fat (0.3%), crude ash (2%), moisture (82%).\u003cbr\u003e\n\u003cem\u003eChicken Breast with Ham:\u003c/em\u003e\u003cbr\u003e\nProtein (14%), crude fibre (1%), crude fat (1%), crude ash (2%), moisture (82%).\u003cbr\u003e\n\u003cbr\u003e\n\u003cem\u003e\u003cstrong\u003eFish Selection:\u003c/strong\u003e\u003cbr\u003e\nOcean Fish:\u003c/em\u003e\u003cbr\u003e\nProtein (12%), crude fibre (1%), crude fat (1%), crude ash (3%), moisture (83%).\u003cbr\u003e\n\u003cem\u003eTuna with Shrimp:\u003c/em\u003e\u003cbr\u003e\nProtein (14%), crude fibre (0.1%), crude fat (1%), crude ash (1%), moisture (81%).\u003cbr\u003e\n\u003cem\u003eSardine with Tuna Fillet:\u003c/em\u003e\u003cbr\u003e\nProtein (12%), crude fibre (1%), crude fat (2%), crude ash 93%), moisture (82%).\u003cbr\u003e\n\u003cbr\u003e\n\u003cstrong\u003e\u003cem\u003eFinest Selection:\u003c/em\u003e\u003c/strong\u003e\u003cbr\u003e\n\u003cem\u003eChicken Breast:\u003c/em\u003e\u003cbr\u003e\nProtein (14%), crude fibre (1%), crude fat (0.3%), crude ash (2%), moisture (83%).\u003cbr\u003e\n\u003cem\u003eChicken Breast \u0026amp; Cheese:\u003c/em\u003e\u003cbr\u003e\nProtein (14%), crude fibre (1%), crude fat (0.3%), crude ash (2%), moisture (82%).\u003cbr\u003e\n\u003cem\u003eChicken Breast with Ham:\u003c/em\u003e\u003cbr\u003e\nProtein (14%), crude fibre (1%), crude fat (1%), crude ash (2%), moisture (82%).\u003cbr\u003e\n\u003cem\u003eOcean Fish:\u003c/em\u003e\u003cbr\u003e\nProtein (12%), crude fibre (1%), crude fat (1%), crude ash (3%), moisture (83%).\u003cbr\u003e\n\u003cem\u003eTuna with Shrimp:\u003c/em\u003e\u003cbr\u003e\nProtein (14%), crude fibre (0.1%), crude fat (1%), crude ash (1%), moisture (81%).\u003cbr\u003e\n\u003cem\u003eSardine with Tuna Fillet:\u003c/em\u003e\u003cbr\u003e\nProtein (12%), crude fibre (1%), crude fat (2%), crude ash 93%), moisture (82%).\u003cbr\u003e\n\u0026nbsp;","feedingRecommendationText":"\u003cstrong\u003eFeeding recommendation:\u003c/strong\u003e\u003cbr\u003e\nEncore Cans in Broth Saver Pack 24 x 70g\u0026nbsp;is a complete food for cats.\u003cbr\u003e\n\u0026nbsp;\n\u003ctable border=\"1\" cellpadding=\"1\" cellspacing=\"1\" height=\"107\" width=\"303\"\u003e\n\t\u003cthead\u003e\n\t\t\u003ctr\u003e\n\t\t\t\u003cth scope=\"col\"\u003e\u003csmall\u003eCat's weight\u003c/small\u003e\u003c/th\u003e\n\t\t\t\u003cth scope=\"col\"\u003e\u003cspan style=\"font-size: 10.8333px;\"\u003eTins per day\u003c/span\u003e\u003c/th\u003e\n\t\t\u003c/tr\u003e\n\t\u003c/thead\u003e\n\t\u003ctbody\u003e\n\t\t\u003ctr\u003e\n\t\t\t\u003ctd\u003e\n\t\t\t\u003ccenter\u003e\u003csmall\u003e0 - 3 kg\u003c/small\u003e\u003c/center\u003e\n\t\t\t\u003c/td\u003e\n\t\t\t\u003ctd\u003e\n\t\t\t\u003ccenter\u003e\u003csmall\u003e1\u003c/small\u003e\u003c/center\u003e\n\t\t\t\u003c/td\u003e\n\t\t\u003c/tr\u003e\n\t\t\u003ctr\u003e\n\t\t\t\u003ctd\u003e\n\t\t\t\u003ccenter\u003e\u003csmall\u003e3 - 5 kg\u003c/small\u003e\u003c/center\u003e\n\t\t\t\u003c/td\u003e\n\t\t\t\u003ctd\u003e\n\t\t\t\u003ccenter\u003e\u003csmall\u003e2\u003c/small\u003e\u003c/center\u003e\n\t\t\t\u003c/td\u003e\n\t\t\u003c/tr\u003e\n\t\t\u003ctr\u003e\n\t\t\t\u003ctd\u003e\n\t\t\t\u003ccenter\u003e\u003csmall\u003e\u0026gt;5kg\u003c/small\u003e\u003c/center\u003e\n\t\t\t\u003c/td\u003e\n\t\t\t\u003ctd\u003e\n\t\t\t\u003ccenter\u003e\u003csmall\u003e3\u003c/small\u003e\u003c/center\u003e\n\t\t\t\u003c/td\u003e\n\t\t\u003c/tr\u003e\n\t\u003c/tbody\u003e\n\u003c/table\u003e\n\u003cbr\u003e\nEnsure fresh, clean drinking water is always available.","mediaDetails":{"newProduct":false,"medias":[{"video":false,"thumbnail":"https://media.zooplus.com/bilder/4/50/413498_encore_dose_bruhe_huhn_hs_01_3_4.jpg","title":"Encore Cans in Broth Saver Pack 24 x 70g","detail":"https://media.zooplus.com/bilder/4/400/413498_encore_dose_bruhe_huhn_hs_01_3_4.jpg","full":"https://media.zooplus.com/bilder/4/800/413498_encore_dose_bruhe_huhn_hs_01_3_4.jpg"},{"video":false,"thumbnail":"https://media.zooplus.com/bilder/3/50/413498_pla_encore_dose_bruhe_huhn_hs_01_3.jpg","title":"Encore Cans in Broth Saver Pack 24 x 70g","detail":"https://media.zooplus.com/bilder/3/400/413498_pla_encore_dose_bruhe_huhn_hs_01_3.jpg","full":"https://media.zooplus.com/bilder/3/800/413498_pla_encore_dose_bruhe_huhn_hs_01_3.jpg"},{"video":false,"thumbnail":"https://media.zooplus.com/bilder/2/50/413498_encore_dose_bruhe_huhn_hs_02_2.jpg","title":"Encore Cans in Broth Saver Pack 24 x 70g","detail":"https://media.zooplus.com/bilder/2/400/413498_encore_dose_bruhe_huhn_hs_02_2.jpg","full":"https://media.zooplus.com/bilder/2/800/413498_encore_dose_bruhe_huhn_hs_02_2.jpg"},{"video":false,"thumbnail":"https://media.zooplus.com/bilder/4/50/413498_encore_dose_bruhe_huhn_hs_03_4.jpg","title":"Encore Cans in Broth Saver Pack 24 x 70g","detail":"https://media.zooplus.com/bilder/4/400/413498_encore_dose_bruhe_huhn_hs_03_4.jpg","full":"https://media.zooplus.com/bilder/4/800/413498_encore_dose_bruhe_huhn_hs_03_4.jpg"},{"video":false,"thumbnail":"https://media.zooplus.com/bilder/9/50/413499_pla_encore_dose_bruhe_fisch_hs_01_9.jpg","title":"Encore Cans in Broth Saver Pack 24 x 70g","detail":"https://media.zooplus.com/bilder/9/400/413499_pla_encore_dose_bruhe_fisch_hs_01_9.jpg","full":"https://media.zooplus.com/bilder/9/800/413499_pla_encore_dose_bruhe_fisch_hs_01_9.jpg"},{"video":false,"thumbnail":"https://media.zooplus.com/bilder/2/50/413499_encore_dose_bruhe_fisch_hs_02_2.jpg","title":"Encore Cans in Broth Saver Pack 24 x 70g","detail":"https://media.zooplus.com/bilder/2/400/413499_encore_dose_bruhe_fisch_hs_02_2.jpg","full":"https://media.zooplus.com/bilder/2/800/413499_encore_dose_bruhe_fisch_hs_02_2.jpg"},{"video":false,"thumbnail":"https://media.zooplus.com/bilder/7/50/413499_encore_dose_bruhe_fisch_hs_03_7.jpg","title":"Encore Cans in Broth Saver Pack 24 x 70g","detail":"https://media.zooplus.com/bilder/7/400/413499_encore_dose_bruhe_fisch_hs_03_7.jpg","full":"https://media.zooplus.com/bilder/7/800/413499_encore_dose_bruhe_fisch_hs_03_7.jpg"},{"video":false,"thumbnail":"https://media.zooplus.com/bilder/9/50/413500_pla_encore_dose_bruhe_feinste_hs_01_9.jpg","title":"Encore Cans in Broth Saver Pack 24 x 70g","detail":"https://media.zooplus.com/bilder/9/400/413500_pla_encore_dose_bruhe_feinste_hs_01_9.jpg","full":"https://media.zooplus.com/bilder/9/800/413500_pla_encore_dose_bruhe_feinste_hs_01_9.jpg"},{"video":false,"thumbnail":"https://media.zooplus.com/bilder/5/50/413500_encore_dose_bruhe_feinste_hs_02_5.jpg","title":"Encore Cans in Broth Saver Pack 24 x 70g","detail":"https://media.zooplus.com/bilder/5/400/413500_encore_dose_bruhe_feinste_hs_02_5.jpg","full":"https://media.zooplus.com/bilder/5/800/413500_encore_dose_bruhe_feinste_hs_02_5.jpg"},{"video":false,"thumbnail":"https://media.zooplus.com/bilder/9/50/413500_encore_dose_bruhe_feinste_hs_03_9.jpg","title":"Encore Cans in Broth Saver Pack 24 x 70g","detail":"https://media.zooplus.com/bilder/9/400/413500_encore_dose_bruhe_feinste_hs_03_9.jpg","full":"https://media.zooplus.com/bilder/9/800/413500_encore_dose_bruhe_feinste_hs_03_9.jpg"},{"video":false,"thumbnail":"https://media.zooplus.com/bilder/1/50/413500_encore_dose_bruhe_feinste_hs_04_1.jpg","title":"Encore Cans in Broth Saver Pack 24 x 70g","detail":"https://media.zooplus.com/bilder/1/400/413500_encore_dose_bruhe_feinste_hs_04_1.jpg","full":"https://media.zooplus.com/bilder/1/800/413500_encore_dose_bruhe_feinste_hs_04_1.jpg"}]},"priceAggregate":{"minArticlePrice":"€28.49","minArticlePriceRaw":28.49,"maxArticlePrice":"€28.49","maxArticlePriceRaw":28.49,"currency":"EUR","firstArticlePrice":"€28.49","hasMoreExpensiveArticles":false},"articleVariants":[{"id":5162435,"variantId":0,"whileStockLasts":false,"available":true,"description":"Chicken Selection","ean":"5060122496933","bestPriced":false,"offers":[{"offerId":"1P.5162435","seller":{"id":1,"type":"ZOOPLUS","name":"zooplus"},"available":true,"price":{"currency":"EUR","beforePrice":{"value":29.98,"label":"€29.98","labelFull":"individually priced  €29.98","prefix":"individually priced"},"currentPrice":{"value":28.49,"label":"€28.49","labelFull":"Now €28.49","prefix":"Now"},"discounts":[{"offerId":"1P_AUS.5162435","type":"AUTOSHIPMENT","label":"5%","discountedPriceRaw":27.07,"discountedPriceLabel":"€27.07","discountedUnitPriceLabel":"€16.11 / kg"}]},"unit":{"unitPrice":"€16.96","unitQuantity":1.68,"unitPriceLabel":"€16.96 / kg","unitName":"kg"},"deliveryDays":{"min":3,"max":6}}],"omTitle":"24x70g Chicken Selection in Broth Cans Encore Wet Cat Food","supplementArticle":false,"pictures":[{"video":false,"thumbnail":"https://media.zooplus.com/bilder/4/50/413498_pla_encore_dose_bruhe_huhn_hs_01_4.jpg","title":"Encore Cans in Broth Saver Pack 24 x 70g","detail":"https://media.zooplus.com/bilder/4/400/413498_pla_encore_dose_bruhe_huhn_hs_01_4.jpg","full":"https://media.zooplus.com/bilder/4/800/413498_pla_encore_dose_bruhe_huhn_hs_01_4.jpg"}]},{"id":5162437,"variantId":2,"whileStockLasts":false,"available":true,"description":"Fish Selection","ean":"5060122496957","bestPriced":false,"offers":[{"offerId":"1P.5162437","seller":{"id":1,"type":"ZOOPLUS","name":"zooplus"},"available":true,"price":{"currency":"EUR","beforePrice":{"value":29.98,"label":"€29.98","labelFull":"individually priced  €29.98","prefix":"individually priced"},"currentPrice":{"value":28.49,"label":"€28.49","labelFull":"Now €28.49","prefix":"Now"},"discounts":[{"offerId":"1P_AUS.5162437","type":"AUTOSHIPMENT","label":"5%","discountedPriceRaw":27.07,"discountedPriceLabel":"€27.07","discountedUnitPriceLabel":"€16.11 / kg"}]},"unit":{"unitPrice":"€16.96","unitQuantity":1.68,"unitPriceLabel":"€16.96 / kg","unitName":"kg"},"deliveryDays":{"min":3,"max":6}}],"omTitle":"24x70g Fish Selection in Broth Cans Encore Wet Cat Food","supplementArticle":false,"pictures":[{"video":false,"thumbnail":"https://media.zooplus.com/bilder/0/50/413499_pla_encore_dose_bruhe_fisch_hs_01_0.jpg","title":"Encore Cans in Broth Saver Pack 24 x 70g","detail":"https://media.zooplus.com/bilder/0/400/413499_pla_encore_dose_bruhe_fisch_hs_01_0.jpg","full":"https://media.zooplus.com/bilder/0/800/413499_pla_encore_dose_bruhe_fisch_hs_01_0.jpg"}]},{"id":5162436,"variantId":1,"whileStockLasts":false,"available":true,"description":"Finest Selection","ean":"5060333436889","bestPriced":false,"offers":[{"offerId":"1P.5162436","seller":{"id":1,"type":"ZOOPLUS","name":"zooplus"},"available":true,"price":{"currency":"EUR","beforePrice":{"value":29.98,"label":"€29.98","labelFull":"individually priced  €29.98","prefix":"individually priced"},"currentPrice":{"value":28.49,"label":"€28.49","labelFull":"Now €28.49","prefix":"Now"},"discounts":[{"offerId":"1P_AUS.5162436","type":"AUTOSHIPMENT","label":"5%","discountedPriceRaw":27.07,"discountedPriceLabel":"€27.07","discountedUnitPriceLabel":"€16.11 / kg"}]},"unit":{"unitPrice":"€16.96","unitQuantity":1.68,"unitPriceLabel":"€16.96 / kg","unitName":"kg"},"deliveryDays":{"min":3,"max":6}}],"omTitle":"24x70g Finest Selection in Broth Cans Encore Wet Cat Food","supplementArticle":false,"pictures":[{"video":false,"thumbnail":"https://media.zooplus.com/bilder/5/50/413500_pla_encore_dose_bruhe_feinste_hs_01_5.jpg","title":"Encore Cans in Broth Saver Pack 24 x 70g","detail":"https://media.zooplus.com/bilder/5/400/413500_pla_encore_dose_bruhe_feinste_hs_01_5.jpg","full":"https://media.zooplus.com/bilder/5/800/413500_pla_encore_dose_bruhe_feinste_hs_01_5.jpg"}]}],"documents":[],"zooplusChoice":false,"zooplusChoiceBadge":"zooplus choice","zooplusChoiceDescription":"Excellent price-quality ratio products recommended by our customer","autoshipmentAdditionalInfo":{}},"feedbackAggregate":{"averageRating":0,"reviewCount":0,"perLanguageReviewCount":0,"numberOfReviews":{"total":0,"perLanguage":{"total":0,"byRating":{"1":0,"2":0,"3":0,"4":0,"5":0}}}},"metaInfo":{"pageTitle":"Encore Cans in Broth Saver Pack 24 x 70g | Top deals at zooplus!","robots":"index, follow","canonical":"/shop/cats/canned_cat_food_pouches/encore/cans/1946560","description":"Encore Cans in Broth Saver Pack 24 x 70g is a delicious supplementary wet food for cats, made with plenty of meat or fish in a tasty gluten-free recipe."},"categories":{"extId":320606,"breadcrumbs":[{"extId":20758,"level":1,"path":"/","title":"zooplus"},{"extId":21171,"level":2,"path":"/shop/cats","title":"Cat"},{"extId":21238,"level":3,"path":"/shop/cats/canned_cat_food_pouches","title":"Wet Cat Food"},{"extId":318942,"level":4,"path":"/shop/cats/canned_cat_food_pouches/encore","title":"Encore"}],"petTypeProductGroupId":21171,"animalType":"CATS"},"localizations":{"zooplus.beforePrice.set_article":"individually priced  {0}","product.sort.by":"Sort by","autoshipment.first.order.discount":"Get −{firstOrderDiscountPercentage}% off (up to a maximum of £20.00) on your first order and −{futureOrdersDiscountPercentage}% off on every following one","productDetail.tabs.title.description":"Product description","catalog.explore.pdp.customerpicture.number_many":"{count} customer photos","leaveFeedback.agreeTerms.textWithLink":"I agree to \u003ca href=\"javaScript:content_box_open();\"\u003ethe terms of participation\u003c/a\u003e","stockreminder.error.invalidemail":"Invalid email address","viewFeedback.title":"Customer review","confirmedFeedback.title":"Thank you for your review","shop.header.minicart.flyout.total":"Total","catalog.explore.pdp.review.number_other":"{count} reviews","expectedDeliveryDate.text":"Delivery in {0}-{1} working days","shop.dynamic-bundle.add-to-cart-button":"Add all to basket","product.details.seller.drawer.privacyPolicy":"Privacy policy","shop.discover.filter.accordion.search.no_results_text":"Please double-check the spelling or try other search terms.","shop.header.app.download.text":"Use app","general.button.viewAll":"View All","product.category.newproduct":"New Products!","product.category.trialaction":"Trial Offers","autoshipment.variant.list.label":"zooplus Repeat","shop.photoOverlay.Discount":"{0}% off","shop.photoOverlay.upToDiscount":"Up to {0}% off","general.empty.field":"Please fill out the {0} field.","accessibility.add.to.cart":"Add to basket","search.exorbyte.facetSummary.removeAll":"Remove all","variant.customerpicture.label":"Customer Photos","zooplus.search.placeholder":"Search the store","stockreminder.subheader":"Stock reminder","catalog.explore.pdp.review.number_many":"","shop.header.main.navigation.title":"zooplus main menu","product.rating_other":"{0} stars","search.exorbyte.toolbar.sortBy.lowestPrice":"Lowest price","productDetail.tabs.title.feedingrecommendation":"Feeding guide","autoshipment.filter.caption":"Save 5% on current standard price of all zooplus Repeat items","pictureUpload.display.title_many":"{0} customer product photos for","logout.title":"Logout","shop.allcategories.text":"All categories","general.page.text":"Page {0}","search.exorbyte.types.category":"Category","shop.header.accessible.secure.payment.alternative":"Secure Payment SSL","product.rating.sort.bybestrating":"Highest rating","catalog.explore.pdp.customerpicture.number_one":"{count} customer photo","m.catalog.product.variants":"Varieties","shop.header.account.salutation":"Welcome back","shop.header.burger.navigation.category":"Shop by Category","expectedDeliveryDate.dso.text":"Delivery time according to product details","checkout.bpa.popover.title":"Info","search.exorbyte.results.resultsTitle":"Results for \u003ci\u003eyour search term\u003c/i\u003e","catalog.discover.plp.seller":"Sold and shipped by:","price.metaStandardPrice":"Was","general.whileStocksLast":"Only available while stocks last!","mzp.reorder.article.personalized.discount.expire.date":"You’ve unlocked a special discount that will be applied at checkout. This discount is valid until {date}","shop.dynamic-bundle.header":"Frequently bought together","shop.header.accessible.catalog.menu":"Menu","price.metaReducedDiscountPrice":"Now","product.details.seller.drawer.returnPolicy":"Return policy","product.article.badge.new":"new","checkout.bpa.popover.text":"No further coupons can be applied to this item.","expectedDeliveryDate.dialog":"Deliveries take place within 1-2 working days.\u003cbr\u003e\u003cbr\u003eThis may vary slightly depending on the payment method, availability, your location and public holidays. Orders fulfilled from our EU fulfillment centers are likely to take an additional 2-3 days. In ‘my zooplus’, you can track the status of your order at any time from receipt of order to delivery.","general.language.select":"Select language","general.button.previous":"Previous","shop.header.burger.navigation.shop.by":"Shop by","shop.header.accessible.account.menu":"my zooplus Menu","shop.dynamic-bundle.collapsible-toggle.label":"Buy all","shop.header.account.login":"Login","shop.public.soft-redirect.label.title":"You are currently on {0} Would you like to shop in your preferred language","mzp.reorder.article.personalized.discount.active":"{discount} Deal unlocked","bonuspoints.title":"zooplus Loyalty Programme","checkout.bpa.price.text":"Info","catalog.discover.plp.more-variants":"{0} further variants available","productDetail.tabs.title.reviews":"Reviews","shop.header.account.bonusprogram":"Rewards","leaveFeedback.productfeedback.experience":"Your experience with this product...","general.button.submit":"Submit","price.reduced":"Now","expectedDeliveryDate.dialog.title":"Delivery time information","shop.discover.top_categories.heading":"Popular categories","helpProductEvaluation.link.text":"Learn how we manage reviews","shop.stockreminder.termsofuse.warning":"When you use our Stock Reminder Service you automatically accept the","stockreminder.error.generic":"Oops, something went wrong","product.details.accessibility.rating":"Rating","product.details.seller.drawer.termsAndConditions":"Terms and conditions","product.rating.all":"All stars","productReview.noreviews":"No reviews found.","shop.header.accessible.search.menu":"Search Menu","shop.header.search.autocomplete.title.services":"Service","price.refPriceAriaLabel":"More information","general.active.customer.zooplus":"10","general.info.additional.shippingcosts":"Additional \u003ca href=\"javaScript:content_box_open(\u0026apos;shippingcosts\u0026apos;);\"\u003eshipping costs\u003c/a\u003e may apply.","shop.header.callcenter":"+44 1865 951301","search.exorbyte.toolbar.sortBy.rating":"Reviews","productReview.reviewcount.for":"{0} reviews for","productDetail.tabs.title.ingredients":"Ingredients","shop.header.multilanguage.accessible.text":"Change language to ${language}","shop.advantages-box.heading":"Your benefits","search.exorbyte.results.noResultsTitle":"We’re sorry, but we couldn’t find any matches for \u003ci\u003eyour search term\u003c/i\u003e","productReview.reviewcount.for.singular":"{0} review for","accessibility.decrease.cart.quantity":"Decrease quantity in basket","catalog.explore.pdp.review.fetchError.details":"The content could not be loaded. Please try again later.","stockreminder.thanks":"Thank you for your interest. \u003cbr/\u003e We'll let you know when this item is back in stock again. We hope you enjoy the rest of your shopping at zooplus!","mzp.reorder.article.personalized.discount.badge":"Flash Deal","shop.header.minicart.flyout.empty.header":"Your Shopping Basket is empty :(","search.exorbyte.results.numResultsPhrase":"{{res_from}} - {{res_to}} of {{res_total}} products","productDetail.back.title":"back","leaveFeedback.rating.title":"Your rating","general.error.title":"Error","price.abd.discount.label":"discount","shop.header.burger.navigation.all.products":"All categories","expectedDeliveryDate.link":"more","general.terms.termsofuse":"Terms of Use","product.rating.sort.bydate":"Newest first","shop.header.account.orderoverview":"My orders","shop.header.account.flyout.accessible.description":"Press ENTER to open \"my zooplus\" menu","viewFeedback.link.text":"Write your review","shop.header.app.banner.subline":"Available in App Store","product.actions":"On Sale Now","search.exorbyte.toolbar.sortBy.newest":"Newest","shop.product.article.discount.inactive":"Apply voucher - save {0}","shop.header.main.navigation.category.accessible.button.label":"Open category menu","general.more.information":"...further information","price.standard":"Was","accessibility.cart.item.count":"Number of items","shop.header.account.overview":"my zooplus","catalog.explore.pdp.review.disclaimer.translated":"Translated from {0} by zooplus","variant.list.article.label":"Choose item","search.filter.show-more":"Show all filters","shop.header.search.autocomplete.title.suggestion":"Search suggestions for","variant.list.article.count":"{count} options","autoshipment.socialproof":"{socialProof}+ subscriptions already created","variant.add.to.cart.autoshipment":"Item added as zooplus Repeat to basket","shop.discover.level3.link_cloud.heading":"Haven't found what you're looking for?","shop.header.top.reorder":"Re-order","variant.returnpolicy.url":"https://support.zooplus.co.uk/en/support/solutions/76000004043#Returns%E2%80%AF\u0026_Claims__UK__Returns","shop.advantages-box.usp1":"Activate zooplus Repeat and save 5% every time","shop.advantages-box.usp3":"Over 8000 products to choose from","shop.advantages-box.usp2":"Trusted by over 10 million customers","detailsDisplay.review.number":"{0,choice,0#{0} reviews|1#1 review|1\u003c{0} reviews}","backToPDP.link.text":"Back to product","shop.discover.total.products.number":"{0} products","autoshipment.icon.alt":"autoshipment-icon","search.filter.submit":"Submit","shop.header.burger.navigation.all.categories":"All categories","product.article.discount.inactive":"Apply voucher - Save","upvote.tooltip.title":"Helpful","catalog.explore.pdp.customerpicture.number":"{count} customer photos","leaveFeedback.required":"Required fields","general.button.next":"Next","general.emailaddress":"Email Address","shop.header.minicart.flyout.empty.text":"There are no products in your shopping basket","catalog.explore.pdp.customerpicture.number_other":"{count} customer photos","general.show-less":"less","leaveFeedback.pageText":"We would like to remind you that product reviews are for exchange of experiences between zooplus customers about a specific product. \u003cb\u003eFor any product-related enquiries we ask that you\\n\u003ca href=\"{1}\"\u003econtact us\u003c/a\u003e. \u003c/b\u003e","product.rating.sort.upvotes":"Most Helpful first","shop.public.soft-redirect.label.redirect.site":"Go to {0}","general.field":"The field {0} must be a minimum of {1} characters with a maximum length of {2} characters.","general.price.allPricesWithTax":"All prices include statutory VAT. ","shop.header.search.autocomplete.separator":"» in","search.exorbyte.show.products.text":"See {0} products","expectedDeliveryDate.dso.link":"More information","pictureUpload.display.showMorePictures":"Show more photos","shop.header.categories.all.products.link":"View all","shop.discover.all.products":"All products","general.button.close":"Close","product.leaveFeedback.rating.verygood":"very good","autoshipment.info.label":"Save up to \u003cb\u003e35%\u003c/b\u003e discount on your first order","general.error.generic":"Oops, something went wrong","shop.header.minicart.flyout.header":"Your Shopping Basket","catalog.discover.plp.view-product-details":"View product details","catalog.discover.plp.view-variants":"View {0} variants","search.filter.show-less":"Show fewer filters","general.sponsored.products":"Sponsored","leaveFeedback.agreeTerms.error":"Please agree to the terms of participation","general.show-more":"more","shop.product.article.discount.active":"Voucher applied - {0} deducted at checkout","productDetail.tabs.title.analyticalconstituents":"Analytical constituents","autoshipment.single.delivery":"One-time delivery","leaveFeedback.feedbackTitle.title":"Please enter a title for your review","detailDisplay.customerPictures.upload":"Upload your product photo","shop.header.account.reorder":"Re-order","review.total.number":"Overall Rating ({0})","shop.public.soft-redirect.label.current.site":"Stay at {0}","meta.default.description.site":"zooplus offers you the best Online Pet Shop experience. Save up to 50% on big brand pet supplies for cats, dogs and other pets. Get all you need at zooplus.","leaveFeedback.email.title":"Your email address","pictureUpload.display.breadcrumbTitle":"Customer pictures","product.leaveFeedback.rating.poor":"poor","product.details.seller.drawer.withdrawalPolicy":"Withdrawal","reset.filters.text":"Reset filters","search.exorbyte.facetSummary.displayName":"Your selection","header.service.reorder":"Re-Order","zooplus.tooltip.min30Days.text":"Lowest price in the 30 days prior to the discount","product.details.accessibility.notRated":"Not Rated","product.rating.sort.byworstrating":"Lowest rated","general.login":"Login","search.exorbyte.to":"to","price.supplierReduced":"Our Price","shop.product.article.discount.relative.label":"Save {0}","variant.add.to.cart":"Item already added to basket","zooplus.actualPrice.set_article_text":"Now","catalog.explore.pdp.review.fetchError.retryButton":"Retry","confirmedFeedback.successful":"Thank you for taking the time to review this product. Here at zooplus we check each review individually so your review will not appear immediately. We publish all reviews that are acceptable within our netiquette guidelines. Please see our \u003ca href=\"/content/help_product_evaluation\"\u003eReview Publication Policy\u003c/a\u003e for further information.","product.back.title":"back to product","general.search.productSearch":"Product search","leaveFeedback.productfeedback.title":"My Product Review","general.price.from":"from","search.exorbyte.results.noResultsMessage":"Please try your search again: check for any errors or try similar words. If you still can't find what you are looking for, please contact our \u003ca href=\"/contact_us/\"\u003ecustomer service team\u003c/a\u003e for assistance or to suggest that we add a specific product to our shop.","product.rating_one":"{0} star","shop.discover.filter.accordion.search.no_results":"No results found","price.megapackStandard":"Was","shop.header.search.label":"Search","leaveFeedback.pageIntroduction":"Did your pet enjoy this product? Share your feedback by posting a review. Product evaluations should provide relevant, helpful information - if you have any enquiries about the product please contact \u003ca href=\"{1}\"\u003ecustomer service\u003c/a\u003e.","pictureUpload.display.goToUpload":"Upload your photo now!","shop.header.search.placeholder":"Search the store","product.filter.by":"Filter by","productdetail.document.downloadLink":"Download {0}.{1}","productReview.inviteFirstReview":"Be the first to review this product.","stockreminder.error.conflict":"You've already registered with this email for this item","accessibility.increase.cart.quantity":"Increase quantity in basket","price.megapackReduced":"Now","product.details.seller":"Sold and shipped by our partner","leaveFeedback.name.title":"Your name","product.article.discount.active":"Voucher applied - Save","shop.dynamic-bundle.total-price":"Total price","homepage.cat.container.title":"Cat Shop","productDetail.tabs.title.documents":"Additional information","pictureUpload.display.sharePhotos":"Do you have a product photo of {0} that you want to share?","shop.header.app.banner.text":"The zooplus app","shop.private.label.product.text.localized":"zooplus choice","search.exorbyte.facet.category":"Select category","shop.header.top.account":"my zooplus","product.details.stockreminder.notavailable":"Sold out","catalog.explore.pdp.review.fetchError.header":"Something went wrong","general.form.send":"Send","price.supplierStandard":"RRP*","pictureUpload.display.title":"{0} customer product photos for","shop.product.expected.availability":"Due back in stock in {0} days - approx. {1}","shop.header.search.autocomplete.title.products":"Products","stockreminder.header":"Currently out of stock","productDetail.link.to.analyticalconstituents":"Go to analytical constituents","product.details.seller.drawer.title":"Seller information","variant.returnpolicy.label":"Return Policy","shop.header.top.help":"Contact us","catalog.explore.pdp.review.disclaimer.copied":"Originally published in {0}","homepage.dog.container.title":"Dog Shop","product.category.specialoffer":"Special Offers","general.deliveryDate":"Delivery Date","leaveFeedback.title2":"Your review of","productReview.latest.reviews":"Latest user reviews","price.metaStandardDiscountPrice":"Now","shop.private.label.product.text":"zooplus choice","price.metaReducedPrice":"Was","product.details.stockreminder.notifyme":"Notify me when available","search.filter.cancel":"Cancel","leaveFeedback.publicViewable":"Display your name with this review","search.exorbyte.toolbar.sortBy.relevance":"Top sellers","shop.discover.filter.accordion.search.placeholder":"Search","variant.selection.discountPresenceIndicator":"% Voucher available","mzp.reorder.article.personalized.discount.inactive":"Click to unlock deal","product.morePictures":"More photos ({0})","shop.header.cart.button.label":"Shopping Basket","variant.selection.placeholder":"Please select an option","variant.customerpicture.allpictures":"See all photos","search.exorbyte.toolbar.sortBy.highestPrice":"Highest price","catalog.explore.pdp.review.number_one":"{count} review","shop.header.account.logout":"Logout","shop.header.accessible.logo.alternative":"zooplus logo","leaveFeedback.comments.title":"Type your review in the space below","stockreminder.termsofuse.text":"You agree that availability notifications will be sent to the email address provided. If the desired product is not available within a certain time frame, zooplus will inform you, and may send you suitable product recommendations or vouchers up to 30 days after your request for notification. For more information, please see our \u003ca href=\"/info/legal/privacy\" target=\"_blank\"\u003ePrivacy Policy\u003c/a\u003e.","general.email.error":"The email address you entered appears to be incorrect.","homepage.title.site":"Pet Supplies at zooplus Online Pet Shop, Pet Food \u0026 Pet Accessories.","shop.general.info":"\u003ca href=\\\" /info/about/free_delivery\\\"\u003e \u003cb\u003eFREE Delivery on ALL Orders* \u003e\u003e\u003c/b\u003e\u003c/a\u003e","shop.header.account.customerId":"Customer Number","search.filter.head":"Filter by","shop.header.minicart.flyout.button":"Go to Basket"},"settings":{"IOS_APP_ID":"582639260","catalog.discover.pricing-tooltip.enabled":"false","shop.codesnippet.maxymiser":"\u003cstyle\u003e .v3-h3 { font-size: var(--z-font-size-xl); line-height: 1.222222;} \u003c/style\u003e","shop.expected_delivery_date.max":"5","shop.expected_delivery_date.min":"1","shop.pdp.gshopping.merchant-return-days":"14","shop.public.seo.accordion.enabled.pages":"homepage,l2,l3,l4","shop.public.soft-redirect.expiration-days":"60","shop.public.soft-redirect.max-displays":"0","variant.returnpolicy.url":"https://support.zooplus.com/en/support/solutions/articles/76000048439-how-do-i-return-an-item-"},"toggles":{"shop.delivery_estimation.enabled":true,"shop.pdp.add-to-wishlist.enabled":true,"shop.pdp.review-section.enabled":false,"shop.public.article-based-discount.enabled":true,"shop.public.bonus-points.enabled":true,"shop.showBonusPoints.enabled":true},"bannerEndpoints":{"left":"https://content-bff.cmsp.ext.aws.zooplus.io/side-banner/v1/zooplus.com/en-GB/PDP/320606/L","discount":"https://content-bff.cmsp.ext.aws.zooplus.io/discount-banner/v1/zooplus.com/en-GB/main"},"recommendationBundle":{"bundles":[]},"customerPictures":{"customerPictureCount":0,"thumbnails":[]},"customerPicturesInfo":[],"autoShipmentComponent":{"title":"zooplus Repeat","ctaMessage":"Learn More","autoShipmentItems":["Save 5% on all zooplus Repeat items","Flexible adjustment of delivery intervals","Amend, pause or cancel at any time"],"popUpDescription":"Run out of pet food again? Regular scheduled deliveries save your time and money.","autoShipmentPopUpItems":[{"text":"You'll receive notification 5 days before your next zooplus Repeat delivery","icon":"Percent symbol in circle"},{"text":"Add one-time delivery items to your regular zooplus Repeat order","icon":"Auto Shipment logo"},{"text":"Cancel at any time, with no prior notice or additional costs","icon":"Pencil"}],"termsAndConditions":"Move further items from basket to zooplus Repeat order to reach €19.00 minimum order value.","landingPageButtonText":"Learn More","landingPageTargetLink":"https://www.zooplus.com/info/about/subscription","closeButtonText":"Close"},"reviews":[]},"contentfulComponents":{},"isGoogleShoppingCustomer":false,"variantIdFromUrl":null,"variantIdStoredInCookie":null,"activeVariantFromUrl":null}},"__N_SSP":true},"page":"/","query":{"domain":"zooplus.com","shopIdentifier":"1946560","path":"/shop/cats/canned_cat_food_pouches/encore/cans","language":""},"buildId":"gRV7b6C-OmxfwfAY_p4KS","runtimeConfig":{"STAGE":"prod","publicSearchApi":"/hopps-search/api","recommendationApiBaseUrl":"/zootopia-recommender/api/","apiBaseUrl":"/","APPLICATION_PROFILE":"production"},"isFallback":false,"gssp":true,"customServer":true,"scriptLoader":[]}</script><div id="portal-header-flyout"><div data-zta="shop-header-dark-overlay" data-show="false" class="DarkOverlay-module_darkOverlay__OF542"></div></div><script src="https://mkt-tech.omt-services.com/script-loader/main.js" data-nscript="afterInteractive"></script><script type="text/javascript" id="zootopiaMeta" data-nscript="afterInteractive">
    var zootopia = {
        pageType: "PRODUCT",
        siteId: "2"
    };
    var zootopiaRecoParams = {
        enabled: "true",
        pageType: "web_pdp",
        endpoint: "/zootopia-recommender/api/v2/sites/2/en/pages/web_pdp/recommendations",
        queryParams: {product_id:"1946560", "pg4_ids":null, "pg5_ids":320606}
    };
</script><next-route-announcer data-sleek-node-id="0c8d3f"><p aria-live="assertive" id="__next-route-announcer__" role="alert" style="border: 0px; clip: rect(0px, 0px, 0px, 0px); height: 1px; margin: -1px; overflow: hidden; padding: 0px; position: absolute; width: 1px; white-space: nowrap; overflow-wrap: normal;" data-sleek-node-id="8d3f90"></p></next-route-announcer><script src="https://adtm-assets.public.zooplus.net/f26cfb49ba51/f5630916434d/launch-828d37a9a330.min.js" id="__adobe_launch_tracking" defer="" data-loaded="true"></script><script>_satellite["_runScript1"](function(event, target, Promise) {
    function getCookie(name) {
        return document.cookie.split('; ').find((row) => row.startsWith(`${name}=`));
    }

    (function scriptLoader() {
        try {
            if (getCookie('OneTrust_PerformanceCookies').endsWith('YES')) {
                var sessAdb = typeof localStorage === 'object' && JSON.parse(localStorage.getItem('sess_adb')) || false;

                if (typeof sessAdb === 'object' && sessAdb.page_count === 1) {
                    _satellite.track('OneTrust_Performance', { init: true });
                    _satellite.track('OneTrust_Performance_Init');
                } else {
                    _satellite.track('OneTrust_Performance', { init: false });
                }

                adobe.optIn.approve(['aa', 'ecid', 'target'], true);
                adobe.optIn.complete();
            } else {
                adobe.optIn.deny(['aa', 'ecid', 'target'], true);
                adobe.optIn.complete();
            }

            if (getCookie('OneTrust_FunctionalCookies').endsWith('YES')) {
                _satellite.track('OneTrust_Functional');
            }

            if (getCookie('OneTrust_TargetingCookies').endsWith('YES')) {
                var sessAdbTarg = typeof localStorage === 'object' && JSON.parse(localStorage.getItem('sess_adb')) || false;

                if (typeof sessAdbTarg === 'object' && sessAdb.page_count === 1) {
                    _satellite.track('OneTrust_Targeting', { init: true });
                    _satellite.track('OneTrust_Targeting');
                } else {
                    _satellite.track('OneTrust_Targeting', { init: false });
                }
            }

        } catch (e) {
            console.log('Error retrieving consent cookies' + e)
        }
    })();
});</script><style type="text/css">
    @media only screen and (max-width: 543px) {
        div[data-contentful-channel="mobile"] .uxt-discount-banner.wide-version.uxt-component.zooplus{
            margin-top: 15px;
        }
    }
</style><script>_satellite["_runScript2"](function(event, target, Promise) {
    (function () {
        var hopps = document.createElement('script');

        hopps.type = 'text/javascript';
        hopps.async = true;

        var isProd = _satellite.environment.stage === 'production';
        if (isProd) {
            hopps.src = 'https://cdn.public.zooplus.net/media/hopps-assets/events/js/hopps-search-engine.min.js';
        } else {
            hopps.src = 'https://cdn-dev.public.zooplus.net/media/hopps-assets/events/js/hopps-search-engine.min.js';
        }

        document.head.appendChild(hopps);
    })();
});</script><script>_satellite["_runScript3"](function(event, target, Promise) {
    window.ApplePayTracking = function(trackType, errorCode){

        switch(trackType){

            case 'PaymentSheetOpen':
                SendAdobeData('customClickTrack', 'Payment', 'ApplePay', trackType)
                break;

            case 'PaymentSheetCloseOK':
                SendAdobeData('customClickTrack', 'Payment', 'ApplePay', trackType)
                break;

            case 'PaymentSheetCloseKO':
                SendAdobeData('customClickTrack', 'Payment', 'ApplePay', trackType)
                break;

            default:
                console.log('Apple Pay AA - Wrong Action');
                break;
        }
        return true;
    }
});</script><script>_satellite["_runScript4"](function(event, target, Promise) {
    (function () {
        var leto = document.createElement('script');

        leto.type = 'text/javascript';
        leto.async = true;

        var isProd = _satellite.environment.stage === 'production'
        if (isProd) {
            leto.src = 'https://cdn.public.zooplus.net/media/leto-assets/js/leto-min.js';
        } else {
            leto.src = 'https://cdn-dev.public.zooplus.net/media/leto-assets/js/leto-min.js';
        }

        document.head.appendChild(leto);
    })();

});</script><script>_satellite["_runScript5"](function(event, target, Promise) {
    window.BraintreeTracking = function(trackType, statusCode){

        switch(trackType){

            case '3DSsubmitOK':
                s.events = s.apl(s.events, 'event440', ',', 1);
                s.linkTrackEvents = s.apl(s.linkTrackEvents, 'event440', ',', 1);
                s.tl(this,'o','BrainTree 3DS submit OK');
                s.clearVars();
                break;

            case '3DSdisplay':
                s.events = s.apl(s.events, 'event439', ',', 1);
                s.linkTrackEvents = s.apl(s.linkTrackEvents, 'event439', ',', 1);
                s.tl(this,'o','BrainTree 3DS display');
                s.clearVars();
                break;

            case '3DScancel':
                s.events = s.apl(s.events, 'event438', ',', 1);
                s.linkTrackEvents = s.apl(s.linkTrackEvents, 'event438', ',', 1);
                s.tl(this,'o','BrainTree 3DS cancel');
                s.clearVars();
                break;

            case '3DSsubmitKO':
                s.events = s.apl(s.events, 'event441', ',', 1);
                s.linkTrackEvents = s.apl(s.linkTrackEvents, 'event441', ',', 1);
                s.tl(this,'o','BrainTree 3DS submit KO - ' + statusCode);
                s.clearVars();
                break;

            case '3DSsubmitKObackend':
                s.events = s.apl(s.events, 'event442', ',', 1);
                s.linkTrackEvents = s.apl(s.linkTrackEvents, 'event442', ',', 1);
                s.tl(this,'o','BrainTree 3DS submit KO backend - ' + statusCode);
                s.clearVars();
                break;

            case 'BTformOK':
                s.events = s.apl(s.events, 'event443', ',', 1);
                s.linkTrackEvents = s.apl(s.linkTrackEvents, 'event443', ',', 1);
                s.tl(this,'o','BrainTree form OK');
                s.clearVars();
                break;

            case 'BTretryPopupErrorClose':
                s.events = s.apl(s.events, 'event446', ',', 1);
                s.linkTrackEvents = s.apl(s.linkTrackEvents, 'event446', ',', 1);
                s.tl(this,'o','BrainTree Popup Error Close');
                s.clearVars();
                break;

            case '3DSfrictionless':
                s.events = s.apl(s.events, 'event447', ',', 1);
                s.linkTrackEvents = s.apl(s.linkTrackEvents, 'event447', ',', 1);
                s.tl(this,'o','BrainTree 3DS Frictionless');
                s.clearVars();
                break;

            case 'force3DSchallenge':
                s.events = s.apl(s.events, 'event471', ',', 1);
                s.linkTrackEvents = s.apl(s.linkTrackEvents, 'event471', ',', 1);
                s.tl(this,'o','BrainTree force 3DSchallenge');
                s.clearVars();
                break;

            case '3DSskipOK':
                s.events = s.apl(s.events, 'event472', ',', 1);
                s.linkTrackEvents = s.apl(s.linkTrackEvents, 'event472', ',', 1);
                s.tl(this,'o','BrainTree 3DSskipOK');
                s.clearVars();
                break;

            case 'subscriptionFirst':
                if (statusCode||statusCode=='true'){
                    s.events = s.apl(s.events, 'event473', ',', 1);
                    s.linkTrackEvents = s.apl(s.linkTrackEvents, 'event473', ',', 1);
                }
                s.tl(this,'o','BrainTree subscriptionFirst:'+statusCode);
                s.clearVars();
                break;

            case 'cardType':
                s.events = s.apl(s.events, 'event474', ',', 1);
                s.linkTrackEvents = s.apl(s.linkTrackEvents, 'event474', ',', 1);
                s.eVar97=statusCode
                s.linkTrackVars=s.apl(s.linkTrackVars, 'eVar97', ',', 1);
                s.tl(this,'o','BrainTree cardType:'+statusCode);
                s.clearVars();
                break;
            default:
                console.log('BrainTree AA - Wrong Action');
                break;
        }
        return true;
    }
});</script><script>_satellite["_runScript6"](function(event, target, Promise) {
    window.addEventListener('onWriteReview', function () {
        SendAdobeData('write_review');
    });

    window.addEventListener('onViewReviews', function () {
        SendAdobeData('see_reviews');
    });

    window.addEventListener('onStockReminderClick', function (data) {
        const prodId = data.detail.shopIdentifier + '.' + data.detail.variantId;
        SendAdobeData('oos_click', prodId);
    });

    window.addEventListener('stockReminder', function (data) {
        const prodId = data.detail.product_id + '.' + data.detail.variant_id;
        SendAdobeData('stockReminder', prodId);
    });

    window.addEventListener('newAddBasket', function (data) {
        const productId = data.detail.shopIdentifier + '.' + data.detail.variantId;
        const price = data.detail.price ? parseFloat(data.detail.price.replace(',', '.').replace(/[^\d.]/g, '')) : '';
        const quantity = data.detail.quantity ? data.detail.quantity : '';
        let isPABD = data.detail.isPersonalizedArticleBasedDiscount && data.detail.voucherApplied ? 'isPABD' : '';
        const isABD = !data.detail.isPersonalizedArticleBasedDiscount && data.detail.voucherApplied ? 'ABD=true' : '';
        const isBundle = data.detail.isDynamicBundle ? 'true' : '';
        const aboEnabled = typeof data.detail.deliveryMethod === 'string' && data.detail.deliveryMethod !== 'single' ? 'true' : '';

        if (data.detail.isDynamicBundle) {
            const dynamicBundleItem = document.querySelector('div[data-zta="dynamic-bundle-item"][data-article-id="' + data.detail.articleId + '"]');
            if (dynamicBundleItem) {
                var link = dynamicBundleItem.getAttribute('data-product-link');
                isPABD += 'addedFromReco|' + _satellite.getVar('zootopia_urlparams', { url: link });
            }
        }

        SendAdobeData('newAddBasket', productId, price, quantity, isABD, '', isPABD, '', isBundle, aboEnabled);
    });

    window.addEventListener('newRemoveBasket', function (data) {
        const productId = data.detail.shopIdentifier + '.' + data.detail.variantId;
        const price = data.detail.price ? Math.abs(parseFloat(data.detail.price.replace(',', '.').replace(/[^\d.]/g, ''))) : '';
        const quantity = data.detail.quantity ? Math.abs(data.detail.quantity) : '';
        const aboEnabled = typeof data.detail.deliveryMethod === 'string' && data.detail.deliveryMethod !== 'single' ? 'true' : '';

        SendAdobeData('newRemoveBasket', productId, price, quantity, '', '', aboEnabled);
    });

    window.addEventListener('onArticleDiscountChecked', function (data) {
        const variant = data.detail.shopIdentifier + '.' + data.detail.variantId;

        s.linkTrackVars = 'events,products,prop1,prop2,prop18,prop47,prop48,eVar20,eVar22,eVar42,eVar53,eVar58,eVar59';
        s.linkTrackEvents = 'event283,event284';

        if (data.detail.voucherApplied) {
            s.events = 'event283';
            s.products = ';' + variant + ';;;' + 'event283=1;';
        } else {
            s.events = 'event284';
            s.products = ';' + variant + ';;;' + 'event284=1;';
        }

        s.tl(this, 'o', 'article_based_discount_checkbox');
        s.clearVars();
    });

    window.addEventListener('onPersonalizedArticleBasedDiscountChecked', function (data) {
        const variant = data.detail.shopIdentifier + '.' + data.detail.variantId;

        s.linkTrackVars = 'events,products,prop1,prop2,prop18,prop47,prop48,eVar20,eVar22,eVar42,eVar53,eVar58,eVar59';
        s.linkTrackEvents = 'event289,event290';

        if (data.detail.personalized) {
            s.events = 'event289';
            s.products = ';' + variant + ';;;' + 'event289=1;';
        } else {
            s.events = 'event290';
            s.products = ';' + variant + ';;;' + 'event290=1;';
        }

        s.tl(this, 'o', 'personalized_article_based_discount_checkbox');
        s.clearVars();
    });

    window.addEventListener('onDeliveryMethodChange', function (data) {
        s.linkTrackVars = 'events,products,prop1,prop2,prop18,prop47,prop48,eVar20,eVar22,eVar42,eVar53,eVar58,eVar59';
        s.linkTrackEvents = 'event297,event298';
        s.events = data.detail.deliveryMethod === 'autoshipment' ? 'event297' : 'event298';
        s.products = ';' + data.detail.articleId + '.' + data.detail.variantId;
        s.tl(this, 'o', 'abo_change_delivery_method');
        s.clearVars();
    });
});</script><script>_satellite["_runScript7"](function(event, target, Promise) {
    const{referrer:referrer}=document,{pathname:pathname,search:search}=document.location;let sessAdb=!1;if(location.hostname.includes("login"))if(void 0!==_satellite.cookie.get("t_ctid")){var ctidExpire=new Date(parseInt(_satellite.cookie.get("t_ctid").split("|")[0]));ctidExpire.setMonth(ctidExpire.getMonth()-1),ctidExpire.setMinutes(ctidExpire.getMinutes()+30),new Date(ctidExpire)>+new Date?_satellite.track("noCtCall"):_satellite.track("CtLogic")}else _satellite.track("CtLogic");else"object"==typeof localStorage&&(sessAdb=JSON.parse(localStorage.getItem("sess_adb"))),location.hostname.includes("zoochic-eu.ru")&&"object"==typeof sessAdb&&1===sessAdb.page_count?localStorage.setItem("ctidCall",+new Date):(null===localStorage.getItem("ctidCall")||parseInt(localStorage.getItem("ctidCall"))+18e5<+new Date||referrer.includes("google")||referrer.includes("bing")||referrer.includes("seznam")||referrer.includes("yandex")||search.includes("gclid")||search.includes("gbraid")||search.includes("wbraid")||search.includes("variantid"))&&void 0===_satellite.cookie.get("MOBILE_APP")&&!1===search.includes("mkt_source")||"invitations"===_satellite.getVar("content_group")&&"/invitations/overview"!==pathname?_satellite.track("CtLogic"):(localStorage.setItem("ctidCall",+new Date),_satellite.track("noCtCall"));
});</script><script>_satellite["_runScript8"](function(event, target, Promise) {
    void 0===window.fireSeq&&(window.fireSeq={pageView:{done:!1}}),_satellite.getVar("sid_resolver").then((e=>{_satellite.setVar("SID",e)})).catch((()=>{}));
});</script><script>_satellite["_runScript9"](function(event, target, Promise) {
    "use strict";function _toConsumableArray(e){return _arrayWithoutHoles(e)||_iterableToArray(e)||_unsupportedIterableToArray(e)||_nonIterableSpread()}function _nonIterableSpread(){throw new TypeError("Invalid attempt to spread non-iterable instance.\nIn order to be iterable, non-array objects must have a [Symbol.iterator]() method.")}function _unsupportedIterableToArray(e,r){var t;if(e)return"string"==typeof e?_arrayLikeToArray(e,r):"Map"===(t="Object"===(t=Object.prototype.toString.call(e).slice(8,-1))&&e.constructor?e.constructor.name:t)||"Set"===t?Array.from(e):"Arguments"===t||/^(?:Ui|I)nt(?:8|16|32)(?:Clamped)?Array$/.test(t)?_arrayLikeToArray(e,r):void 0}function _iterableToArray(e){if("undefined"!=typeof Symbol&&null!=e[Symbol.iterator]||null!=e["@@iterator"])return Array.from(e)}function _arrayWithoutHoles(e){if(Array.isArray(e))return _arrayLikeToArray(e)}function _arrayLikeToArray(e,r){(null==r||r>e.length)&&(r=e.length);for(var t=0,n=new Array(r);t<r;t++)n[t]=e[t];return n}window.addAdbListeners=function(e){function r(){var e=function(e){return 2!==(e="; ".concat(document.cookie).split("; ".concat(e,"="))).length?"":e.pop().split(";").shift()}("om_debug_domlistener");if("true"===e){for(var r=arguments.length,t=new Array(r),n=0;n<r;n++)t[n]=arguments[n];(e=[].slice.call(t)).unshift("%c attachEvent ".concat((new Date).toLocaleString()),"color: #e5e5e5; background: #66BB6A"),console.log.apply(this,e)}}for(var t=e.pages.length,n=0;n<t;n+=1)if(e.pages[n].identifier())for(var o=e.pages[n].selectors.length,a=function(){var t=e.pages[n].selectors[c],o=t.eventToListen||"click",a=function(e,t){if(!e)throw new Error("no element passed.");for(var n=[],o=t.length,a=0;a<o;a+=1){var c=e.querySelectorAll(t[a])||[];n=[].concat(_toConsumableArray(n),_toConsumableArray(c))}return r("returning merged nodelist",n),n}(document,t.domSelectors);if(!a.length)return r("".concat(t.name," - no elements found.")),1;r("".concat(t.name," - found elements: ").concat(a.length));for(var i=a.length,l=0;l<i;l+=1)!function(e){if("true"===a[e].dataset.omEventListener)return r("has already event:",a[e]);a[e].addEventListener(o,(function(n){r("".concat(o," ").concat(t.name),n),t.functionToExecute(n,e)}),{once:t.once||!1}),a[e].dataset.omEventListener="true",r("".concat(o," attached for ").concat(t.name),t,a[e])}(l)},c=0;c<o;c+=1)a();else r("page identifer does not match for: ".concat(e.pages[n].name))};
});</script><script>_satellite["_runScript10"](function(event, target, Promise) {
    const zooplusDomListenerConfig={pages:[{name:"Account Rewards",identifier:()=>"Account/RewardShop"===_satellite.getVar("page_type_extended"),selectors:[{name:"P50_ALL_ZOO_ALL_ACC-Rewards-Shop-Impression-Tracking_PLR",domSelectors:['div[data-grid-v3] > ul > li[class*="loy-bp-rws-articles-highlighted__item"]'],eventToListen:"click",functionToExecute:function(e){s.linkTrackVars="events,products,eVar20,eVar22,eVar59,prop1,prop2,prop48",s.events=s.apl(s.events,"event548",",",1);const t=e.currentTarget.id&&e.currentTarget.id.split("-")[1];t&&(s.products=";"+t+";;;event548=1;"),s.linkTrackEvents=s.apl(s.linkTrackEvents,"event548",",",1),s.tl(e.currentTarget,"o","Bonus Points - Reco element variant click")}}]},{name:"Rewards Shop PT/SI/IE",identifier:()=>"Account/RewardShop"===_satellite.getVar("page_type_extended")&&["zooplus.pt","zoohit.si","zooplus.ie"].some((e=>location.hostname.includes(e))),selectors:[{name:"Bonus points shutdown banner click",once:!0,domSelectors:["div.loy-bp-shutdown-banner__more"],eventToListen:"click",functionToExecute:function(){s.linkTrackVars="events,products,eVar20,eVar22,eVar59,prop1,prop2,prop48",s.events=s.apl(s.events,"event547",",",1),s.linkTrackEvents=s.apl(s.linkTrackEvents,"event547",",",1),s.tl(event.currentTarget,"o","Bonus Points - Shutdown Banner click")}}]},{name:"Search Bar DE",identifier:()=>location.hostname.includes("zooplus.de"),selectors:[{name:"P50_ALL_ZOO_ALL_Search-Bar-Additional-Tracking_PLR",once:!0,domSelectors:['div form[name*="miniSearchBox"]'],eventToListen:"click",functionToExecute:function(){SendAdobeData("search_bar_first_click")}}]},{name:"Account Overview",identifier:()=>"Account"===_satellite.getVar("page_type"),selectors:[{name:"P50_ALL_ZOO_ALL_ACC_Pet-Services-Click-Tracking",domSelectors:['div[class*="PetServicesWidget-module_buttons"] a[data-zta="ButtonAnchorUIC"]'],eventToListen:"click",functionToExecute:function(e){const t=e.currentTarget.innerText,o=e.currentTarget.getAttribute("data-my-account-component");t&&SendAdobeData("customClickTrack","Account","Pet Service click",t+"^val2:"+o)}}]},{name:"Account Coupons App Exclusive Discount",identifier:()=>!_satellite.cookie.get("MOBILE_APP")&&"account_coupons"===_satellite.getVar("content_group")&&["zooplus.fr","zoohit.cz"].some((e=>location.hostname.includes(e))),selectors:[{name:"Go to App button",domSelectors:['a[id="coupons-go-to-app-button"]'],eventToListen:"click",functionToExecute:function(){SendAdobeData("customClickTrack","Account","Coupons","go_to_app_exclusive_discount")}}]}]},zooplusDomCheck=setInterval((function(){void 0!==window.addAdbListeners&&(window.addAdbListeners(zooplusDomListenerConfig),clearInterval(zooplusDomCheck))}),1e3);
});</script><script>_satellite["_runScript11"](function(event, target, Promise) {
    function observeNode(e,o,r){new IntersectionObserver(((e,t)=>{e.forEach((e=>{e.isIntersecting&&(o(e.target),r||t.unobserve(e.target))}))}),OPTIONS).observe(e)}const OPTIONS={threshold:1};window.componentImpressionTracker=function(e){Array.isArray(e)&&e.forEach((e=>{const{selectors:o,functionToExecute:r,watch:t}=e;document.querySelectorAll(o).forEach((e=>observeNode(e,r,t)))}))};
});</script><script>_satellite["_runScript12"](function(event, target, Promise) {
    function getDynamicElement(e,t,o){return new Promise(((n,r)=>{const c=e||document.body,a=c.querySelector(t);if(a)return void n(a);const d=new MutationObserver((()=>{const e=c.querySelector(t);e&&(d.disconnect(),n(e))}));d.observe(c,{childList:!0,subtree:!0}),o&&setTimeout((()=>{d.disconnect(),r()}),o)}))}function searchSponsoredProducts(e,t){const o=e.querySelectorAll(t);if(o.length){const e=Array.from(o).map((e=>e.getAttribute("data-product-link")||e.getAttribute("href")));SendAdobeData("Zootopia - SPImpression",e)}}const documentRegion=document.querySelector('[data-zta="page-content"]');if(getDynamicElement(documentRegion,'div[data-name="container_1"][data-zta="recoSlider"]',3e3).then((e=>{searchSponsoredProducts(e,'a[href*="zootopia_rec=true"][href*="spn=1"]')})),"product-detail"===_satellite.getVar("content_group")){const e=documentRegion.querySelector('div[data-zta="dynamic-bundle"]');e&&searchSponsoredProducts(e,'div[data-zta=dynamic-bundle-item][data-product-link*="spn=1"]')}
});</script><script>_satellite["_runScript13"](function(event, target, Promise) {
    const commonDomListenerConfig={pages:[{name:"Homepage",identifier:()=>"homepage"===_satellite.getVar("content_group"),selectors:[{name:"Contentful Twin Teaser Banner Tracking",domSelectors:['div[data-zta="twin-teaser"] a[href*="analytics-id"]'],eventToListen:"click",functionToExecute:function(e,t){s.linkTrackVars="events,eVar20,eVar22,eVar59,eVar128,eVar129,prop1,prop2,prop48";const n=s.Util.getQueryParam("analytics-id",e.currentTarget.href)||"analyticsId not found";0===t?(s.linkTrackEvents=s.apl(s.linkTrackEvents,"event186",",",1),s.events=s.apl(s.events,"event186",",",1),s.eVar128=n):1===t&&(s.linkTrackEvents=s.apl(s.linkTrackEvents,"event188",",",1),s.events=s.apl(s.events,"event188",",",1),s.eVar129=n),s.tl(e.currentTarget,"o","Twin Teaser Banner - Click"),s.clearVars()}},{name:"Contentful Supplier Financed Banner Tracking",domSelectors:['div[data-testid="sf-middle-banner"] a[href*="analytics-id"]'],eventToListen:"click",functionToExecute:function(e){s.linkTrackVars="events,eVar20,eVar22,eVar59,eVar135,prop1,prop2,prop48";const t=s.Util.getQueryParam("analytics-id",e.currentTarget.href)||"analyticsId not found";s.linkTrackEvents=s.apl(s.linkTrackEvents,"event193",",",1),s.events=s.apl(s.events,"event193",",",1),s.eVar135=t,s.tl(e.currentTarget,"o","Supplier Financed Banner (Homepage) - Click"),s.clearVars()}}]},{name:"Category Level 2",identifier:()=>"category_level2"===_satellite.getVar("content_group"),selectors:[{name:"P50_ALL_ALL_CAT-LVL2-Click-Tracking_PLR",domSelectors:['a[data-zta="pg-category"], a[data-zta="pg-special-offer"]'],eventToListen:"click",functionToExecute:function(e){const{zta:t,pgTitle:n}=e.currentTarget.dataset;t&&n&&SendAdobeData("customClickTrack","Catalog","Grid Click",t+">"+n)}},{name:"P50_ALL_ALL_CAT-LVL2-Click-Tracking_PLR",domSelectors:["a[data-zta-analyticsID]"],eventToListen:"click",functionToExecute:function(e){const t=e.currentTarget.dataset.ztaAnalyticsid;t&&sessionStorage.setItem("grid-id",t)}},{name:"Contentful Supplier Financed Banner Tracking",domSelectors:['div[data-zta="contentful-supplier-financed-banner"] a[href*="analytics-id"]','div[class*="uxt-supplier-financed-middle-banner"] a[href*="analytics-id"]'],eventToListen:"click",functionToExecute:function(e){s.linkTrackVars="events,eVar20,eVar22,eVar59,eVar135,prop1,prop2,prop48";const t=s.Util.getQueryParam("analytics-id",e.currentTarget.href)||"analyticsId not found";s.linkTrackEvents=s.apl(s.linkTrackEvents,"event193",",",1),s.events=s.apl(s.events,"event193",",",1),s.eVar135=t,s.tl(e.currentTarget,"o","Supplier Financed Banner (Category Level 2) - Click"),s.clearVars()}}]},{name:"Category Level 3 Zooplus HU/ES/IT/SE and Bitiba DE/ES/IT",identifier:()=>["zooplus.hu","zooplus.es","zooplus.it","zooplus.se","bitiba.de","bitiba.es","bitiba.it"].some((e=>location.hostname.includes(e)))&&"category_level3"===_satellite.getVar("content_group"),selectors:[{name:"Category3-Buttons-Tracking",domSelectors:['a[data-zta="button-anchor"]'],eventToListen:"click",functionToExecute:function(e){var t=e.currentTarget.innerText;t&&SendAdobeData("customClickTrack","Category Level 3","Category click",t)}}]},{name:"Category Level 3/4",identifier:()=>["category_level3","category_level4"].some((e=>_satellite.getVar("content_group").includes(e))),selectors:[{name:"Contentful Supplier Financed Banner Tracking",domSelectors:['div[class*="uxt-middle-banner"] a[href*="analytics-id"]'],eventToListen:"click",functionToExecute:function(e,t){s.linkTrackVars="events,eVar20,eVar22,eVar59,eVar132,eVar135,prop1,prop2,prop48";const n=s.Util.getQueryParam("analytics-id",e.currentTarget.href)||"analyticsId not found";0===t&&(s.linkTrackEvents=s.apl(s.linkTrackEvents,"event203",",",1),s.events=s.apl(s.events,"event203",",",1),s.eVar132=n),1===t&&(s.linkTrackEvents=s.apl(s.linkTrackEvents,"event193",",",1),s.events=s.apl(s.events,"event193",",",1),s.eVar135=n),s.tl(e.currentTarget,"o","Supplier Financed Middle Banner (Category Level 3/4) - Click"),s.clearVars()}}]},{name:"Contentful Middle Banners",identifier:()=>["category_level2","category_level3","category_level4","special-offers"].some((e=>_satellite.getVar("content_group").includes(e))),selectors:[{name:"Contentful Middle Banner (M2)",domSelectors:['div[data-zta="uxt-middle-banner-m2"] a[href*="analytics-id"]'],eventToListen:"click",functionToExecute:function(e){s.linkTrackVars="events,eVar20,eVar22,eVar59,eVar132,prop1,prop2,prop48",s.linkTrackEvents="event203",s.events="event203",s.eVar132=s.Util.getQueryParam("analytics-id",e.currentTarget.href)||"analyticsId not found",s.tl(e.currentTarget,"o","Contentful Middle Banner (M2) - Click"),s.clearVars()}},{name:"Contentful Middle Banner (M3)",domSelectors:['div[data-zta="uxt-middle-banner-m3"] a[href*="analytics-id"]'],eventToListen:"click",functionToExecute:function(e){s.linkTrackVars="events,eVar20,eVar22,eVar59,eVar142,prop1,prop2,prop48",s.linkTrackEvents="event178",s.events="event178",s.eVar142=s.Util.getQueryParam("analytics-id",e.currentTarget.href)||"analyticsId not found",s.tl(e.currentTarget,"o","Contentful Middle Banner (M3) - Click"),s.clearVars()}},{name:"Contentful Middle Banner (M4)",domSelectors:['div[data-zta="uxt-middle-banner-m4"] a[href*="analytics-id"]'],eventToListen:"click",functionToExecute:function(e){s.linkTrackVars="events,eVar20,eVar22,eVar59,eVar143,prop1,prop2,prop48",s.linkTrackEvents="event180",s.events="event180",s.eVar143=s.Util.getQueryParam("analytics-id",e.currentTarget.href)||"analyticsId not found",s.tl(e.currentTarget,"o","Contentful Middle Banner (M4) - Click"),s.clearVars()}}]},{name:"Search",identifier:()=>"search"===_satellite.getVar("content_group"),selectors:[{name:"Contentful Supplier Financed Banner Tracking",domSelectors:['div[class*="uxt-supplier-finance-side-banner"] a[href*="analytics-id"]'],eventToListen:"click",functionToExecute:function(e){s.linkTrackVars="events,eVar20,eVar22,eVar59,eVar135,prop1,prop2,prop48";const t=s.Util.getQueryParam("analytics-id",e.currentTarget.href)||"analyticsId not found";s.linkTrackEvents=s.apl(s.linkTrackEvents,"event193",",",1),s.events=s.apl(s.events,"event193",",",1),s.eVar135=t,s.tl(e.currentTarget,"o","Supplier Financed Banner (Search) - Click"),s.clearVars()}}]},{name:"Checkout Preview",identifier:()=>location.pathname.includes("/checkout/preview"),selectors:[{name:"P50_ALL_ALL_CHK-Preview_Analytics-Tracking_PLR",domSelectors:['[data-zta="enterCouponBtn"]'],eventToListen:"click",functionToExecute:function(){SendAdobeData("Checkout: Click in Add Coupon")}},{name:"P50_ALL_ALL_CHK-Preview_Analytics-Tracking_PLR",domSelectors:["form#newCouponCode"],eventToListen:"submit",functionToExecute:function(){SendAdobeData("Checkout: Coupon Redeem - Click")}},{name:"P50_ALL_ALL_CHK-Preview_Analytics-Tracking_PLR",domSelectors:[".info__message.js-overweight-modal-link > a"],eventToListen:"click",functionToExecute:function(){SendAdobeData("clickTrack","overweight:detail")}}]},{name:"Checkout preview CH",identifier:()=>location.pathname.includes("/checkout/preview")&&location.hostname.includes(".ch"),selectors:[{name:"P50_ALL_ALL_CHK-Preview_Analytics-Tracking_PLR",domSelectors:['[data-zta="placeOrderBtn"]'],eventToListen:"click",functionToExecute:function(){null!==document.querySelector("img[alt=TWINT]")&&SendAdobeData("customClickTrack","Payment","TWINT","Click in pay button")}}]},{name:"Checkout finish",identifier:()=>"Checkout/finish"===_satellite.getVar("Analytics_Page_type_ext"),selectors:[{name:"P50_ALL_ALL_CHK-Finish_Analytics-Tracking_PLR",domSelectors:['button[data-zta="savepassword"]'],eventToListen:"click",functionToExecute:function(){SendAdobeData("customClickTrack","Checkout","Finish Page","Guest registration box submit")}}]},{name:"Checkout Login/Register",identifier:()=>location.pathname.includes("/checkout/register")||location.pathname.includes("/checkout/login"),selectors:[{name:"P50_ALL_ALL_CHK-LoginNew_Analytics-Tracking_PLR",domSelectors:['button[data-zta="btnSubmitAccountSection"]'],eventToListen:"click",functionToExecute:function(){document.querySelector('[name="register.accountForm"] > .checkbox__wrapper.checked')&&SendAdobeData("nl_page_address")}}]},{name:"Account Button Go to Top",identifier:()=>!_satellite.cookie.get("MOBILE_APP")&&"Account"===_satellite.getVar("page_type")&&["login","/checkout/cart","/account/customer/editpayment"].every((e=>!location.pathname.includes(e))),selectors:[{name:"P90_ALL_ALL_ALL_Analytics-Click-Tracking_PLR",domSelectors:['div[id="btn-goTop"] > a'],eventToListen:"click",functionToExecute:function(){SendAdobeData("goBackToTop")}}]},{name:"Mini Cart Button & Newsletter Footer",identifier:()=>!_satellite.cookie.get("MOBILE_APP")&&!["Blog","Magazine","Veterinary","Invitations"].includes(_satellite.getVar("page_type"))&&["/checkout/cart","/account/customer/editpayment"].every((e=>!location.pathname.includes(e))),selectors:[{name:"P90_ALL_ALL_ALL_Analytics-Click-Tracking_PLR",domSelectors:['a[data-testid="cartFlyoutLink"]','a[data-testid="MiniCartLink"]'],eventToListen:"click",functionToExecute:function(){SendAdobeData("CartButton")}},{name:"P90_ALL_ALL_ALL_Analytics-Click-Tracking_PLR",domSelectors:['button[data-zta="newsletter_save"]','button[data-zta="subscription-button"]'],eventToListen:"click",functionToExecute:function(){SendAdobeData("nl_footer")}}]}]},commonDomCheck=setInterval((function(){void 0!==window.addAdbListeners&&(window.addAdbListeners(commonDomListenerConfig),clearInterval(commonDomCheck))}),1e3);
});</script><script>_satellite["_runScript14"](function(event, target, Promise) {
    try{window._mfq=window._mfq||[],_mfq.push(["setVariable",event.detail.abTool+"_"+event.detail.actName,event.detail.expName]),window.mouseflowPath=window.location.pathname+"/"+event.detail.actName+":"+event.detail.expName}catch(e){_satellite.logger.log("error sending test AB data to Mouseflow:"+e.message)}
});</script><script>_satellite["_runScript15"](function(event, target, Promise) {
    try{window._mfq=window._mfq||[],_mfq.push(["setVariable",event.detail.abTool+"_"+event.detail.actName,event.detail.expName]),window.mouseflowPath=window.location.pathname+"/"+event.detail.actName+":"+event.detail.expName}catch(e){_satellite.logger.log("error sending test AB data to Mouseflow:"+e.message)}
});</script><script>_satellite["_runScript16"](function(event, target, Promise) {
    "main"===event.dl_type?(_satellite.setVar("dl_main",!0),_satellite.track("DL_ready",{name:"Main datalayer Ready"})):"onetrust"===event.dl_type?_satellite.setVar("dl_onetrust",!0):_satellite.track("DL_ready",{name:"Direct call trigger"});
});</script><div id="onetrust-consent-sdk" data-nosnippet="true"><div class="onetrust-pc-dark-filter ot-hide ot-fade-in"></div><div id="onetrust-pc-sdk" class="otPcCenter ot-hide ot-fade-in" lang="en" aria-label="Preference center" role="region"><div role="dialog" aria-modal="true" style="height: 100%;" aria-label="Privacy Preference Centre"><!-- Close Button --><div class="ot-pc-header"><!-- Logo Tag --><div class="ot-pc-logo" role="img" aria-label="Company Logo"><img alt="Company Logo" src="https://cdn.cookielaw.org/logos/9320c072-eeb3-47d1-9caf-bda12a4818f6/0191a3c3-2b45-7ed3-8c82-a3445b6ae4b3/b8940eaa-4354-4575-a934-3475defe9030/zooplus-logo-2024.png"></div><button id="close-pc-btn-handler" class="ot-close-icon" aria-label="Close" style="background-image: url(&quot;https://cdn.cookielaw.org/logos/static/ot_close.svg&quot;);"></button></div><!-- Close Button --><div id="ot-pc-content" class="ot-pc-scrollbar"><div class="ot-optout-signal ot-hide"><div class="ot-optout-icon"><svg xmlns="http://www.w3.org/2000/svg"><path class="ot-floating-button__svg-fill" d="M14.588 0l.445.328c1.807 1.303 3.961 2.533 6.461 3.688 2.015.93 4.576 1.746 7.682 2.446 0 14.178-4.73 24.133-14.19 29.864l-.398.236C4.863 30.87 0 20.837 0 6.462c3.107-.7 5.668-1.516 7.682-2.446 2.709-1.251 5.01-2.59 6.906-4.016zm5.87 13.88a.75.75 0 00-.974.159l-5.475 6.625-3.005-2.997-.077-.067a.75.75 0 00-.983 1.13l4.172 4.16 6.525-7.895.06-.083a.75.75 0 00-.16-.973z" fill="#FFF" fill-rule="evenodd"></path></svg></div><span></span></div><h2 id="ot-pc-title">Privacy Preference Centre</h2><div id="ot-pc-desc">When you visit a website, it may retrieve or store data about your browser. This usually takes the form of cookies. This can be data about you, your settings or your device. In most cases, the data is used to ensure that the website is functioning as expected. This data cannot normally identify you personally. However, it can provide you with a more personalised web experience. As we respect your right to privacy, you can choose not to allow certain types of cookies. Click on the different category headings to find out more and change our default settings. However, blocking certain types of cookies may result in a compromised experience with the website and services we provide.
    <br><a href="https://www.zooplus.com/info/legal/privacy" class="privacy-notice-link" rel="noopener" target="_blank" aria-label="More information about your privacy, opens in a new tab">Further information</a></div><button id="accept-recommended-btn-handler">Agree and continue</button><section class="ot-sdk-row ot-cat-grp"><h3 id="ot-category-title"> Manage Consent Preferences</h3><div class="ot-accordion-layout ot-cat-item ot-vs-config" data-optanongroupid="1"><button aria-expanded="false" ot-accordion="true" aria-controls="ot-desc-id-1" aria-labelledby="ot-header-id-1 ot-status-id-1"></button><!-- Accordion header --><div class="ot-acc-hdr ot-always-active-group"><div class="ot-plus-minus"><span></span><span></span></div><h4 class="ot-cat-header" id="ot-header-id-1">Strictly Necessary Cookies</h4><div id="ot-status-id-1" class="ot-always-active">Always Active</div></div><!-- accordion detail --><div class="ot-acc-grpcntr ot-acc-txt"><p class="ot-acc-grpdesc ot-category-desc" id="ot-desc-id-1">These cookies are necessary for the website to function and cannot be switched off in our systems. They are usually only set in response to actions made by you which amount to a request for services, such as setting your privacy preferences, logging in or filling in forms. You can set your browser to block or alert you about these cookies, but some parts of the site will not then work. These cookies do not store any personally identifiable information.</p><div class="ot-hlst-cntr"><button class="ot-link-btn category-host-list-handler" aria-label="Cookie Details button opens Cookie List menu" data-parent-id="1">Cookies Details‎</button></div></div></div><div class="ot-accordion-layout ot-cat-item ot-vs-config" data-optanongroupid="2"><button aria-expanded="false" ot-accordion="true" aria-controls="ot-desc-id-2" aria-labelledby="ot-header-id-2"></button><!-- Accordion header --><div class="ot-acc-hdr"><div class="ot-plus-minus"><span></span><span></span></div><h4 class="ot-cat-header" id="ot-header-id-2">Performance Cookies</h4><div class="ot-tgl"><input type="checkbox" name="ot-group-id-2" id="ot-group-id-2" role="switch" class="category-switch-handler" data-optanongroupid="2" checked="" aria-labelledby="ot-header-id-2"> <label class="ot-switch" for="ot-group-id-2"><span class="ot-switch-nob"></span> <span class="ot-label-txt">Performance Cookies</span></label> </div></div><!-- accordion detail --><div class="ot-acc-grpcntr ot-acc-txt"><p class="ot-acc-grpdesc ot-category-desc" id="ot-desc-id-2">These cookies allow us to count visits and traffic sources so we can measure and improve the performance of our site. They help us to know which pages are the most and least popular and see how visitors move around the site. All information these cookies collect is aggregated and therefore anonymous. If you do not allow these cookies we will not know when you have visited our site, and will not be able to monitor its performance.</p><div class="ot-hlst-cntr"><button class="ot-link-btn category-host-list-handler" aria-label="Cookie Details button opens Cookie List menu" data-parent-id="2">Cookies Details‎</button></div></div></div><div class="ot-accordion-layout ot-cat-item ot-vs-config" data-optanongroupid="3"><button aria-expanded="false" ot-accordion="true" aria-controls="ot-desc-id-3" aria-labelledby="ot-header-id-3"></button><!-- Accordion header --><div class="ot-acc-hdr"><div class="ot-plus-minus"><span></span><span></span></div><h4 class="ot-cat-header" id="ot-header-id-3">Functional Cookies</h4><div class="ot-tgl"><input type="checkbox" name="ot-group-id-3" id="ot-group-id-3" role="switch" class="category-switch-handler" data-optanongroupid="3" checked="" aria-labelledby="ot-header-id-3"> <label class="ot-switch" for="ot-group-id-3"><span class="ot-switch-nob"></span> <span class="ot-label-txt">Functional Cookies</span></label> </div></div><!-- accordion detail --><div class="ot-acc-grpcntr ot-acc-txt"><p class="ot-acc-grpdesc ot-category-desc" id="ot-desc-id-3">These cookies enable the website to provide enhanced functionality and personalisation. They may be set by us or by third party providers whose services we have added to our pages. &nbsp; &nbsp;If you do not allow these cookies then some or all of these services may not function properly.</p><div class="ot-hlst-cntr"><button class="ot-link-btn category-host-list-handler" aria-label="Cookie Details button opens Cookie List menu" data-parent-id="3">Cookies Details‎</button></div></div></div><div class="ot-accordion-layout ot-cat-item ot-vs-config" data-optanongroupid="4"><button aria-expanded="false" ot-accordion="true" aria-controls="ot-desc-id-4" aria-labelledby="ot-header-id-4"></button><!-- Accordion header --><div class="ot-acc-hdr"><div class="ot-plus-minus"><span></span><span></span></div><h4 class="ot-cat-header" id="ot-header-id-4">Targeting Cookies</h4><div class="ot-tgl"><input type="checkbox" name="ot-group-id-4" id="ot-group-id-4" role="switch" class="category-switch-handler" data-optanongroupid="4" checked="" aria-labelledby="ot-header-id-4"> <label class="ot-switch" for="ot-group-id-4"><span class="ot-switch-nob"></span> <span class="ot-label-txt">Targeting Cookies</span></label> </div></div><!-- accordion detail --><div class="ot-acc-grpcntr ot-acc-txt"><p class="ot-acc-grpdesc ot-category-desc" id="ot-desc-id-4">These cookies may be set through our site by our advertising partners. They may be used by those companies to build a profile of your interests and show you relevant adverts on other sites. They do not store directly personal information, but are based on uniquely identifying your browser and internet device. If you do not allow these cookies, you will experience less targeted advertising.</p><div class="ot-hlst-cntr"><button class="ot-link-btn category-host-list-handler" aria-label="Cookie Details button opens Cookie List menu" data-parent-id="4">Cookies Details‎</button></div></div></div><div class="ot-accordion-layout ot-cat-item ot-vs-config" data-optanongroupid="6"><button aria-expanded="false" ot-accordion="true" aria-controls="ot-desc-id-6" aria-labelledby="ot-header-id-6"></button><!-- Accordion header --><div class="ot-acc-hdr"><div class="ot-plus-minus"><span></span><span></span></div><h4 class="ot-cat-header" id="ot-header-id-6">External advertising partners - Customer list</h4><div class="ot-tgl"><input type="checkbox" name="ot-group-id-6" id="ot-group-id-6" role="switch" class="category-switch-handler" data-optanongroupid="6" checked="" aria-labelledby="ot-header-id-6"> <label class="ot-switch" for="ot-group-id-6"><span class="ot-switch-nob"></span> <span class="ot-label-txt">External advertising partners - Customer list</span></label> </div></div><!-- accordion detail --><div class="ot-acc-grpcntr ot-acc-txt"><p class="ot-acc-grpdesc ot-category-desc" id="ot-desc-id-6">We use special mechanisms to address our users and customers with advertising. Existing profiles of our advertising partners are matched using (hashed) email addresses (so-called customer lists), which enables a targeted approach using interest-based adverts. </p><div class="ot-hlst-cntr"><button class="ot-link-btn category-host-list-handler" aria-label="Cookie Details button opens Cookie List menu" data-parent-id="6">Cookies Details‎</button></div></div></div><!-- Groups sections starts --><!-- Group section ends --><!-- Accordion Group section starts --><!-- Accordion Group section ends --></section></div><section id="ot-pc-lst" class="ot-hide ot-hosts-ui ot-pc-scrollbar"><div id="ot-pc-hdr"><div id="ot-lst-title"><button class="ot-link-btn back-btn-handler" aria-label="Back"><svg id="ot-back-arw" xmlns="http://www.w3.org/2000/svg" xmlns:xlink="http://www.w3.org/1999/xlink" x="0px" y="0px" viewBox="0 0 444.531 444.531" xml:space="preserve"><title>Back Button</title><g><path fill="#656565" d="M213.13,222.409L351.88,83.653c7.05-7.043,10.567-15.657,10.567-25.841c0-10.183-3.518-18.793-10.567-25.835
                    l-21.409-21.416C323.432,3.521,314.817,0,304.637,0s-18.791,3.521-25.841,10.561L92.649,196.425
                    c-7.044,7.043-10.566,15.656-10.566,25.841s3.521,18.791,10.566,25.837l186.146,185.864c7.05,7.043,15.66,10.564,25.841,10.564
                    s18.795-3.521,25.834-10.564l21.409-21.412c7.05-7.039,10.567-15.604,10.567-25.697c0-10.085-3.518-18.746-10.567-25.978
                    L213.13,222.409z"></path></g></svg></button><h3>Cookie List</h3></div><div class="ot-lst-subhdr"><div class="ot-search-cntr"><p role="status" class="ot-scrn-rdr"></p><input id="vendor-search-handler" type="text" name="vendor-search-handler" placeholder="Search…" aria-label="Cookie list search"> <svg xmlns="http://www.w3.org/2000/svg" xmlns:xlink="http://www.w3.org/1999/xlink" x="0px" y="0px" viewBox="0 -30 110 110" aria-hidden="true"><title>Search Icon</title><path fill="#2e3644" d="M55.146,51.887L41.588,37.786c3.486-4.144,5.396-9.358,5.396-14.786c0-12.682-10.318-23-23-23s-23,10.318-23,23
            s10.318,23,23,23c4.761,0,9.298-1.436,13.177-4.162l13.661,14.208c0.571,0.593,1.339,0.92,2.162,0.92
            c0.779,0,1.518-0.297,2.079-0.837C56.255,54.982,56.293,53.08,55.146,51.887z M23.984,6c9.374,0,17,7.626,17,17s-7.626,17-17,17
            s-17-7.626-17-17S14.61,6,23.984,6z"></path></svg></div><div class="ot-fltr-cntr"><button id="filter-btn-handler" aria-label="Filter" aria-haspopup="true"><svg role="presentation" aria-hidden="true" xmlns="http://www.w3.org/2000/svg" xmlns:xlink="http://www.w3.org/1999/xlink" x="0px" y="0px" viewBox="0 0 402.577 402.577" xml:space="preserve"><title>Filter Icon</title><g><path fill="#fff" d="M400.858,11.427c-3.241-7.421-8.85-11.132-16.854-11.136H18.564c-7.993,0-13.61,3.715-16.846,11.136
      c-3.234,7.801-1.903,14.467,3.999,19.985l140.757,140.753v138.755c0,4.955,1.809,9.232,5.424,12.854l73.085,73.083
      c3.429,3.614,7.71,5.428,12.851,5.428c2.282,0,4.66-0.479,7.135-1.43c7.426-3.238,11.14-8.851,11.14-16.845V172.166L396.861,31.413
      C402.765,25.895,404.093,19.231,400.858,11.427z"></path></g></svg></button></div><div id="ot-anchor"></div><section id="ot-fltr-modal"><div id="ot-fltr-cnt"><button id="clear-filters-handler">Clear</button><div class="ot-fltr-scrlcnt ot-pc-scrollbar"><div class="ot-fltr-opts"><div class="ot-fltr-opt"><div class="ot-chkbox"><input id="chkbox-id" type="checkbox" class="category-filter-handler"> <label for="chkbox-id"><span class="ot-label-txt">checkbox label</span></label> <span class="ot-label-status">label</span></div></div></div><div class="ot-fltr-btns"><button id="filter-apply-handler">Apply</button> <button id="filter-cancel-handler">Cancel</button></div></div></div></section></div></div><section id="ot-lst-cnt" class="ot-host-cnt ot-pc-scrollbar"><div id="ot-sel-blk"><div class="ot-sel-all"><div class="ot-sel-all-hdr"><span class="ot-consent-hdr">Consent</span> <span class="ot-li-hdr">Leg.Interest</span></div><div class="ot-sel-all-chkbox"><div class="ot-chkbox" id="ot-selall-hostcntr"><input id="select-all-hosts-groups-handler" type="checkbox"> <label for="select-all-hosts-groups-handler"><span class="ot-label-txt">checkbox label</span></label> <span class="ot-label-status">label</span></div><div class="ot-chkbox" id="ot-selall-vencntr"><input id="select-all-vendor-groups-handler" type="checkbox"> <label for="select-all-vendor-groups-handler"><span class="ot-label-txt">checkbox label</span></label> <span class="ot-label-status">label</span></div><div class="ot-chkbox" id="ot-selall-licntr"><input id="select-all-vendor-leg-handler" type="checkbox"> <label for="select-all-vendor-leg-handler"><span class="ot-label-txt">checkbox label</span></label> <span class="ot-label-status">label</span></div></div></div></div><div class="ot-sdk-row"><div class="ot-sdk-column"><ul id="ot-host-lst"></ul></div></div></section></section><div class="ot-pc-footer ot-pc-scrollbar"><div class="ot-btn-container"><button class="ot-pc-refuse-all-handler">Only necessary cookies</button> <button class="save-preference-btn-handler onetrust-close-btn-handler">Confirm my selection</button></div><!-- Footer logo --><div class="ot-pc-footer-logo"><a href="https://www.onetrust.com/products/cookie-consent/" target="_blank" rel="noopener noreferrer" aria-label="Powered by OneTrust Opens in a new Tab"><img alt="Powered by Onetrust" src="https://cdn.cookielaw.org/logos/static/powered_by_logo.svg" title="Powered by OneTrust Opens in a new Tab"></a></div></div><!-- Cookie subgroup container --><!-- Vendor list link --><!-- Cookie lost link --><!-- Toggle HTML element --><!-- Checkbox HTML --><!-- plus minus--><!-- Arrow SVG element --><!-- Accordion basic element --><span class="ot-scrn-rdr" aria-atomic="true" aria-live="polite"></span><!-- Vendor Service container and item template --></div><iframe class="ot-text-resize" sandbox="allow-same-origin" title="onetrust-text-resize" style="position: absolute; top: -50000px; width: 100em;" aria-hidden="true"></iframe></div></div><iframe src="https://login.zooplus.com/auth/realms/zooplus/protocol/openid-connect/login-status-iframe.html" title="keycloak-session-iframe" style="display: none;" data-sleek-frame-id="7f8747dd-7c22-4e5d-9c7b-9918be7a61ec"></iframe><script>_satellite["_runScript17"](function(event, target, Promise) {
    function gtag(){window.dataLayer.push(arguments)}const GA4_CONFIG=_satellite.getVar("ga4_configuration");if(!GA4_CONFIG)return;window.dataLayer=window.dataLayer||[],gtag("consent","default",{ad_storage:"denied",ad_user_data:"denied",ad_personalization:"denied",analytics_storage:"denied",wait_for_update:500});const CONSENT_MODE_CONFIG=_satellite.getVar("consent_mode_resolver");CONSENT_MODE_CONFIG&&(gtag("consent","update",CONSENT_MODE_CONFIG.consent),CONSENT_MODE_CONFIG.url_passthrough&&gtag("set","url_passthrough",!0));const script=document.createElement("script");script.type="text/javascript",script.src="https://www.googletagmanager.com/gtag/js?id="+GA4_CONFIG.ga4PropertyId,script.id=GA4_CONFIG.ga4PropertyId,script.addEventListener("load",(()=>{const t=new CustomEvent("gtagLoaded");window.dispatchEvent(t)})),document.body.appendChild(script),gtag("js",new Date),gtag("config",GA4_CONFIG.ga4PropertyId,{server_container_url:GA4_CONFIG.server});
});</script><script type="text/javascript" src="https://www.googletagmanager.com/gtag/js?id=G-WQGMZ03HML" id="G-WQGMZ03HML"></script><script>_satellite["_runScript18"](function(event, target, Promise) {
    function gtag(){window.dataLayer.push(arguments)}function buildViewItemData(a){return{visitor_id:a,send_to:[GA4_CONFIG.ga4PropertyId],server_container_url:GA4_CONFIG.server,currency:productDataLayer.currency,value:productDataLayer.defaultVariant.variant_price,items:[{item_id:productDataLayer.defaultVariant.sku,quantity:1}]}}const GA4_CONFIG=_satellite.getVar("ga4_configuration"),SOURCE_LOADED=new Promise((a=>{GA4_CONFIG&&document.getElementById(GA4_CONFIG.ga4PropertyId)?a():window.addEventListener("gtagLoaded",(()=>a()))})),productDataLayer=ObjectBuilding("productDataLayer");if(!productDataLayer||!productDataLayer.defaultVariant)return;window.dataLayer=window.dataLayer||[],Promise.all([_satellite.getVar("sid_resolver"),SOURCE_LOADED]).then((([a])=>{gtag("event","view_item",buildViewItemData(a))})).catch((()=>{}));
});</script><script>_satellite["_runScript19"](function(event, target, Promise) {
    const scriptRavelin=document.createElement("script");let environment;scriptRavelin.type="text/javascript",scriptRavelin.defer=!0,"production"===_satellite.environment.stage?(scriptRavelin.src="https://cdn.public.zooplus.net/tracking-script/ravelin.js",environment={api:"https://fraud-gateway-proxy.public.zooplus.net/",key:"publishable_key_live_Vr7SqPmBe57ud5fxfMCocMG2eiGQtN2PSU6d2q"}):(scriptRavelin.src="https://cdn-dev.public.zooplus.net/tracking-script/ravelin.js",environment={api:"https://fraud-gateway-proxy-dev.private.zooplus.net",key:"publishable_key_test_Vr7SqPFtZIRqqkzvLDRSACRQHuK76f0zSO7cJ5"}),scriptRavelin.addEventListener("load",(()=>{new Ravelin({api:environment.api,key:environment.key,cookieDomain:_satellite.getVar("shop_info").domain})})),document.body.appendChild(scriptRavelin);
});</script><script type="text/javascript" defer="" src="https://cdn.public.zooplus.net/tracking-script/ravelin.js"></script><script>_satellite["_runScript20"](function(event, target, Promise) {
    function getDynamicElement(e,t,o){return new Promise(((n,r)=>{const c=e||document.body,s=c.querySelector(t);if(s)return void n(s);const a=new MutationObserver((()=>{const e=c.querySelector(t);e&&(a.disconnect(),n(e))}));a.observe(c,{childList:!0,subtree:!0}),o&&setTimeout((()=>{a.disconnect(),r()}),o)}))}if(null===sessionStorage.getItem("controlBPBI")){getDynamicElement(document.querySelector('[data-zta="page-content"]'),'a[data-zta="mzp_overview_bonusprogram"]',3e3).then((()=>{SendAdobeData("BPBox_Impression"),sessionStorage.setItem("controlBPBI","true")})).catch((()=>{}))}
});</script><script>_satellite["_runScript21"](function(event, target, Promise) {
    !function(){if(!window.zootopia){var e=_satellite.getVar("shop_info").id;window.zootopia={siteId:e}}if(!!Array.from(document.querySelectorAll("script")).filter((function(e){return e.src.match(/(reco-engine).*((?:tracking|zootopia)-min)/)})).length)console.debug("ZT already loaded by Setting.");else{console.debug("Inserting ZT via Adb.");var t=document.createElement("script");t.type="text/javascript",t.async=!0,t.dataset.source="adb","production"===_satellite.environment.stage?t.src="https://cdn.public.zooplus.net/media/zootopia-assets/zootopia-min.js":t.src="https://cdn-dev.public.zooplus.net/media/zootopia-assets/zootopia-min.js",document.head.appendChild(t)}}();
});</script></body><div id="tcb-extension-uk-wrapper" style="z-index: 2147483647 !important; position: relative !important;"></div></html>